2694 4574
245 277 281 356 14
573 250 898 351 ursoursrrro
921 272 937 334 1

238 417 379 484 cumque
399 393 441 460 ad
460 395 586 482 epicam
609 411 642 458 et
667 393 876 459 dramaticam
897 417 1008 462 rerum
1036 397 1279 484 expositionem

239 501 367 588 egregie
388 517 473 564 esset
495 499 796 578 accommodatum,
817 501 851 564 in
873 517 1045 587 poetarum
1063 503 1141 567 inde
1174 508 1277 591 patri·
1337 477 1338 492 i

235 607 384 670 monium
401 604 483 670 illud
506 607 602 670 cessit
623 608 689 690 (1).
708 606 753 669 Ut
775 628 845 668 rem
870 605 1037 670 absolvam
1053 609 1175 688 verbo,
1203 613 1275 674 llo·
1337 599 1338 676 ἶ

235 713 356 777 nerico
381 713 513 800 iugenio
547 710 841 774 obstetricabantur
877 729 930 790 et,
957 727 994 775 ut
1019 714 1088 777 sine
1121 713 1275 779 doctrina

235 818 432 898 doctrinam,
451 819 520 882 sine
539 833 609 888 arte
627 833 731 880 artem
742 815 863 880 habere
878 815 1068 897 videretur,
1085 819 1281 884 alliciebant.

236 923 395 1012 plurima,
431 944 522 1012 quse,
554 923 581 986 si
605 922 649 986 'ab
680 923 742 986 isto
774 944 844 986 aevo
878 920 1084 1003 discesseris,
1120 926 1278 990 omnibns
1337 939 1338 942 ’

234 1032 340 1120 poetis
368 1028 480 1094 deesse
495 1050 637 1096 vnecesse
656 1045 714 1092 est.
740 1028 896 1114 Virgilius
917 1029 1027 1117 itaque
1041 1054 1061 1093 a
1082 1030 1188 1095 libero
1211 1033 1276 1097 isto

235 1137 357 1225 ingenii
378 1152 410 1199 et
423 1135 541 1199 mentis
560 1135 686 1222 impetu
703 1149 735 1198 et
758 1135 926 1221 praecipite
941 1152 1035 1198 motu
1057 1135 1275 1218 interclusus,

235 1259 268 1308 et
291 1259 340 1306 tot
367 1240 580 1304 enthusiasmi
606 1238 759 1319 fovendi,
784 1239 961 1318 excitandi,
987 1257 1019 1304 et
1046 1242 1276 1308 inflammandi

225 1346 438 1426 ,adminiculis
453 1345 642 1423 destitutus,
663 1346 811 1433 priorum
832 1344 1005 1434 poetarum
1026 1350 1184 1436 exemplis
1200 1366 1276 1413 tan-

231 1477 332 1544 quam
349 1452 502 1518 cancellis
521 1452 802 1539 circumscriptus,
833 1451 966 1538 ingenio
990 1453 1091 1517 frenis
1112 1454 1183 1544 jam
1201 1471 1276 1518 tum

231 1561 277 1624 ab
299 1558 472 1624 Aristotele
501 1557 637 1645 aliisque
660 1556 804 1646 injectis,
832 1556 873 1620 ah
899 1574 967 1621 arte
995 1581 1130 1624 necesse
1157 1559 1277 1623 hahuit

232 1683 344 1754 petere
366 1666 485 1727 omnia.
502 1661 575 1726 Alio
598 1663 652 1727 ille
667 1685 756 1741 aevo,
783 1661 825 1744 ab
841 1662 973 1728 heroica
996 1680 1090 1728 aetate
1109 1665 1210 1728 nimis
1225 1688 1276 1734 re·
1298 1705 1300 1710 -

232 1789 338 1847 moto,
355 1773 440 1834 inter
456 1769 689 1833 diversissimas
710 1768 899 1847 hominum,
914 1791 1042 1848 rernm,
1062 1787 1271 1858 temporum,

232 1880 382 1944 locorum
406 1899 444 1941 ac
469 1875 542 1940 coeli
564 1875 726 1953 rationes,
762 1897 846 1962 opus
876 1897 973 1938 suum
999 1892 1067 1939 erat
1091 1864 1272 1962 aggressus.

232 1985 308 2052 Sine
322 1980 479 2047 doctrinae
503 1997 535 2044 et
548 1981 659 2044 multae
685 2002 723 2044 ac
743 1979 839 2043 variae
867 1979 1017 2044 lectionis
1038 1981 1158 2070 copiis,
1182 1981 1274 2045 nulla
1337 1985 1338 2010 ³

229 2088 381 2178 jamtum
393 2085 515 2174 ingenii
529 2084 599 2148 laus
620 2102 697 2148 erat.
714 2087 829 2148 Fracto
841 2085 875 2148 in
888 2085 977 2150 hunc
994 2084 1132 2150 modum
1152 2087 1273 2150 mentis

234 2195 374 2282 impetu,
390 2208 500 2255 tamen
514 2190 566 2254 vel
581 2191 629 2255 sie
645 2213 801 2277 magnum
820 2191 892 2278 ejus
905 2192 1003 2254 etiem
1017 2191 1051 2254 in
1065 2191 1273 2283 inveniendis
1337 2217 1338 2238 1

231 2299 330 2365 rebus
354 2299 522 2383 ingenium
544 2319 583 2358 ex
605 2295 656 2358 his
674 2317 850 2382 agnoscas:
867 2297 1012 2360 Primum
1034 2295 1115 2360 vidit
1138 2315 1274 2363 'carmen

233 2406 363 2494 epicum
378 2401 592 2464 Homericum
608 2421 705 2486 posse
720 2399 834 2486 perfici
850 2415 883 2463 et
901 2401 1027 2480 ornari3
1045 2397 1115 2464 tum
1133 2399 1204 2488 ejus
1215 2404 1274 2466 trix

234 2531 304 2574 esse
326 2527 423 2595 posse
446 2519 676 2592 argumentum
702 2503 880 2586 idoneum,
905 2507 968 2569 nisi
993 2529 1032 2568 ex
1054 2505 1167 2569 ultima
1186 2509 1271 2570 anti·

233 2615 355 2703 quitate
369 2627 401 2674 et
420 2627 513 2674 111111
525 2609 664 2672 heroum
679 2612 828 2696 petitum.
853 2615 911 2676 Est
933 2613 1021 2676 enim
1041 2635 1061 2676 a
1081 2629 1196 2676 natura
1219 2637 1275 2679 ree
1337 2643 1338 2680 3

232 2724 502 2806 incomparata,
533 2735 569 2781 ut
601 2719 784 2804 priscorum
809 2720 1000 2799 hominum,
1029 2715 1134 2783 multo
1167 2722 1294 2808 magis·

231 2828 391 2904 heroum,
416 2825 486 2912 ipsa
514 2825 666 2905 nomina,
688 2847 740 2889 res
763 2842 861 2914 gestae
884 2841 917 2888 et
940 2827 1006 2888 fata
1031 2825 1128 2889 etiam
1148 2849 1210 2913 per
1234 2849 1272 2890 so

231 2955 299 2997 non
324 2929 409 2996 adeo
432 2930 675 3010 memorabilia,
703 2933 850 2996 animum
876 2929 1058 2994 humanum
1083 2926 1216 2994 teneaat
1237 2948 1273 2995 et

231 3037 448 3108 admiratione
460 3035 612 3100 alliciant.
633 3039 690 3100 Est
709 3059 809 3124 porro
824 3035 877 3098 illa
891 3051 984 3100 aetate
999 3055 1183 3100 morumne
1194 3037 1271 3100 vitae

231 3136 421 3232 simplicitas
431 3164 482 3221 ea,
499 3163 571 3230 quae
582 3142 748 3229 poeticum
760 3157 910 3206 ornatum
922 3140 1143 3228 sublimesque
1158 3160 1273 3204 rernm
1337 3219 1338 3222 Ἴ

266 3346 305 3418 (1)
315 3345 473 3418 Diligentius
489 3345 522 3396 ab
535 3363 566 3396 eo
579 3344 640 3398 inde
660 3356 724 3396 tem·
775 3347 867 3398 retusis
874 3345 1023 3416 mytltorum
1031 3355 1144 3396 veterum
1152 3344 1272 3416 physicis

231 3444 297 3498 pore
308 3424 319 3496 (
332 3445 348 3478 a
358 3427 447 3496 LXX)
460 3425 492 3476 de
504 3424 561 3488 his,
582 3442 639 3494 quta
656 3441 725 3476 sum·
752 3469 754 3472 .
777 3423 860 3494 1764(
869 3443 938 3478 nunc
946 3427 1073 3478 recusain
1083 3423 1207 3495 Opuscul.
1217 3427 1266 3476 To.

232 3525 302 3557 mam
317 3507 412 3557 veteris
424 3507 541 3575 poetices
557 3516 583 3555 et
598 3503 724 3574 mythicen
773 3506 798 3568 I,
810 3525 836 3574 p.
852 3505 995 3576 184)11(11
1007 3502 1168 3575 Apollodoro
1177 3515 1203 3555 et
1214 3501 1265 3554 litt.

232 3587 381 3649 continent,
395 3604 458 3636 ame
468 3596 555 3634 aetum
565 3594 603 3634 est
613 3581 725 3633 11101111-
773 3582 855 3652 mytlt.
881 3583 1052 3635 Commentat.
1081 3585 1109 3633 in
1139 3583 1201 3634 Not.
1232 3583 1271 3633 ad

231 3666 392 3717 mentatione
401 3665 433 3732 ple
440 3662 541 3734 oriqr'ne
549 3671 575 3711 et
582 3661 675 3713 caussis
677 3661 724 3732 fa·
773 3661 893 3732 Apollod.
904 3665 951 3713 To.
962 3665 1011 3727 111,
1020 3682 1046 3732 p.
1055 3655 1106 3732 '911
1118 3680 1157 3731 sq.
1167 3674 1193 3713 et
1201 3665 1270 3732 qua-
1337 3683 1338 3732 ᾗ

230 3743 354 3795 bolarum
372 3743 572 3794 Homericamm
593 3758 657 3810 1777
674 3744 684 3808 (
697 3743 724 3792 in
773 3754 833 3792 tuor
845 3743 1084 3794 Commentationes
1093 3741 1269 3793 inCommen·
1337 3801 1338 3806 7

231 3821 312 3874 Nouis
321 3821 517 3874 Commentariis
523 3821 579 3871 Soc.
588 3819 649 3892 Req.
661 3822 724 3872 Got-
773 3824 916 3874 tationibus
929 3821 986 3872 Soc.
1005 3824 1068 3896 Reg.
1085 3821 1202 3892 Gotting.
1215 3819 1266 3874 To.

233 3903 297 3973 tinq.
313 3903 342 3952 T.
359 3901 418 3952 Vlll
434 3900 453 3968 ).
467 3899 535 3950 Adel.
555 3901 673 3952 Prolusio
690 3901 723 3954 de
772 3904 839 3956 xlv.
854 3922 895 3955 an.
909 3901 1009 3954 XCVII.
