2724 4580
402 255 815 328 1AENE1D0sL113ER
839 263 864 328 1.
966 265 974 272 ”
1096 267 1158 334 sss

114 379 203 465 Quid
214 397 347 447 tantum
359 381 491 448 Oceano
504 401 684 472 properent
696 408 730 450 se
743 387 893 473 tinguere
906 385 997 480 soles·
1030 446 1036 452 ,
1112 401 1157 462 745

113 489 269 568 Hiberui‚
284 490 337 554 vel
350 511 423 578 quae
435 477 537 554 tardis
549 515 641 556 mora
653 491 805 557 noctibus
819 491 935 556 obstet,

107 593 324 681 Ingeminant
334 595 452 683 plausu
464 597 570 684 Tyrii,
584 577 756 684 Troesque
770 612 963 685 sequuntur.

110 699 179 764 Nec
192 722 261 762 non
274 715 307 764 et
319 700 409 764 vario
422 716 554 764 noctem
566 723 718 766 sermone
731 701 880 765 trahebat

111 803 231 868 Infelix
243 803 346 885 Dido,
360 806 564 899 longumque
576 807 710 871 bibebat
722 830 885 888 amorem;
929 795 930 800 ἵ

109 909 217 973 Multa
229 932 331 999 snper
341 911 470 975 Priamo
483 913 642 999 rogitem,
656 935 756 1000 super
768 915 911 977 Hectore
924 912 1042 977 multa:
1111 927 1157 986 750

108 1017 220 1097 Nunc,
234 1019 355 1107 quibus
368 1021 503 1084 Aurorae
515 1021 658 1085 venisset
670 1020 756 1084 filius
769 1020 885 1112 armis;
938 1098 940 1103 .

106 1124 219 1202 Nunc,
235 1124 348 1213 quales
361 1124 531 1190 Diomedis
544 1128 639 1216 equi:
653 1151 756 1207 nunc,
771 1143 912 1216 quantus
925 1125 1075 1190 Achilles.

108 1230 216 1293 Immo
228 1253 302 1318 age,
318 1246 350 1294 et
361 1254 380 1294 a
392 1233 511 1318 prima,
526 1231 593 1312 die,
606 1233 741 1321 hospes,
756 1235 882 1320 origine
895 1231 990 1296 nobis

106 1335 262 1415 Insidias,
276 1337 398 1424 inquit,
412 1339 576 1417 Danaum,
590 1361 751 1427 casusque
763 1354 910 1416 tuorum,

105 1441 312 1530 Erroresque
324 1457 416 1506 tuos:
430 1466 508 1506 nam
519 1443 629 1532 tejam
642 1445 781 1532 septima
792 1459 902 1531 portat
1108 1457 1151 1517 755

136 1614 190 1677 745.
210 1615 258 1674 Qui
267 1615 337 1662 Goth.
354 1633 399 1663 sec.
415 1628 539 1681 properant
547 1631 593 1665 tres
604 1620 739 1665 Burmanni.
753 1634 778 1665 se
789 1621 895 1682 inhtinqere
905 1632 941 1680 pr.
957 1617 1054 1673 Mores,
1071 1619 1113 1679 qui
1129 1609 1153 1664 et

104 1703 170 1743 mox,
183 1687 266 1734 obstat.
277 1713 308 1723 -
318 1687 370 1752 746.
388 1698 435 1734 tum
448 1706 500 1754 qua
514 1691 583 1737 Goth.
596 1706 642 1738 sec.
656 1707 705 1737 non
715 1691 784 1737 male.
796 1691 870 1737 Iidem
881 1690 906 1736 hi
920 1689 967 1735 duo
980 1703 1058 1735 versus
1072 1688 1124 1751 745.
1137 1689 1152 1734 6

103 1771 173 1818 supra
183 1757 269 1819 Georg.
282 1759 316 1815 11,
328 1758 382 1815 481.
397 1775 409 1805 2
421 1761 583 1807 occurrebant.
596 1787 628 1800 -
639 1761 691 1824 747.
704 1760 811 1826 plausum
824 1759 930 1824 vulgares
941 1759 995 1804 libri
1005 1759 1099 1804 babent.
1114 1761 1151 1804 Sic

103 1829 173 1874 etiam
182 1831 208 1874 in
218 1832 342 1876 Servianis.
350 1831 397 1876 Sed
405 1830 488 1894 plausa
499 1835 615 1880 Romanus
628 1849 652 1882 c.
657 1833 709 1885 aliis
720 1836 835 1881 vetustiss.
842 1834 926 1888 Pierii,
936 1834 992 1878 item
1001 1831 1087 1877 Medic.
1097 1847 1151 1876 cum

103 1903 187 1946 ceteris
199 1901 280 1948 lleins.
292 1915 376 1964 praeter
387 1906 464 1966 Spret.
477 1916 501 1950 et
509 1907 570 1958 Ven.
582 1905 643 1952 adde
653 1907 727 1952 Wass.
739 1906 769 1952 ad
780 1905 873 1952 Sallust.
884 1906 910 1949 Β.
920 1907 941 1949 J.
955 1906 976 1950 5.
988 1902 1071 1968 plausu
1081 1904 1150 1948 etiarn

102 1971 150 2018 duo
161 1989 190 2018 ex
197 1973 268 2019 Gotb.
281 1976 310 2019 ln
318 1987 372 2022 tert.
381 1977 466 2023 Moret.
482 1976 585 2040 plausus.
598 1978 645 2024 Sed
654 1978 763 2041 praeclare
771 1976 855 2040 plausu
866 1987 959 2023 revocat
969 1976 1093 2029 Heinsius,
1109 1974 1151 2034 qui

102 2055 126 2088 et
138 2045 253 2106 exemplis
265 2044 368 2093 illustrat
378 2051 510 2111 promiscue
523 2050 616 2111 positis,
629 2049 715 2111 quibus
724 2059 802 2098 umen
811 2059 908 2110 apparet
920 2057 1008 2092 tantum
1020 2044 1077 2099 boc,
1089 2045 1151 2106 inqe-

101 2117 187 2161 minure
199 2116 306 2164 absolute
316 2118 377 2164 dici:
390 2123 511 2184 irrqeminat
520 2118 612 2175 clamm,
624 2123 744 2184 irrqemiuat
750 2118 844 2182 plausus
854 2121 899 2176 (sc.
910 2119 948 2174 se)
960 2128 983 2161 et
993 2117 1026 2160 sic
1036 2112 1088 2158 alia.
1100 2113 1151 2158 Sci-

100 2183 155 2232 licet
177 2187 320 2235 dicendum:
336 2189 421 2252 plausu
439 2194 573 2256 inqemiuare
592 2206 640 2237 esse
659 2191 750 2236 doctius
767 2201 790 2235 et
807 2190 943 2250 exquisitius
959 2187 1061 2240 dictum,
1080 2199 1150 2246 quam

99 2254 219 2319 plausum,
234 2261 269 2305 uti
285 2260 357 2308 multa
377 2262 422 2308 alia
438 2261 545 2309 similiter
561 2265 679 2308 immutari
695 2261 786 2316 solent,
801 2271 827 2305 nt
842 2261 934 2322 poetica
950 2259 1023 2304 dictio
1035 2273 1047 2300 a
1059 2253 1149 2316 vulgari

100 2330 202 2376 recedat.
210 2331 273 2377 conf.
284 2333 364 2380 Heius.
374 2334 405 2380 ad
414 2336 463 2386 lEn.
474 2335 504 2389 ll,
517 2349 568 2396 207.
576 2335 614 2379 Sic
624 2332 683 2378 illud
693 2332 762 2378 Ouid.
769 2332 829 2379 Fast.
839 2331 884 2386 vl,
894 2348 916 2376 v.
927 2341 984 2376 extr.
997 2328 1148 2389 increpuitque

102 2395 150 2455 lyra
158 2416 216 2462 pro,
227 2404 337 2464 increpuit
348 2402 422 2464 lyram
433 2403 496 2466 apud
506 2404 673 2449 Horatium-
680 2401 724 2464 748
742 2400 860 2448 trabebant
869 2401 905 2446 ed.
915 2397 1071 2460 vem—750.
1081 2408 1151 2456 super.

100 2467 199 2515 Hectora
208 2471 338 2518 Gudianus.
348 2498 379 2509 -
389 2474 441 2536 751.
458 2474 533 2519 Miror
543 2476 661 2525 neminem
673 2475 814 2536 conjecisse:
833 2470 918 2535 quibus,
929 2474 961 2522 Α.
978 2473 1075 2520 uenisset
1082 2463 1155 2527 filiu&

100 2541 152 2585 oris.
164 2565 197 2574 -
209 2539 262 2603 753.
272 2543 342 2588 Nunc
353 2557 394 2607 ape
405 2544 497 2605 llugen.

100 2687 256 2742 nominibus
267 2689 408 2759 subjectis,
423 2691 614 2764 Arctophylax
656 2694 714 2764 749.
747 2692 855 2766 lonpum
887 2681 989 2744 bibebat
1012 2703 1149 2749 amorem,

99 2765 154 2818 dici
174 2769 265 2838 coepit.
281 2771 351 2822 Usus
363 2772 443 2822 etiarn
455 2772 517 2823 tulit
527 2772 580 2824 boc
593 2801 608 2830 2,
653 2774 819 2838 imbibebat,
840 2771 916 2842 quasi
938 2769 1018 2839 longo
1041 2765 1146 2818 haustu·

99 2858 129 2896 ut
140 2859 243 2916 septem
260 2849 288 2898 in
305 2849 390 2900 altero
410 2849 507 2900 borum
525 2853 605 2903 terio·
653 2852 812 2923 Metaphora
825 2869 874 2922 per
885 2867 913 2902 se
924 2849 1058 2917 frequens.

100 2929 271 2992 num,Ursa
283 2932 400 2998 majore,
420 2930 609 2982 stellaeclaris.
688 2931 748 3002 751.
770 2929 829 3000 752.
851 2929 950 2980 Ornate
973 2943 1044 2995 pro:
1068 2938 1154 2992 super

101 3006 172 3057 simae
196 3004 248 3075 (cf.
269 3008 325 3060 Cic.
338 3010 370 3060 N.
383 3011 416 3060 D.
434 3011 471 3069 ll,
486 3011 604 3082 41)sep‹
652 3011 784 3075 Hectore,
800 3010 958 3069 Memnone,
976 3001 1105 3055 Diomede
1123 3011 1149 3051 et
1229 3067 1231 3071 Ι

100 3087 453 3158 tentrionesappellarentur.
463 3089 502 3142 De
513 3089 605 3142 sideri·
635 3089 763 3141 'Achille
783 3088 882 3140 Debuit
907 3095 995 3136 autem
1018 3084 1045 3131 in
1069 3079 1148 3130 armis

98 3161 148 3214 bus
170 3163 213 3216 bis
238 3183 264 3216 v.
285 3166 418 3220 Eratostb.
433 3169 459 3232 1,
476 3185 499 3219 2.
520 3169 544 3222 8.
562 3168 602 3234 ι4.
651 3169 800 3220 Memnonis
840 3161 943 3235 aliquid
976 3158 1149 3212 memorabile

99 3242 206 3309 -745,
220 3245 246 3296 t.
265 3243 319 3296 Cur
331 3245 435 3298 dierum
446 3249 535 3317 spatia
552 3247 602 3299 de·
652 3265 727 3312 esse,
751 3242 976 3317 quemadmodum
1003 3240 1031 3290 in
1054 3238 1148 3289 ceteris

99 3337 221 3375 crescant
234 3343 265 3376 ac
278 3339 398 3378 crescant
413 3345 464 3397 per
482 3325 600 3379 diversas
629 3371 632 3386 ,
652 3345 769 3397 quoque.
784 3324 845 3376 vid.
866 3325 974 3375 Excurs.
993 3317 1068 3369 adh.
1086 3335 1112 3366 v.

100 3403 163 3454 anni
173 3405 254 3455 vices.
686 3406 745 3475 753.
755 3403 873 3476 Aprima
885 3398 1050 3454 descidium
1062 3397 1148 3464 Trojae

133 3483 193 3552 747.
205 3484 380 3556 Inqeminant
387 3482 498 3556 plausu,
512 3487 602 3555 exqui-
650 3505 667 3538 a
678 3484 802 3538 simulato
815 3483 877 3534 inde
886 3480 1049 3532 Achivorum
1061 3475 1148 3528 reditu

100 3561 307 3628 sitiusdictum‚
333 3583 414 3634 quam
435 3565 601 3637 inpemirrunt
650 3581 774 3635 equoque
785 3563 926 3615 fabricato.
939 3559 1011 3611 Male
1030 3557 1075 3609 alii
1087 3563 1151 3626 post

98 3639 231 3714 plausum.
245 3645 280 3695 cl.
293 3646 325 3695 V.
341 3645 369 3695 L.
384 3644 494 3696 ductum
504 3664 536 3696 ex
543 3664 598 3709 eo,
647 3643 781 3695 Servium:
796 3661 812 3694 a
823 3653 902 3712 raptu
917 3637 978 3690 inde
988 3636 1102 3688 Helenae.
1113 3662 1147 3674 -

100 3721 598 3795 quodiuqeminareabsolutequoque
649 3720 709 3792 755.
734 3722 873 3772 Annorum
896 3735 1035 3771 numerum
1052 3714 1096 3766 Vel
1116 3728 1147 3764 ²¹

99 3798 205 3852 dicitur.
219 3833 254 3842 -
267 3804 326 3873 748.
349 3805 460 3856 Noctem
484 3822 600 3856 temone
649 3803 708 3871 ipso
731 3802 815 3854 AEnea
836 3799 878 3851 vel
902 3816 934 3851 ex
954 3799 1057 3848 Teucro
1081 3794 1147 3843 ⁸⁰er

99 3878 218 3931 trahebat
240 3881 344 3934 doctius
366 3903 447 3954 quam
466 3883 600 3947 alterum,
649 3883 748 3952 potuit.
764 3883 798 3932 cf.
813 3881 865 3950 619
884 3897 923 3948 sq.
938 3878 978 3928 De
990 3878 1049 3947 ip80
1068 3887 1149 3926 amm·

99 3973 242 4012 sermonem
264 3960 413 4016 traherem
429 3975 540 4017 noctem.
566 3993 601 4002 -
650 3981 709 4016 rum
728 3974 853 4034 computo
875 3978 899 4011 v.
920 3957 1028 4010 Excurs.
1051 3953 1084 4006 sd
1099 3952 1146 4002 lilt·
