2694 4574
258 277 296 346 at
519 329 520 334 a
583 228 945 360 orstsmrol

252 419 320 468 tam
332 401 488 488 obscura,
504 401 584 490 quin
596 402 637 466 ah
651 401 744 467 initio
758 404 866 466 statim
877 405 1087 470 miseratione
1100 405 1288 476 afficiamur

252 507 1286 596 etvirtutis‘admiratione.Deorumauteminterventus,sunonis

141 638 145 649 ¹
251 630 285 678 et
302 615 438 708 Veneris
449 615 505 678 irae
526 631 559 678 et
575 613 696 693 studia,
716 637 753 680 ac
764 623 871 704 partes
890 618 928 682 iis
940 619 1139 700 tribuendae,
1153 627 1286 710 egregie

252 737 343 784 erant
364 719 432 808 jam
453 720 495 783 ab
519 721 664 784 Homero
690 719 842 786 definitae.
870 722 1011 804 Quando
1037 726 1147 815 itaque
1175 728 1286 814 primo

251 827 360 896 statinl
374 824 517 890 AEneidis
540 826 687 912 ingressu
703 828 843 890 Iunonis
864 851 985 894 nteutor
1005 833 1076 908 ira,
1098 835 1287 922 irarumque

250 897 373 996 causele
396 935 539 1020 saevique
564 929 687 994 dolores
713 948 936 996 memorantur
949 934 1221 1014 30dia‘Junonia
1246 961 1287 1001 ex

250 1037 395 1101 Homero
409 1037 517 1100 statim
526 1051 720 1101 succurrunt
734 1037 856 1124 legenti
872 1037 905 1102 et
914 1037 983 1127 jam
991 1039 1034 1104 ab
1046 1041 1138 1110 initio
1151 1065 1286 1130 gravem

249 1140 292 1205 de
307 1143 415 1204 AEneae
429 1143 560 1205 fortuna
573 1139 827 1206 sollicitudinem
843 1143 993 1232 injiciunt
1006 1147 1070 1230 (ι).

292 1247 383 1309 VIII.
410 1249 517 1310 Poetae
532 1245 709 1310 sollertiam
729 1264 762 1311 et
776 1271 914 1313 acumen
933 1250 1031 1314 etiam
1044 1251 1079 1314 in
1091 1251 1166 1316 boc
1190 1273 1283 1340 spec·

248 1352 309 1416 tari
334 1350 425 1429 volo,
450 1349 540 1440 quod
562 1373 630 1414 non
659 1349 760 1415 modo
784 1375 823 1415 ex
853 1353 1055 1418 nobilissima
1080 1357 1284 1445 antiquitatis

247 1475 358 1545 parte,
374 1457 478 1545 qualis
498 1479 608 1520 rerum
633 1457 826 1522 Troicarum
841 1474 907 1538 est,
923 1482 1040 1523 verum
1065 1462 1163 1526 etiam
1186 1485 1227 1526 ex
1241 1486 1282 1527 eo
1340 1473 1341 1482 ’

146 1607 147 1610 ¹
247 1579 435 1649 temporum
445 1562 581 1627 articulo
596 1561 740 1626 AEneidis
753 1579 983 1650 argumentum
995 1564 1104 1646 duxit,
1121 1568 1178 1656 qui
1197 1569 1284 1632 intra

247 1687 427 1756 paucorum
449 1690 611 1730 annorum
632 1665 808 1731 decursum
826 1670 993 1757 ingentem
1015 1671 1082 1734 vim
1104 1671 1282 1736 illustrium

231 1767 431 1838 ‘facinorum
457 1795 495 1836 ac
520 1771 783 1836 memorabilium
815 1795 949 1838 casuum
981 1775 1281 1871 conversionesque

244 1899 357 1944 rerum
378 1877 541 1941 mirabiles
556 1899 632 1941 cum
655 1877 788 1943 Graeciae
812 1895 845 1942 et
869 1879 952 1948 Asiae
974 1896 1045 1944 tum
1066 1881 1166 1945 Italiae
1188 1904 1281 1947 com-

245 1982 431 2077 prehendit.
447 1985 530 2046 Nam
555 1982 662 2048 exciso
684 1983 746 2047 llio
768 1981 833 2048 dici
854 1985 908 2047 vix
926 2001 1049 2071 potest,
1075 2003 1281 2074 quantopere
1340 2073 1341 2076 Ἴ

246 2087 370 2176 ubique
388 2087 555 2152 turbatum
580 2089 629 2152 sit.
653 2088 740 2152 Victi
762 2089 968 2177 victoresque
988 2088 1031 2154 ad
1055 2113 1155 2156 novas
1183 2090 1280 2156 sedes
1340 2091 1341 2094 ’

245 2193 436 2283 quaerendas
470 2216 530 2282 per
553 2209 660 2257 totum
687 2209 848 2257 terrarum
877 2193 993 2257 orbem
1018 2193 1157 2282 dispersi
1181 2217 1278 2282 vaga·

244 2297 363 2362 bantur
376 2299 446 2381 (2),
460 2314 493 2361 et
503 2319 616 2362 versus
628 2295 834 2361 occidentem
845 2298 1000 2377 maxime,
1015 2300 1072 2386 qui
1085 2315 1150 2364 tam
1159 2322 1280 2386 parum

245 2402 353 2467 adhuc
376 2403 496 2466 GraecIs
522 2416 619 2466 notus
646 2417 729 2478 erat,
759 2417 796 2466 ut
819 2402 928 2465 Circes
956 2403 1095 2468 insulam
1116 2405 1278 2486 (Circeios
1340 2473 1341 2480 χ

245 2508 346 2592 Latii)
359 2530 420 2594 pro
435 2505 587 2569 extremis
602 2502 780 2568 occidentis
794 2503 914 2569 linibus
934 2504 1075 2586 habere3
1098 2522 1130 2571 et
1149 2505 1280 2574 adhaec

243 2614 330 2692 loca,
352 2629 507 2699 tanquam
534 2611 699 2698 incognita
724 2627 756 2675 et
781 2634 891 2676 rerum
912 2612 1076 2678 miraculis
1103 2614 1278 2702 gignendis

245 2717 382 2796 idonea,
406 2732 456 2781 tot
481 2715 629 2780 fabulose
661 2732 787 2780 narrata
819 2717 942 2787 referre
965 2725 1077 2804 posset
1099 2719 1277 2782 Homerus.
1340 2787 1341 2790 ,

241 2821 389 2894 Primum
399 2837 470 2884 tum
481 2843 501 2884 a
512 2820 633 2884 Graecis
649 2818 809 2906 navigatio
822 2819 907 2886 ultra
918 2819 1059 2885 Siciliam
1073 2821 1278 2910 frequentari

190 2999 193 3008 1
243 2927 358 3013 coepit,
383 2949 459 2990 cum
480 2922 620 2988 adillud
639 2939 768 3011 tempus
791 2924 960 2989 Phoenices
981 2925 1035 2992 illa
1059 2925 1159 2990 maria
1182 2941 1276 2990 tene-

243 3047 333 3111 rent,
353 3031 416 3094 nisi
430 3028 553 3119 quode·
565 3029 660 3095 Creta
673 3029 809 3121 aliisque
823 3029 908 3096 forte
923 3029 1037 3097 insum
1048 3052 1160 3118 paucae
1174 3053 1275 3098 naves

242 3137 382 3204 Siciliam
394 3134 535 3200 adibant.
799 3211 805 3218 1

285 3241 417 3306 Euoras
435 3239 632 3305 isti'lteroum
652 3240 697 3306 ab
714 3239 779 3307 Ilio
802 3239 1002 3316 redeuntium
1028 3242 1125 3306 variis
1143 3242 1275 3307 Graeco-

241 3368 317 3410 rum
327 3343 523 3408 carrninibus
532 3349 654 3431 epicis,
668 3344 746 3404 No'roa
762 3370 800 3411 ea
811 3347 965 3434 inscripta
980 3362 1086 3426 erant,
1104 3347 1276 3412 materiam

243 3467 277 3514 et
290 3447 518 3536 argumentum
542 3450 764 3538 praebuerant3
787 3451 905 3539 quaesi
925 3449 967 3513 ad
989 3466 1136 3538 tempora
1162 3465 1276 3520 nostra

242 3555 480 3644 pervenissent,
496 3555 590 3644 plura
599 3557 683 3620 forte
695 3555 829 3642 vestigia
843 3556 876 3618 in
891 3555 929 3618 iis
944 3553 1274 3642 deprehenderimus,
1340 3567 1341 3616 ἶ

184 3717 185 3730 ,
243 3660 362 3749 quibus
382 3661 536 3749 Virgilius
559 3662 736 3740 institeram
760 3658 1029 3748 quandoquidem
1054 3661 1202 3724 insimili
1223 3683 1274 3724 ar·
1340 3665 1341 3668 ’

277 3825 316 3898 (ι)
325 3825 400 3877 Conf.
413 3827 519 3878 Excurs.
530 3828 543 3876 Ι
550 3825 560 3849 *
572 3825 606 3878 ad
615 3826 661 3878 lib.
673 3828 692 3876 Ι.
781 3826 858 3878 bonis
870 3825 944 3878 loeus
953 3825 999 3881 lib.
1014 3827 1039 3895 l,
1054 3845 1082 3898 p.
1093 3825 1127 3898 48
1142 3827 1175 3898 B,
1188 3825 1289 3894 etlib„
1340 3875 1341 3892 ἶ

278 3903 733 3980 (2)EgregiusesteaminremStra·
780 3905 967 3979 111‚p.150I
1340 3899 1341 3916 ³
