2742 4586
473 290 538 360 'AD
560 293 758 362 LIBRUM
780 301 805 362 Ι.
1090 307 1145 371 181

124 414 269 507 descriptio
282 416 357 468 istius
375 424 467 486 portus
488 431 527 468 est
538 417 600 470 huic
618 420 677 471 loen
698 419 846 472 simillima:
865 406 910 470 lib.
924 419 1020 489 XXVI,
1038 426 1071 494 43
1083 431 1151 483 cete.

120 515 182 548 ram
195 497 245 548 sita
263 495 428 567 Carthago
406 512 442 548 stc
457 509 502 549 est.
522 499 599 550 Sinus
615 513 650 552 est
666 501 743 552 maris
761 500 845 550 media
860 500 920 571 sere
936 503 1148 575 Hispaniama,

122 578 238 627 maxime
252 576 344 646 Africo
358 586 433 628 vento
443 578 571 647 oppositus
582 589 607 629 et
618 580 771 651 quingentos
782 598 868 650 passus
880 580 1000 636 introrsus
1011 596 1150 653 retractus,

122 685 156 694 -
173 656 285 728 hujus
275 675 304 706 ιιι
335 655 397 707 ostio
422 656 509 720 sinus,
537 676 624 729 parva
644 657 729 710 insula
752 660 848 729 objecta
868 661 899 710 ab
920 659 973 712 alto
993 677 1098 734 portum
1116 669 1149 719 ab

121 736 242 787 omnibus
263 735 363 796 ventis,
386 745 560 808 preterquam
575 737 687 808 Africo,
707 748 792 788 tutum
811 738 900 808 facit,
926 741 958 790 ab
982 741 1073 796 intimo
1090 747 1150 797 sinu

118 812 262 882 peninsula
279 815 408 878 excurrit,
429 813 576 866 tumulus
566 835 586 867 ιι
609 817 722 886 ipsc,in
740 817 910 888 quocondita
932 820 1007 872 urbs
1009 833 1052 874 est.
1071 826 1150 875 Pros-
1200 811 1203 815 .

119 906 228 962 pectum
246 894 319 945 urhis
342 893 502 945 delineatum
522 894 595 946 dedit
613 895 705 947 Cerda
733 899 766 948 cf
789 897 880 948 Silium
898 898 957 968 XVl,
986 918 1079 953 220—-
1091 921 1149 972 229

119 973 273 1024 Addisonus
298 973 435 1040 (liemarlts
459 966 492 1024 cia
512 974 610 1026 several
631 977 706 1027 Parte
724 976 758 1046 cf
774 975 885 1047 Italyp
904 976 950 1030 153
973 996 1030 1050 sqq.
1037 984 1084 1054 )“
1064 1001 1151 1044 smum

119 1053 247 1123 Neapolis
267 1054 340 1104 urbis
360 1053 463 1125 Virgilii
484 1055 568 1106 oculis
589 1073 645 1107 esse
667 1055 834 1108 obversatum
853 1057 980 1134 putabat,
998 1079 1045 1111 nec
1065 1062 1098 1113 ab
1117 1081 1149 1113 ee

118 1131 241 1184 dissentit
250 1136 324 1203 ,qui
343 1133 397 1185 haec
419 1132 478 1184 loca
500 1133 582 1200 adiit,
606 1135 740 1186 Grcsleius
762 1131 936 1202 (Nouveuux
948 1137 1085 1192 Memoires
1105 1161 1150 1194 sur

117 1209 137 1260 l
138 1212 269 1277 1ιαὶιε,Τ
282 1214 306 1263 ΙΙ
311 1233 358 1282 ,.p
375 1211 432 1264 105
446 1214 510 1285 106)
529 1227 554 1265 et
566 1226 654 1284 potest
668 1215 720 1266 hoc
735 1218 849 1286 speciem
867 1217 982 1288 aliquam
995 1217 1107 1287 hahere,
1126 1223 1148 1271 si

118 1299 229 1359 poetam
249 1291 362 1361 Neapoli
373 1293 455 1342 otium
465 1309 541 1342 suum
557 1296 729 1345 consumsisse
748 1305 870 1363 reputes,
883 1307 909 1346 et
921 1295 1027 1366 Capreae
1037 1260 1148 1347 insulam

117 1369 199 1437 objici
211 1369 283 1419 litori
293 1369 425 1420 montibus
437 1381 462 1420 et
477 1369 547 1420 silvis
560 1373 660 1422 munito
671 1373 826 1423 memineris.
837 1375 867 1422 ln
878 1372 918 1423 his
931 1385 1017 1424 tamen
1028 1375 1148 1426 omnibus

116 1447 248 1498 nonnulla
266 1462 343 1513 sunt,
357 1467 415 1518 quae
428 1448 543 1517 probare
554 1451 597 1498 vix
615 1451 707 1519 possis.
730 1453 825 1501 Parum
840 1451 985 1519 sapientem
1002 1470 1149 1523 parumque
1215 1480 1218 1486 ·

100 1523 232 1596 ,gnarum
250 1541 357 1598 poetam
376 1527 468 1591 dicas,
492 1528 581 1597 quiin
600 1528 676 1580 litore
692 1529 775 1580 ltaliae
793 1530 917 1598 objecto,
943 1529 1015 1598 quod
1031 1531 1148 1599 quotidie

115 1616 156 1655 tot
177 1609 289 1658 Romani
313 1609 529 1677 frequentarent,
556 1607 770 1676 quodque'adec
790 1607 954 1656 notissimum
980 1620 1047 1658 esset
1069 1608 1148 1678 (nam

115 1682 193 1735 aliter
210 1703 252 1736 res
273 1703 300 1736 se
322 1683 433 1744 haberet
452 1685 479 1734 in
499 1685 589 1754 ignota
607 1686 746 1756 regione),
764 1683 842 1734 vellet
865 1681 953 1733 locum
971 1682 1081 1753 fingere,
1102 1687 1148 1755 qui

113 1763 238 1832 nuspiam
260 1775 344 1825 esset,
366 1775 392 1815 et
411 1775 513 1814 tantum
533 1761 584 1812 hoe
607 1781 702 1833 agere,
725 1775 753 1812 ut
775 1761 863 1812 locum
881 1778 912 1810 ex
932 1761 1045 1812 Homero
1066 1761 1148 1814 latine
1188 1781 1192 1788 ·

114 1852 289 1892 converteret.
312 1840 394 1891 Simili
407 1843 508 1892 ratione
527 1840 708 1911 Nympharum
725 1851 828 1890 antrum
841 1837 912 1908 apud
923 1840 1065 1890 Homerum
1081 1859 1147 1909 poc-

112 1920 167 1970 tica
183 1919 292 1971 licentia
303 1921 418 1987 effictum
431 1920 506 1970 multi
526 1920 650 1980 voluere3
671 1932 698 1970 at
717 1919 844 1971 hahemus
865 1918 1024 1968 Artemidori
1040 1919 1147 1988 Ephesii
1173 1925 1177 1935 ‘

112 1997 194 2049 fidem
206 2017 248 2069 ap.
269 1999 394 2070 Porphyr.
411 2000 443 2051 de
456 2000 488 2049 A.
503 2003 537 2051 N.
556 2019 614 2069 cap.
635 1999 667 2064 l,
687 2017 741 2068 qua
760 2005 862 2050 constat
880 2015 970 2050 verum
990 1997 1067 2066 hujus
1089 1999 1148 2050 des-

111 2080 252 2149 criptionis
272 2079 381 2131 fundum
392 2081 481 2132 fuisse.
503 2080 582 2146 Quod
602 2080 743 2148 descriptio
762 2096 842 2147 porro
855 2079 908 2130 loci
918 2097 976 2128 cum
992 2081 1042 2129 situ
1054 2091 1146 2149 portus

111 2157 281 2231 Carthaginis
299 2177 372 2210 novae
395 2172 421 2210 et
441 2159 589 2229 Neapoleos
610 2160 749 2222 convenit,
772 2156 800 2206 id
820 2158 914 2207 mirum
937 2168 1062 2220 nonest,
1087 2175 1147 2206 cum

110 2237 258 2288 multorum
278 2237 402 2308 portuum
420 2237 490 2289 idem
514 2239 578 2289 situs
598 2239 649 2300 sit,
669 2235 748 2304 idque
768 2251 817 2304 pro
838 2235 1050 2303 praestantissimo
1069 2233 1146 2283 facile

110 2327 207 2384 portus
230 2336 325 2388 genere
343 2316 493 2380 habeatur,
518 2315 590 2385 quod
610 2315 716 2384 objectu
737 2311 828 2362 insulae
845 2309 973 2361 eflicitur:
999 2311 1147 2379 cujusmodi
1221 2307 1222 2318 ¹

109 2392 220 2462 plurimi
241 2397 385 2447 memorari
404 2407 516 2468 possunt
538 2407 638 2465 portus.
659 2391 730 2443 Talis
747 2402 803 2442 erat
825 2388 969 2452 Brundisii,
993 2388 1029 2439 de.
1049 2407 1101 2457 quo
1120 2407 1144 2439 v.

108 2473 210 2525 Lucan.
232 2477 271 2540 11,
293 2476 458 2542 613-621,
477 2475 640 2528 Alexandriae
663 2472 726 2522 Caes.
753 2472 780 2521 B.
803 2469 857 2520 Civ.
881 2470 932 2535 ΙΙΙ,
960 2485 1014 2518 112.
1038 2469 1146 2520 Maneat

108 2555 222 2623 itaque,
241 2558 289 2607 etsi
310 2575 380 2606 nunc
401 2557 537 2628 ignoratur
549 2556 633 2605 litoris
649 2553 727 2622 huJ'us
745 2551 836 2622 Libyci
853 2568 917 2600 vera
930 2551 1014 2611 ratio,
1035 2561 1080 2599 aut
1097 2549 1146 2597 im-

110 2646 216 2686 mutata
234 2649 273 2687 est
289 2639 344 2705 ejus
358 2637 439 2687 facies
455 2636 619 2687 naturalibus
639 2633 671 2684 de
692 2633 808 2695 caussis,
829 2630 967 2702 Virgilium
985 2642 1073 2679 tamen
1090 2629 1147 2678 veri

94 2710 166 2761 ¹loci
185 2715 264 2770 situm
283 2713 467 2777 adumbrasse,
483 2732 643 2784 quamquam
663 2711 759 2762 additis
774 2711 842 2760 forte
863 2707 1013 2770 nonnullis,
1035 2724 1091 2774 quae
1112 2704 1146 2756 ad
1178 2705 1180 2712 '

111 2793 246 2859 poeticam
275 2795 451 2846 amoenitatem
470 2807 496 2845 et
517 2806 640 2844 ornatum
655 2792 789 2851 facerent3
808 2788 894 2858 quod,
915 2799 945 2838 ut
964 2799 1060 2856 poeta,
1076 2797 1145 2836 recte

109 2872 307 2941 facerepotuit.
372 2930 374 2942 Ι

148 2950 235 3019 Atque
247 2950 303 3002 hac
314 2971 346 3003 ne
357 2953 462 3025 Virgilii
478 2955 561 3024 magis
575 2953 662 3002 studio
674 2969 752 3021 quarn
763 2950 852 3018 aliqua
861 2947 916 2997 veri
928 2947 1014 3015 specie
1024 2943 1146 2994 arbitrari

111 3029 267 3095 videamur,
279 3031 405 3082 Shauinm
418 3033 651 3096 ,doctissimum'
627 3049 730 3096 vrrum,
737 3042 870 3080 auctorem
879 3025 987 3076 laudare
997 3040 1146 3093 possumus,

113 3111 159 3178 qui
178 3112 313 3163 similem'
305 3132 334 3163 ιιι
346 3072 557 3203 Carthaginiensi
577 3113 654 3163 litore
674 3113 762 3162 locum
780 3106 984 3177 deprehendisse
1007 3102 1057 3155 sihi
1075 3105 1145 3152 visus

112 3199 160 3237 est
177 3189 207 3237 In
220 3188 389 3240 Tunitano'
369 3209 446 3256 srnu,
462 3193 488 3241 in
508 3208 561 3261 quo
579 3188 672 3240 eodem
692 3187 823 3256 Carthago
845 3184 907 3234 olim
928 3182 977 3232 fuit
993 3183 1058 3245 sita,
1078 3181 1148 3230 inter

111 3270 295 3334 promontoria
312 3268 441 3338 Apollinis
462 3282 487 3321 et
501 3270 643 3335 Mercurii,
663 3285 776 3337 quorum
792 3264 843 3315 hoc
861 3260 983 3330 quidem,
1003 3277 1073 3308 nunc
1093 3259 1150 3328 Cap*

110 3346 189 3408 Bon,
209 3345 243 3395 ab
256 3346 381 3416 Oriente,
395 3349 480 3415 illud,
496 3368 566 3399 nunc
580 3351 631 3419 Cap
647 3347 740 3398 Zzbeeb
752 3345 794 3396 vel
812 3341 917 3407 Zebibi,
934 3339 966 3390 ab
983 3337 1144 3402 Occidente,

111 3424 199 3474 sinum
220 3423 334 3490 claudit,
352 3429 379 3476 in
396 3426 468 3478 hoe
462 3440 551 3498 itaque
570 3430 647 3491 sinu,
668 3427 744 3495 cujus
761 3441 790 3474 os
809 3425 877 3472 inter
897 3380 950 3498 duc
964 3419 1149 3488 promontoria·

111 3503 335 3557 undeeimleucas
347 3522 436 3578 patet,
449 3509 671 3578 supraMisuam,
682 3523 772 3557 versus
784 3502 995 3574 promontorium
1006 3499 1144 3562 Mercurii,

111 3600 159 3633 seu
173 3585 319 3637 Hermaeum
338 3589 410 3658 (Cup
420 3591 493 3656 Bon)
512 3590 610 3640 circum
627 3607 658 3639 ea
677 3587 779 3652 loca,'
772 3603 799 3636 ιιι
819 3583 913 3652 quibus
931 3577 1071 3652 Aquilaria
1082 3578 1145 3628 olim

110 3663 162 3712 fuit
181 3664 413 3733 sita(nunc'v1cus
426 3668 585 3719 Lcwltarealr
596 3669 662 3738 ,qui
677 3686 756 3718 unam
767 3677 868 3716 tantum
880 3663 983 3713 leucam
995 3680 1010 3711 a
1021 3678 1148 3728 promon-

111 3742 180 3791 torio
198 3742 245 3792 illo
264 3747 357 3810 abest)
377 3748 480 3799 alitore
493 3747 554 3798 inde
572 3765 654 3816 usque
674 3747 708 3797 ad
723 3749 810 3796 vicum
822 3744 893 3794 hunc
911 3758 985 3791 mons
1006 3738 1145 3810 procedit,

112 3821 159 3888 qui
172 3831 243 3871 totus
258 3824 371 3875 effossus
382 3839 407 3877 et
422 3837 578 3900 excavatus,
598 3844 614 3877 a
634 3828 700 3877 mari
723 3825 784 3877 inde
799 3824 832 3876 ad
852 3824 939 3873 vicum
951 3823 1000 3872 iter
1014 3818 1146 3869 subterra·

109 3917 191 3950 neum
216 3903 322 3970 praehet.
342 3908 416 3956 Patet
440 3910 509 3958 enim
537 3908 597 3973 via,
628 3905 662 3964 ad
689 3886 803 3958 cuniculi
829 3904 959 3973 speciem,
981 3919 997 3951 a
1028 3898 1083 3948 solo
1112 3896 1146 3948 ad

111 3980 238 4032 verticem
267 3984 313 4036 ad
318 3988 410 4058 viginti
428 3987 469 4040 vel
498 3987 605 4060 triginta
624 3986 723 4058 pedes,
751 3985 847 4038 relictis
876 3999 924 4052 per
950 3978 1087 4033 intervalla
1112 3975 1146 4026 ad
