2724 4580
200 357 202 361 .
293 291 352 355 128

531 285 565 348 P.
588 283 815 348 VIRGlLll
839 283 1068 350 MARONIS
1168 313 1172 318 ·

287 415 382 480 Solve
393 426 516 488 metus;
528 410 611 472 feret
622 407 691 471 haec
703 407 844 494 aliquam
856 406 915 471 tibi
928 409 1013 472 lama
1024 409 1178 488 salutum..¹

288 521 339 586 Sic
350 520 407 597 ait,
420 534 516 604 atque
528 517 674 578 animum
685 515 810 600 pictura
822 514 923 599 pascit
936 514 1039 592 inani,

287 625 390 688 Multa
402 639 548 714 gemens,
561 613 717 705 largoque
729 617 897 681 humectat
908 616 1042 682 flumine
1055 615 1191 680 voltum
1269 625 1311 681 465

283 716 432 816 Namque
445 724 587 801 videbat,
601 724 649 786 uti
660 722 817 785 bellantes
830 723 983 806 Pergama
995 722 1119 784 circum

286 837 356 897 Hae
368 833 517 918 fugerent
528 827 629 906 Graii,
642 843 805 914 premeret
816 826 957 914 Trojano
964 826 1119 916 juventus
1129 849 1137 906 ;

287 943 356 1002 Hac
369 937 526 1025 Phryges3
539 937 670 999 instaret
683 956 780 997 curru
791 933 939 997 cristatus
950 932 1101 997 Achilles.

198 1154 201 1164 ,
286 1122 342 1154 sone
353 1117 481 1151 sumturus:
494 1103 551 1146 Sunt
559 1100 592 1145 lu'c
602 1104 667 1145 etrum
677 1109 716 1144 tua
723 1098 828 1153 vulnero,
836 1098 912 1160 proedo
919 1116 928 1152 ,·
936 1107 989 1143 suut
998 1097 1094 1142 lacrimae
1108 1112 1218 1158 carusque
1225 1111 1310 1158 pareus.

285 1178 309 1222 h.
326 1189 358 1222 est
377 1176 427 1230 hie,
444 1189 491 1236 quo
507 1172 605 1216 laerimae
621 1171 663 1216 tihi
681 1173 777 1232 exprimi
794 1163 1000 1232 possint‚'pareute
1018 1180 1107 1214 necato.
1119 1167 1214 1223 -463,
1231 1176 1310 1211 metum

285 1246 353 1292 multi
360 1246 437 1306 scripti
445 1255 468 1288 et
476 1243 539 1288 editi.
549 1240 636 1285 scilicet
644 1239 689 1284 hoc
694 1239 786 1300 vulgare
799 1251 822 1283 et
830 1238 932 1300 pedestri
941 1239 1039 1284 orationi
1048 1239 1119 1298 magis
1126 1249 1308 1282 consentaneum.

284 1318 318 1362 lta
335 1317 402 1360 etiam
414 1313 503 1357 doctius
516 1311 587 1355 dixit:
606 1307 688 1353 soture
703 1317 785 1352 metum
800 1323 869 1368 quam
887 1305 946 1352 solve
960 1315 1018 1350 metu
1034 1322 1064 1350 sc.
1082 1309 1191 1350 animum.
1203 1308 1252 1366 fert
1266 1303 1309 1347 huc

285 1389 365 1431 Fratre.
378 1401 399 1430 v.
412 1385 534 1428 Burmann.
544 1405 575 1416 -
583 1378 636 1434 464.
646 1380 690 1423 Hic
698 1382 730 1422 uit
742 1380 821 1424 Frauc.
831 1402 863 1412 -
870 1368 994 1438 467fGrot'
1003 1373 1099 1422 Mentel.
1106 1373 1197 1431 -468.
1209 1375 1244 1418 Ae
1252 1387 1309 1418 non-

283 1446 344 1494 nulli
354 1462 390 1507 ap.
402 1447 479 1488 Btum.

284 1608 340 1642 esse
346 1589 423 1656 jussit
431 1587 547 1650 comites,
556 1583 692 1636 hominum
704 1586 773 1635 enim
792 1619 796 1626 ·

284 1689 311 1722 se
334 1669 444 1738 vestigia
466 1665 554 1716 videre
571 1668 700 1716 :Vitrurn
723 1667 771 1727 vl,

282 1749 357 1818 praef.
377 1746 551 1796 lmitationem
570 1745 622 1795 loci
640 1744 728 1795 habes
743 1745 770 1792 in

281 1828 339 1892 Val.
355 1824 449 1876 Flacco
462 1824 506 1874 lib.
520 1826 545 1890 Ι,
562 1823 619 1892 723.
635 1824 692 1890 724.
712 1823 771 1871 Jam

281 1907 342 1972 463.
377 1906 440 1955 Haec
458 1904 560 1973 fama,
587 1900 659 1970 quod
681 1901 771 1968 Troja-

281 2002 377 2035 norum
401 1980 562 2034 calamitates
588 1982 614 2028 in
637 1978 677 2028 his
707 1977 770 2047 ipsis

282 2065 359 2116 terris
371 2064 559 2124 innotuerunt,
571 2058 623 2109 hoc
634 2057 709 2108 nohis
721 2057 771 2108 ho-

280 2160 339 2193 rum
345 2141 482 2192 hominum
491 2141 591 2191 animos
602 2137 695 2188 reddet
706 2154 770 2206 pro-

280 2223 367 2291 pitios.
387 2219 453 2283 sed,
469 2237 528 2270 cum
544 2219 643 2285 majore
655 2215 768 2266 benevo-

280 2301 366 2352 lentiae
376 2299 582 2374 significatione,
596 2296 630 2348 ad
642 2295 770 2346 Achatem

280 2381 392 2431 amicum
403 2377 492 2428 retulit
503 2399 508 2426 :
522 2377 577 2426 tihi.

315 2459 374 2522 464.
386 2458 425 2508 De
435 2456 539 2526 pictura
550 2473 575 2504 r.
589 2456 650 2504 Exe.
664 2453 699 2505 ad
708 2452 767 2519 453,

277 2537 374 2606 puscit,
386 2533 496 2594 βουκολιῒ.
514 2546 543 2582 ut
554 2551 600 2601 spe
616 2549 684 2582 vona
698 2531 770 2600 pasci

278 2613 398 2662 dicimur.
411 2613 515 2661 inanem
524 2610 640 2678 appellat
652 2607 769 2676 epitheto

279 2706 376 2740 ornans
395 2707 412 2739 a
429 2699 523 2738 natura
538 2689 614 2749 artis,
630 2703 683 2734 non
697 2687 767 2755 ipsas

279 2786 336 2831 res,
353 2766 400 2818 sed
412 2784 498 2818 rerum
510 2766 636 2835 imagines
654 2782 769 2833 quocun·

280 2867 331 2918 que
347 2847 426 2897 modo
439 2845 662 2914 repraesentantis,
674 2845 766 2912 petito.

277 2929 399 2980 Ceterum
419 2927 447 2976 in
463 2943 536 2994 seqq.
556 2924 667 2996 observa
690 2921 768 2972 artili-

278 3011 347 3060 cium
360 3019 443 3076 poetae
455 3006 482 3059 iu
495 3003 671 3070 descriptione
680 3018 768 3052 rerum

278 3087 337 3138 eth.
345 3086 362 3136 l.
372 3085 477 3155 quidem
487 3081 650 3142 tabularum,
661 3079 766 3148 quando

278 3185 303 3217 v.
316 3167 367 3235 474
378 3162 530 3231 tempestive
547 3159 639 3208 transit
658 3156 691 3208 ad
709 3176 767 3208 eam

235 3277 237 3282 .
279 3246 404 3296 orationis
420 3244 547 3302 formam,
565 3255 674 3306 quares
692 3239 768 3305 quasi

279 3339 338 3376 ante
364 3322 454 3373 oculos
477 3321 531 3390 geri
554 3316 691 3379 videntur,
712 3332 766 3364 non

272 3407 353 3476 -pictae
374 3402 483 3472 adspici.
504 3399 567 3448 Mox
586 3396 708 3467 largoque
720 3394 767 3444 ltu-

278 3493 372 3536 mactat
377 3482 493 3557 flumine
511 3476 613 3528 vultum
633 3475 665 3525 ad
684 3476 767 3524 nostri

278 3562 404 3618 sermonis
421 3575 522 3608 morem
538 3572 592 3604 non
609 3565 648 3603 est
663 3553 767 3621 exigen-

279 3645 358 3696 dum:
373 3658 427 3690 non
443 3638 539 3706 magis,
559 3651 637 3703 quam
649 3633 767 3682 Homeri·

278 3742 352 3785 cum,
375 3711 501 3784 δακρυχέων
514 3710 571 3762 ὅση
589 3707 651 3777 upitu
669 3707 767 3771 μιλίω-

278 3804 334 3869 dpuc.
353 3810 379 3849 et
391 3796 521 3844 humectat
531 3803 570 3840 est
582 3789 707 3856 exquisite
717 3807 765 3856 pro
774 3841 775 3846 ,

278 3881 381 3947 irrigat;
392 3888 476 3938 neque
487 3868 553 3920 adeo
565 3865 696 3915 humectat
705 3868 767 3934 jeju·

278 3975 341 4008 num
351 3947 497 4023 putandum
509 3957 582 4014 post,
596 3941 765 4020 lqrqoflumi-

822 1601 862 1632 ne.
876 1583 942 1632 Tum
954 1575 1038 1632 multu
1048 1597 1152 1652 gemeus
1159 1615 1168 1642 ‚
1179 1573 1308 1628 unanime-

822 1667 902 1735 γάζαν.
915 1669 1044 1720 llahuisse
1057 1679 1144 1719 autem
1161 1667 1229 1716 inter
1240 1663 1308 1713 Gra·

822 1765 866 1797 cos
886 1747 990 1798 videtur
1013 1758 1105 1816 poeta,
1129 1761 1195 1812 quos
1215 1744 1242 1792 in
1259 1741 1308 1790 hoc

820 1824 879 1874 loco
907 1836 1068 1894 sequeretur.
1092 1821 1176 1890 ¹Apud
1203 1821 1307 1870 Aristot.

820 1907 889 1956 enim
900 1907 969 1955 Poet.
985 1925 1006 1954 c.
1025 1903 1069 1968 13,
1082 1902 1114 1953 al.
1132 1900 1206 1967 16,1.
1223 1901 1265 1965 15,
1278 1901 1308 1964 3,

819 1985 887 2036 iuter
898 1983 1060 2054 agnitionum
1072 2000 1168 2053 genera
1180 1983 1207 2030 in
1217 1993 1308 2050 tragoe-

820 2061 864 2114 dia
872 2064 950 2112 etiam
959 2076 996 2113 est
1005 2080 1035 2112 ex
1041 2057 1202 2130 Dioaeogenis
1208 2061 1309 2131 Tragici

819 2139 923 2206 Κυπρίοις
938 2140 949 2209 (
964 2141 1055 2192 fabula
1065 2150 1120 2190 erat
1139 2133 1157 2186 ui
1174 2133 1278 2206 hirpini,
1293 2157 1308 2190 a
1352 2187 1353 2196 ἶ

818 2220 899 2272 choro
913 2218 1057 2289 inscripta)
1073 2219 1182 2287 aliquis,
1202 2220 1246 2286 qui
1258 2214 1308 2270 itur
1352 2223 1353 2250 ³

817 2295 855 2352 uli
876 2296 965 2367 γραφὴ
984 2300 1090 2352 immet
1100 2327 1133 2338 --
1145 2293 1199 2349 tau
1211 2294 1307 2360 drayto-

817 2378 896 2446 plaut.

853 2455 904 2521 465
909 2457 1008 2522 -468-
1021 2458 1136 2526 Respicit
1144 2456 1307 2525 potissimum

817 2554 933 2607 pugnam
947 2537 1067 2586 Patroclo
1088 2537 1176 2585 occiso
1195 2536 1306 2595 factam,

818 2633 877 2666 cum
887 2631 976 2665 versus
988 2626 1074 2665 castra
1085 2614 1207 2682 fugerent
1217 2611 1307 2662 Achivi

816 2691 1014 2761 insequentibus
1026 2693 1148 2758 Trojanis
1157 2704 1183 2741 et
1194 2693 1306 2740 instante

817 2772 943 2833 Hectore,
964 2770 1039 2821 lliad.
1054 2791 1079 2837 p,
1099 2787 1151 2839 quo
1175 2771 1246 2819 facto
1267 2767 1307 2817 die

817 2850 936 2916 sequenti
952 2847 1066 2898 Achilles
1083 2849 1158 2896 novis
1171 2865 1187 2896 a
1198 2845 1307 2897 Thetide

817 2928 932 2996 acceptis
949 2929 1027 2977 armis
1040 2925 1129 2995 prodit
1142 2938 1168 2976 et
1180 2927 1307 2993 Trojanos
1351 2981 1352 2998 ¹

816 3005 904 3074 fugat,
923 3005 1064 3054 Hectorem
1086 3003 1183 3054 occidit
1198 3003 1274 3056 Iliad.
1293 3023 1308 3052 r
1351 3001 1352 3012 ¹

816 3111 851 3122 —-
862 3099 888 3146 χ.
900 3081 966 3132 Cum
986 3081 1051 3132 adeo
1070 3080 1171 3132 Rhesus
1190 3100 1252 3132 mox
1272 3099 1308 3132 se⁴

818 3175 926 3236 quatur,
941 3161 1056 3212 noluisse
1068 3172 1148 3231 poeta
1160 3173 1307 3229 temporum

817 3238 1306 3293 ordinemservaredicendusest.Cum

815 3339 839 3370 v.
851 3321 900 3388 467
913 3317 1223 3388 benecomparautlliad.
1236 3319 1265 3384 ξ,
1278 3318 1307 3383 14

815 3395 870 3454 Tude
881 3394 922 3462 ult
940 3395 1087 3465 quapiam,
1104 3391 1155 3450 uode
1170 3394 1196 3446 di
1210 3397 1306 3449 motitu-

815 3498 858 3531 ται
871 3477 967 3529 inuadit
980 3489 1006 3528 et
1019 3475 1093 3526 lliad.
1105 3497 1128 3535 ο,
1142 3493 1166 3544 7.
1177 3478 1208 3526 ln
1219 3479 1307 3528 cristu-

816 3566 855 3606 tut
863 3574 886 3605 v,
898 3555 948 3621 468
958 3554 1061 3606 Servius
1069 3556 1122 3603 vim
1129 3557 1235 3623 quaerit3
1246 3545 1305 3604 nam

814 3634 958 3686 secundum
980 3636 1122 3686 Homerum
1147 3635 1174 3686 in
1197 3635 1304 3684 Achillis

810 3715 900 3774 ‚cristis
928 3712 1044 3763 terribile
1072 3711 1198 3780 quiddam
1224 3713 1304 3762 fuisse

814 3790 882 3841 Iliad
897 3811 924 3848 u,
937 3790 997 3841 380.
1016 3791 1113 3839 Verum
1136 3787 1165 3837 id
1183 3790 1305 3858 quiderm

817 3868 878 3932 sed,
899 3879 928 3916 ut
949 3867 981 3918 ah
1003 3868 1095 3918 ceteris
1117 3869 1212 3932 armis,
1231 3871 1267 3918 ita
1289 3887 1305 3918 a

807 3946 890 4024 gale}
912 3957 937 3998 et
953 3947 1032 3996 orista
1050 3963 1117 4015 supe
1136 3958 1229 4015 petunt
1250 3948 1305 4018 epi·
