<?xml version="1.0" encoding="UTF-8"?>
<!DOCTYPE html PUBLIC "-//W3C//DTD XHTML 1.0 Transitional//EN"
    "http://www.w3.org/TR/xhtml1/DTD/xhtml1-transitional.dtd">
<html xmlns="http://www.w3.org/1999/xhtml" xml:lang="en" lang="en">
 <head>
  <title>
</title>
<meta http-equiv="Content-Type" content="text/html;charset=utf-8" />
  <meta name='ocr-system' content='tesseract 3.04.00' />
  <meta name='ocr-capabilities' content='ocr_page ocr_carea ocr_par ocr_line ocrx_word'/>
</head>
<body>
  <div class='ocr_page' id='page_1' title='image "./pvirgiliusmaroq00barbgoog_0447.png"; bbox 0 0 2690 4594; ppageno 0'>
   <div class='ocr_carea' id='block_1_1' title="bbox 307 317 1083 414">
    <p class='ocr_par' dir='ltr' id='par_1_1' title="bbox 307 317 1083 414">
     <span class='ocr_line' id='line_1_1' title="bbox 307 317 1083 414; baseline 0.018 -30"><span class='ocrx_word' id='word_1_1' title='bbox 307 317 543 386; x_wconf 77' lang='lat' dir='ltr'><strong>AENEIDOS</strong></span> <span class='ocrx_word' id='word_1_2' title='bbox 566 323 722 408; x_wconf 72' lang='lat' dir='ltr'>LIBER</span> <span class='ocrx_word' id='word_1_3' title='bbox 743 323 818 412; x_wconf 71' lang='lat' dir='ltr'><strong>Ill,</strong></span> <span class='ocrx_word' id='word_1_4' title='bbox 1021 329 1083 414; x_wconf 72' lang='grc'><strong>435</strong></span> 
     </span>
    </p>
   </div>
   <div class='ocr_carea' id='block_1_2' title="bbox 47 438 959 646">
    <p class='ocr_par' dir='ltr' id='par_1_2' title="bbox 47 438 959 646">
     <span class='ocr_line' id='line_1_2' title="bbox 48 438 810 538; baseline 0.021 -37"><span class='ocrx_word' id='word_1_5' title='bbox 48 438 112 501; x_wconf 85' lang='lat' dir='ltr'><strong>Nec</strong></span> <span class='ocrx_word' id='word_1_6' title='bbox 122 439 209 527; x_wconf 92' lang='lat' dir='ltr'><strong>potis</strong></span> <span class='ocrx_word' id='word_1_7' title='bbox 222 440 335 508; x_wconf 89' lang='lat' dir='ltr'><strong>Ionios</strong></span> <span class='ocrx_word' id='word_1_8' title='bbox 347 441 467 512; x_wconf 88' lang='lat' dir='ltr'><strong>fluctus</strong></span> <span class='ocrx_word' id='word_1_9' title='bbox 480 467 610 536; x_wconf 84' lang='lat' dir='ltr'><strong>aequare</strong></span> <span class='ocrx_word' id='word_1_10' title='bbox 623 449 810 538; x_wconf 88' lang='lat' dir='ltr'><strong>sequendo,</strong></span> 
     </span>
     <span class='ocr_line' id='line_1_3' title="bbox 47 542 959 646; baseline 0.023 -41"><span class='ocrx_word' id='word_1_11' title='bbox 47 542 227 611; x_wconf 87' lang='lat' dir='ltr'><strong>Clamorem</strong></span> <span class='ocrx_word' id='word_1_12' title='bbox 239 547 437 616; x_wconf 88' lang='lat' dir='ltr'><strong>immensum</strong></span> <span class='ocrx_word' id='word_1_13' title='bbox 450 552 554 618; x_wconf 86' lang='lat' dir='ltr'><strong>tollit:</strong></span> <span class='ocrx_word' id='word_1_14' title='bbox 568 577 635 644; x_wconf 90' lang='lat' dir='ltr'><strong>quo</strong></span> <span class='ocrx_word' id='word_1_15' title='bbox 647 574 785 646; x_wconf 85' lang='lat' dir='ltr'><strong>pontus,</strong></span> <span class='ocrx_word' id='word_1_16' title='bbox 799 574 831 624; x_wconf 89' lang='lat' dir='ltr'><strong>et</strong></span> <span class='ocrx_word' id='word_1_17' title='bbox 844 581 959 626; x_wconf 87' lang='lat' dir='ltr'><strong>omnes</strong></span> 
     </span>
    </p>
   </div>
   <div class='ocr_carea' id='block_1_3' title="bbox 43 649 1086 1593">
    <p class='ocr_par' dir='ltr' id='par_1_3' title="bbox 48 649 860 752">
     <span class='ocr_line' id='line_1_4' title="bbox 48 649 860 752; baseline 0.027 -42"><span class='ocrx_word' id='word_1_18' title='bbox 48 649 247 732; x_wconf 75' lang='lat' dir='ltr'><strong>intremuere</strong></span> <span class='ocrx_word' id='word_1_19' title='bbox 259 655 372 738; x_wconf 83' lang='lat' dir='ltr'><strong>undae,</strong></span> <span class='ocrx_word' id='word_1_20' title='bbox 385 660 585 752; x_wconf 85' lang='lat' dir='ltr'><strong>penitusque</strong></span> <span class='ocrx_word' id='word_1_21' title='bbox 599 663 751 731; x_wconf 84' lang='lat' dir='ltr'><strong>exterrita</strong></span> <span class='ocrx_word' id='word_1_22' title='bbox 763 665 860 732; x_wconf 88' lang='lat' dir='ltr'><strong>tellus</strong></span> 
     </span>
    </p>

    <p class='ocr_par' dir='ltr' id='par_1_4' title="bbox 46 756 800 856">
     <span class='ocr_line' id='line_1_5' title="bbox 46 756 800 856; baseline 0.027 -38"><span class='ocrx_word' id='word_1_23' title='bbox 46 756 156 838; x_wconf 78' lang='lat' dir='ltr'><strong>ltaliae,</strong></span> <span class='ocrx_word' id='word_1_24' title='bbox 170 763 345 854; x_wconf 83' lang='lat' dir='ltr'><strong>curvisque</strong></span> <span class='ocrx_word' id='word_1_25' title='bbox 359 765 523 856; x_wconf 76' lang='lat' dir='ltr'><strong>immugiit</strong></span> <span class='ocrx_word' id='word_1_26' title='bbox 534 769 629 837; x_wconf 77' lang='lat' dir='ltr'><strong>AEtne</strong></span> <span class='ocrx_word' id='word_1_27' title='bbox 641 772 800 838; x_wconf 81' lang='lat' dir='ltr'><strong>cavernis.</strong></span> 
     </span>
    </p>

    <p class='ocr_par' dir='ltr' id='par_1_5' title="bbox 45 864 1086 1072">
     <span class='ocr_line' id='line_1_6' title="bbox 45 864 1086 964; baseline 0.028 -39"><span class='ocrx_word' id='word_1_28' title='bbox 45 864 85 926; x_wconf 82' lang='lat' dir='ltr'><strong>At</strong></span> <span class='ocrx_word' id='word_1_29' title='bbox 96 871 331 960; x_wconf 77' lang='lat' dir='ltr'><strong>genusesilvis</strong></span> <span class='ocrx_word' id='word_1_30' title='bbox 344 873 528 964; x_wconf 78' lang='lat' dir='ltr'><strong>Cyclopum</strong></span> <span class='ocrx_word' id='word_1_31' title='bbox 539 893 573 940; x_wconf 89' lang='lat' dir='ltr'><strong>et</strong></span> <span class='ocrx_word' id='word_1_32' title='bbox 583 873 753 942; x_wconf 85' lang='lat' dir='ltr'><strong>montibus</strong></span> <span class='ocrx_word' id='word_1_33' title='bbox 765 879 838 944; x_wconf 80' lang='lat' dir='ltr'><strong>altis</strong></span> <span class='ocrx_word' id='word_1_34' title='bbox 1041 888 1086 954; x_wconf 77' lang='lat'><strong>⁶75</strong></span> 
     </span>
     <span class='ocr_line' id='line_1_7' title="bbox 45 967 812 1072; baseline 0.026 -44"><span class='ocrx_word' id='word_1_35' title='bbox 45 967 192 1036; x_wconf 88' lang='lat' dir='ltr'><strong>Excitum</strong></span> <span class='ocrx_word' id='word_1_36' title='bbox 204 975 270 1040; x_wconf 89' lang='lat' dir='ltr'><strong>ruit</strong></span> <span class='ocrx_word' id='word_1_37' title='bbox 281 975 323 1042; x_wconf 86' lang='lat' dir='ltr'><strong>ad</strong></span> <span class='ocrx_word' id='word_1_38' title='bbox 335 995 465 1068; x_wconf 90' lang='lat' dir='ltr'><strong>portus,</strong></span> <span class='ocrx_word' id='word_1_39' title='bbox 481 997 513 1045; x_wconf 88' lang='lat' dir='ltr'><strong>et</strong></span> <span class='ocrx_word' id='word_1_40' title='bbox 524 981 621 1048; x_wconf 83' lang='lat' dir='ltr'><strong>litora</strong></span> <span class='ocrx_word' id='word_1_41' title='bbox 633 982 812 1072; x_wconf 87' lang='lat' dir='ltr'><strong>complent.</strong></span> 
     </span>
    </p>

    <p class='ocr_par' dir='ltr' id='par_1_6' title="bbox 46 1074 870 1176">
     <span class='ocr_line' id='line_1_8' title="bbox 46 1074 870 1176; baseline 0.023 -41"><span class='ocrx_word' id='word_1_42' title='bbox 46 1074 215 1145; x_wconf 79' lang='lat' dir='ltr'><strong>Cernimus</strong></span> <span class='ocrx_word' id='word_1_43' title='bbox 226 1080 385 1149; x_wconf 84' lang='lat' dir='ltr'><strong>adstantis</strong></span> <span class='ocrx_word' id='word_1_44' title='bbox 397 1085 625 1176; x_wconf 84' lang='lat' dir='ltr'><strong>nequidquam</strong></span> <span class='ocrx_word' id='word_1_45' title='bbox 636 1088 762 1153; x_wconf 88' lang='lat' dir='ltr'><strong>lumine</strong></span> <span class='ocrx_word' id='word_1_46' title='bbox 775 1106 870 1164; x_wconf 81' lang='lat' dir='ltr'><strong>torvo</strong></span> 
     </span>
    </p>

    <p class='ocr_par' dir='ltr' id='par_1_7' title="bbox 45 1179 778 1281">
     <span class='ocr_line' id='line_1_9' title="bbox 45 1179 778 1281; baseline 0.029 -41"><span class='ocrx_word' id='word_1_47' title='bbox 45 1179 183 1250; x_wconf 84' lang='lat' dir='ltr'><strong>AEtnaeos</strong></span> <span class='ocrx_word' id='word_1_48' title='bbox 195 1183 326 1268; x_wconf 84' lang='lat' dir='ltr'><strong>fratres,</strong></span> <span class='ocrx_word' id='word_1_49' title='bbox 339 1189 420 1257; x_wconf 86' lang='lat' dir='ltr'><strong>caelo</strong></span> <span class='ocrx_word' id='word_1_50' title='bbox 433 1193 540 1281; x_wconf 82' lang='lat' dir='ltr'><strong>capita</strong></span> <span class='ocrx_word' id='word_1_51' title='bbox 551 1192 617 1258; x_wconf 82' lang='lat' dir='ltr'><strong>alta</strong></span> <span class='ocrx_word' id='word_1_52' title='bbox 628 1193 778 1276; x_wconf 88' lang='lat' dir='ltr'><strong>ferentis,</strong></span> 
     </span>
    </p>

    <p class='ocr_par' dir='ltr' id='par_1_8' title="bbox 45 1285 915 1387">
     <span class='ocr_line' id='line_1_10' title="bbox 45 1285 915 1387; baseline 0.024 -39"><span class='ocrx_word' id='word_1_53' title='bbox 45 1285 226 1356; x_wconf 83' lang='lat' dir='ltr'><strong>Concilium</strong></span> <span class='ocrx_word' id='word_1_54' title='bbox 237 1291 461 1361; x_wconf 87' lang='lat' dir='ltr'><strong>horrendum:</strong></span> <span class='ocrx_word' id='word_1_55' title='bbox 476 1299 589 1387; x_wconf 84' lang='lat' dir='ltr'><strong>quales</strong></span> <span class='ocrx_word' id='word_1_56' title='bbox 602 1323 679 1365; x_wconf 90' lang='lat' dir='ltr'><strong>cum</strong></span> <span class='ocrx_word' id='word_1_57' title='bbox 691 1302 814 1368; x_wconf 88' lang='lat' dir='ltr'><strong>vertice</strong></span> <span class='ocrx_word' id='word_1_58' title='bbox 827 1301 915 1368; x_wconf 86' lang='lat' dir='ltr'><strong>celso</strong></span> 
     </span>
    </p>

    <p class='ocr_par' dir='ltr' id='par_1_9' title="bbox 43 1391 1086 1593">
     <span class='ocr_line' id='line_1_11' title="bbox 43 1391 1086 1496; baseline 0.026 -42"><span class='ocrx_word' id='word_1_59' title='bbox 43 1391 142 1458; x_wconf 80' lang='lat' dir='ltr'><strong>Aeriae</strong></span> <span class='ocrx_word' id='word_1_60' title='bbox 156 1420 312 1485; x_wconf 90' lang='lat' dir='ltr'><strong>quercus,</strong></span> <span class='ocrx_word' id='word_1_61' title='bbox 325 1418 382 1467; x_wconf 85' lang='lat' dir='ltr'><strong>eut</strong></span> <span class='ocrx_word' id='word_1_62' title='bbox 394 1405 550 1470; x_wconf 78' lang='lat' dir='ltr'><strong>coniferae</strong></span> <span class='ocrx_word' id='word_1_63' title='bbox 562 1408 719 1496; x_wconf 85' lang='lat' dir='ltr'><strong>cyparissi</strong></span> <span class='ocrx_word' id='word_1_64' title='bbox 1040 1421 1086 1468; x_wconf 77' lang='lat'><strong>⁶⁸0</strong></span> 
     </span>
     <span class='ocr_line' id='line_1_12' title="bbox 45 1499 1073 1593; baseline 0.02 -28"><span class='ocrx_word' id='word_1_65' title='bbox 45 1499 280 1588; x_wconf 75' lang='lat' dir='ltr'><strong>Constiterant,</strong></span> <span class='ocrx_word' id='word_1_66' title='bbox 295 1509 376 1576; x_wconf 83' lang='lat' dir='ltr'><strong>silva</strong></span> <span class='ocrx_word' id='word_1_67' title='bbox 386 1511 451 1578; x_wconf 81' lang='lat' dir='ltr'><strong>elta</strong></span> <span class='ocrx_word' id='word_1_68' title='bbox 462 1514 481 1576; x_wconf 90' lang='lat' dir='ltr'>J</span> <span class='ocrx_word' id='word_1_69' title='bbox 484 1513 569 1593; x_wconf 75' lang='lat' dir='ltr'><strong>ovio,</strong></span> <span class='ocrx_word' id='word_1_70' title='bbox 583 1514 719 1581; x_wconf 88' lang='lat' dir='ltr'><strong>lucusve</strong></span> <span class='ocrx_word' id='word_1_71' title='bbox 731 1516 856 1581; x_wconf 83' lang='lat' dir='ltr'><strong>Dianae.</strong></span> <span class='ocrx_word' id='word_1_72' title='bbox 1067 1517 1073 1527; x_wconf 78' lang='grc'><em>’</em></span> 
     </span>
    </p>
   </div>
   <div class='ocr_carea' id='block_1_4' title="bbox 41 1696 1139 2840">
    <p class='ocr_par' dir='ltr' id='par_1_10' title="bbox 41 1696 1139 2840">
     <span class='ocr_line' id='line_1_13' title="bbox 44 1696 1089 1774; baseline 0.012 -33"><span class='ocrx_word' id='word_1_73' title='bbox 44 1696 118 1746; x_wconf 83' lang='lat' dir='ltr'><strong>lieins.</strong></span> <span class='ocrx_word' id='word_1_74' title='bbox 130 1701 190 1749; x_wconf 82' lang='lat' dir='ltr'><strong>Nam</strong></span> <span class='ocrx_word' id='word_1_75' title='bbox 199 1705 312 1770; x_wconf 66' lang='lat' dir='ltr'><strong>odiet-ture</strong></span> <span class='ocrx_word' id='word_1_76' title='bbox 320 1707 358 1756; x_wconf 82' lang='lat' dir='ltr'><strong>vel</strong></span> <span class='ocrx_word' id='word_1_77' title='bbox 368 1710 474 1772; x_wconf 82' lang='lat' dir='ltr'><strong>injectare</strong></span> <span class='ocrx_word' id='word_1_78' title='bbox 483 1708 600 1768; x_wconf 81' lang='lat' dir='ltr'><strong>dextram,</strong></span> <span class='ocrx_word' id='word_1_79' title='bbox 612 1727 665 1774; x_wconf 82' lang='lat' dir='ltr'><strong>quae</strong></span> <span class='ocrx_word' id='word_1_80' title='bbox 674 1709 741 1758; x_wconf 75' lang='lat' dir='ltr'><strong>facile</strong></span> <span class='ocrx_word' id='word_1_81' title='bbox 753 1711 827 1758; x_wconf 71' lang='lat' dir='ltr'><strong>estivis</strong></span> <span class='ocrx_word' id='word_1_82' title='bbox 835 1712 862 1755; x_wconf 87' lang='lat' dir='ltr'><strong>in</strong></span> <span class='ocrx_word' id='word_1_83' title='bbox 870 1718 972 1756; x_wconf 86' lang='lat' dir='ltr'><strong>mentem</strong></span> <span class='ocrx_word' id='word_1_84' title='bbox 981 1711 1089 1764; x_wconf 81' lang='lat' dir='ltr'><strong>veniant,</strong></span> 
     </span>
     <span class='ocr_line' id='line_1_14' title="bbox 45 1771 1089 1842; baseline 0.008 -27"><span class='ocrx_word' id='word_1_85' title='bbox 45 1771 185 1820; x_wconf 74' lang='lat' dir='ltr'><strong>acutioribus</strong></span> <span class='ocrx_word' id='word_1_86' title='bbox 196 1790 245 1822; x_wconf 90' lang='lat' dir='ltr'><strong>nou</strong></span> <span class='ocrx_word' id='word_1_87' title='bbox 260 1776 330 1828; x_wconf 74' lang='lat' dir='ltr'><strong>facile</strong></span> <span class='ocrx_word' id='word_1_88' title='bbox 341 1794 366 1826; x_wconf 83' lang='lat' dir='ltr'><strong>ee</strong></span> <span class='ocrx_word' id='word_1_89' title='bbox 382 1780 491 1842; x_wconf 86' lang='lat' dir='ltr'><strong>probent.</strong></span> <span class='ocrx_word' id='word_1_90' title='bbox 506 1781 574 1827; x_wconf 79' lang='lat' dir='ltr'><strong>Prius</strong></span> <span class='ocrx_word' id='word_1_91' title='bbox 586 1780 658 1838; x_wconf 89' lang='lat' dir='ltr'><strong>illud,</strong></span> <span class='ocrx_word' id='word_1_92' title='bbox 680 1781 736 1827; x_wconf 86' lang='lat' dir='ltr'><strong>dum</strong></span> <span class='ocrx_word' id='word_1_93' title='bbox 747 1779 881 1826; x_wconf 78' lang='lat' dir='ltr'><strong>Marklandi</strong></span> <span class='ocrx_word' id='word_1_94' title='bbox 895 1778 973 1824; x_wconf 86' lang='lat' dir='ltr'><strong>locum</strong></span> <span class='ocrx_word' id='word_1_95' title='bbox 982 1781 1008 1823; x_wconf 89' lang='lat' dir='ltr'><strong>in</strong></span> <span class='ocrx_word' id='word_1_96' title='bbox 1017 1780 1089 1840; x_wconf 83' lang='lat' dir='ltr'><strong>Epist.</strong></span> 
     </span>
     <span class='ocr_line' id='line_1_15' title="bbox 45 1837 1090 1912; baseline 0.006 -24"><span class='ocrx_word' id='word_1_97' title='bbox 45 1837 96 1884; x_wconf 75' lang='lat' dir='ltr'><strong>Crit.</strong></span> <span class='ocrx_word' id='word_1_98' title='bbox 106 1842 136 1888; x_wconf 86' lang='lat' dir='ltr'><strong>ad</strong></span> <span class='ocrx_word' id='word_1_99' title='bbox 148 1845 186 1890; x_wconf 84' lang='lat' dir='ltr'><strong>Fr.</strong></span> <span class='ocrx_word' id='word_1_100' title='bbox 200 1847 261 1894; x_wconf 85' lang='lat' dir='ltr'><strong>liare</strong></span> <span class='ocrx_word' id='word_1_101' title='bbox 272 1865 296 1912; x_wconf 90' lang='lat' dir='ltr'><strong>p.</strong></span> <span class='ocrx_word' id='word_1_102' title='bbox 312 1863 338 1910; x_wconf 87' lang='lat'><strong>17</strong></span> <span class='ocrx_word' id='word_1_103' title='bbox 351 1865 364 1894; x_wconf 91' lang='lat' dir='ltr'><strong>a</strong></span> <span class='ocrx_word' id='word_1_104' title='bbox 376 1851 445 1896; x_wconf 74' lang='lat' dir='ltr'><strong>Serio</strong></span> <span class='ocrx_word' id='word_1_105' title='bbox 453 1851 583 1898; x_wconf 84' lang='lat' dir='ltr'><strong>indicatum</strong></span> <span class='ocrx_word' id='word_1_106' title='bbox 595 1851 689 1908; x_wconf 78' lang='lat' dir='ltr'><strong>evolvo,</strong></span> <span class='ocrx_word' id='word_1_107' title='bbox 701 1852 794 1900; x_wconf 78' lang='lat' dir='ltr'><strong>videos</strong></span> <span class='ocrx_word' id='word_1_108' title='bbox 806 1849 900 1896; x_wconf 84' lang='lat' dir='ltr'><strong>Valesio</strong></span> <span class='ocrx_word' id='word_1_109' title='bbox 908 1852 955 1912; x_wconf 86' lang='lat' dir='ltr'><strong>jam</strong></span> <span class='ocrx_word' id='word_1_110' title='bbox 966 1849 1021 1895; x_wconf 89' lang='lat' dir='ltr'><strong>olim</strong></span> <span class='ocrx_word' id='word_1_111' title='bbox 1031 1865 1090 1912; x_wconf 87' lang='lat' dir='ltr'><strong>pro-</strong></span> 
     </span>
     <span class='ocr_line' id='line_1_16' title="bbox 44 1915 1092 1986; baseline -0.008 -14"><span class='ocrx_word' id='word_1_112' title='bbox 44 1915 155 1972; x_wconf 69' lang='lat' dir='ltr'><strong>P⁰⁸l⁸¹¹m‚</strong></span> <span class='ocrx_word' id='word_1_113' title='bbox 166 1928 190 1978; x_wconf 66' lang='lat'><strong>²!</strong></span> <span class='ocrx_word' id='word_1_114' title='bbox 199 1919 229 1964; x_wconf 78' lang='lat' dir='ltr'><strong>ab</strong></span> <span class='ocrx_word' id='word_1_115' title='bbox 238 1920 334 1968; x_wconf 81' lang='lat' dir='ltr'><strong>Editore</strong></span> <span class='ocrx_word' id='word_1_116' title='bbox 343 1922 477 1986; x_wconf 73' lang='lat' dir='ltr'><strong>cantabrig.</strong></span> <span class='ocrx_word' id='word_1_117' title='bbox 487 1924 624 1986; x_wconf 79' lang='lat' dir='ltr'><strong>probatum,</strong></span> <span class='ocrx_word' id='word_1_118' title='bbox 637 1940 649 1969; x_wconf 86' lang='lat' dir='ltr'><strong>a</strong></span> <span class='ocrx_word' id='word_1_119' title='bbox 659 1921 800 1970; x_wconf 77' lang='lat' dir='ltr'><strong>Marklando</strong></span> <span class='ocrx_word' id='word_1_120' title='bbox 809 1922 887 1970; x_wconf 79' lang='lat' dir='ltr'><strong>refelli</strong></span> <span class='ocrx_word' id='word_1_121' title='bbox 897 1933 921 1968; x_wconf 86' lang='lat' dir='ltr'><strong>et</strong></span> <span class='ocrx_word' id='word_1_122' title='bbox 929 1922 1012 1967; x_wconf 79' lang='lat' dir='ltr'><strong>dextro</strong></span> <span class='ocrx_word' id='word_1_123' title='bbox 1018 1920 1092 1986; x_wconf 80' lang='lat' dir='ltr'><strong>offec-</strong></span> 
     </span>
     <span class='ocr_line' id='line_1_17' title="bbox 45 1986 1092 2057; baseline -0.002 -21"><span class='ocrx_word' id='word_1_124' title='bbox 45 1989 89 2027; x_wconf 68' lang='lat' dir='ltr'><strong>We</strong></span> <span class='ocrx_word' id='word_1_125' title='bbox 99 1986 206 2046; x_wconf 77' lang='lat' dir='ltr'><strong>praeferri</strong></span> <span class='ocrx_word' id='word_1_126' title='bbox 216 2002 239 2036; x_wconf 91' lang='lat' dir='ltr'><strong>et</strong></span> <span class='ocrx_word' id='word_1_127' title='bbox 249 1989 369 2038; x_wconf 77' lang='lat' dir='ltr'><strong>illustrari.</strong></span> <span class='ocrx_word' id='word_1_128' title='bbox 379 1994 429 2040; x_wconf 88' lang='lat' dir='ltr'><strong>lloc</strong></span> <span class='ocrx_word' id='word_1_129' title='bbox 438 1994 534 2041; x_wconf 78' lang='lat' dir='ltr'><strong>tandem</strong></span> <span class='ocrx_word' id='word_1_130' title='bbox 544 2007 568 2041; x_wconf 92' lang='lat' dir='ltr'><strong>et</strong></span> <span class='ocrx_word' id='word_1_131' title='bbox 576 1997 694 2057; x_wconf 59' lang='lat' dir='ltr'><strong>ipserum</strong></span> <span class='ocrx_word' id='word_1_132' title='bbox 702 1993 804 2040; x_wconf 79' lang='lat' dir='ltr'><strong>Brunclr.</strong></span> <span class='ocrx_word' id='word_1_133' title='bbox 813 1991 914 2056; x_wconf 76' lang='lat' dir='ltr'><strong>praetuli.</strong></span> <span class='ocrx_word' id='word_1_134' title='bbox 926 2017 958 2029; x_wconf 91' lang='lat'><strong>·-</strong></span> <span class='ocrx_word' id='word_1_135' title='bbox 969 1991 1023 2054; x_wconf 75' lang='lat'><strong>672.</strong></span> <span class='ocrx_word' id='word_1_136' title='bbox 1036 1989 1092 2035; x_wconf 77' lang='lat' dir='ltr'><strong>cta-</strong></span> 
     </span>
     <span class='ocr_line' id='line_1_18' title="bbox 42 2055 1090 2129; baseline 0.004 -31"><span class='ocrx_word' id='word_1_137' title='bbox 42 2065 121 2100; x_wconf 85' lang='lat' dir='ltr'><strong>morem</strong></span> <span class='ocrx_word' id='word_1_138' title='bbox 128 2055 266 2106; x_wconf 76' lang='lat' dir='ltr'><strong>horrentium</strong></span> <span class='ocrx_word' id='word_1_139' title='bbox 272 2077 308 2124; x_wconf 85' lang='lat' dir='ltr'><strong>pr.</strong></span> <span class='ocrx_word' id='word_1_140' title='bbox 318 2063 403 2110; x_wconf 84' lang='lat' dir='ltr'><strong>llamb.</strong></span> <span class='ocrx_word' id='word_1_141' title='bbox 413 2067 524 2129; x_wconf 76' lang='lat' dir='ltr'><strong>inqentem</strong></span> <span class='ocrx_word' id='word_1_142' title='bbox 533 2064 592 2111; x_wconf 89' lang='lat' dir='ltr'><strong>alter</strong></span> <span class='ocrx_word' id='word_1_143' title='bbox 600 2080 605 2109; x_wconf 73' lang='grc' dir='ltr'><strong><em>ε</em></strong></span> <span class='ocrx_word' id='word_1_144' title='bbox 614 2067 679 2128; x_wconf 83' lang='lat' dir='ltr'><strong>ponit</strong></span> <span class='ocrx_word' id='word_1_145' title='bbox 687 2063 778 2127; x_wconf 79' lang='lat' dir='ltr'><strong>aliquot</strong></span> <span class='ocrx_word' id='word_1_146' title='bbox 787 2065 847 2110; x_wconf 86' lang='lat' dir='ltr'><strong>Pier.</strong></span> <span class='ocrx_word' id='word_1_147' title='bbox 858 2077 912 2108; x_wconf 84' lang='lat' dir='ltr'><strong>eum</strong></span> <span class='ocrx_word' id='word_1_148' title='bbox 922 2059 1003 2122; x_wconf 74' lang='lat' dir='ltr'><strong>fragm.</strong></span> <span class='ocrx_word' id='word_1_149' title='bbox 1013 2060 1090 2105; x_wconf 88' lang='lat' dir='ltr'><strong>Vatic.</strong></span> 
     </span>
     <span class='ocr_line' id='line_1_19' title="bbox 44 2130 1139 2204; baseline -0.007 -23"><span class='ocrx_word' id='word_1_150' title='bbox 44 2137 95 2168; x_wconf 79' lang='lat'>²¹³¹·</span> <span class='ocrx_word' id='word_1_151' title='bbox 105 2141 141 2188; x_wconf 76' lang='lat' dir='ltr'><strong>Pl·-</strong></span> <span class='ocrx_word' id='word_1_152' title='bbox 154 2154 187 2164; x_wconf 92' lang='grc'>-</span> <span class='ocrx_word' id='word_1_153' title='bbox 198 2131 253 2194; x_wconf 83' lang='lat'><strong>673.</strong></span> <span class='ocrx_word' id='word_1_154' title='bbox 264 2133 423 2180; x_wconf 75' lang='lat' dir='ltr'><strong>Contremuere</strong></span> <span class='ocrx_word' id='word_1_155' title='bbox 431 2135 518 2181; x_wconf 85' lang='lat' dir='ltr'><strong>Medic.</strong></span> <span class='ocrx_word' id='word_1_156' title='bbox 531 2149 584 2180; x_wconf 87' lang='lat' dir='ltr'><strong>cum</strong></span> <span class='ocrx_word' id='word_1_157' title='bbox 594 2134 670 2181; x_wconf 90' lang='lat' dir='ltr'><strong>Colot.</strong></span> <span class='ocrx_word' id='word_1_158' title='bbox 684 2134 830 2196; x_wconf 81' lang='lat' dir='ltr'><strong>infremuere,</strong></span> <span class='ocrx_word' id='word_1_159' title='bbox 844 2130 908 2196; x_wconf 92' lang='lat' dir='ltr'><strong>quod</strong></span> <span class='ocrx_word' id='word_1_160' title='bbox 918 2147 973 2178; x_wconf 86' lang='lat' dir='ltr'><strong>sane</strong></span> <span class='ocrx_word' id='word_1_161' title='bbox 984 2142 1008 2175; x_wconf 86' lang='lat' dir='ltr'><strong>ct</strong></span> <span class='ocrx_word' id='word_1_162' title='bbox 1016 2131 1093 2196; x_wconf 82' lang='lat' dir='ltr'><strong>ipsum</strong></span> <span class='ocrx_word' id='word_1_163' title='bbox 1134 2189 1139 2204; x_wconf 42' lang='lat'><strong>·</strong></span> 
     </span>
     <span class='ocr_line' id='line_1_20' title="bbox 42 2193 1093 2269; baseline 0.001 -24"><span class='ocrx_word' id='word_1_164' title='bbox 42 2193 151 2259; x_wconf 80' lang='lat' dir='ltr'><strong>frequens</strong></span> <span class='ocrx_word' id='word_1_165' title='bbox 164 2199 193 2246; x_wconf 88' lang='lat' dir='ltr'><strong>de</strong></span> <span class='ocrx_word' id='word_1_166' title='bbox 203 2206 262 2250; x_wconf 85' lang='lat' dir='ltr'><strong>mari</strong></span> <span class='ocrx_word' id='word_1_167' title='bbox 274 2216 298 2251; x_wconf 93' lang='lat' dir='ltr'><strong>et</strong></span> <span class='ocrx_word' id='word_1_168' title='bbox 310 2204 427 2252; x_wconf 82' lang='lat' dir='ltr'><strong>fluctibus.</strong></span> <span class='ocrx_word' id='word_1_169' title='bbox 445 2206 492 2254; x_wconf 85' lang='lat' dir='ltr'><strong>Sed</strong></span> <span class='ocrx_word' id='word_1_170' title='bbox 503 2205 542 2252; x_wconf 87' lang='lat' dir='ltr'><strong>hic</strong></span> <span class='ocrx_word' id='word_1_171' title='bbox 550 2208 660 2269; x_wconf 75' lang='lat' dir='ltr'><strong>juugitur</strong></span> <span class='ocrx_word' id='word_1_172' title='bbox 676 2222 682 2250; x_wconf 72' lang='grc' dir='ltr'><em>ι</em></span> <span class='ocrx_word' id='word_1_173' title='bbox 702 2209 810 2252; x_wconf 79' lang='lat' dir='ltr'><strong>exterrito</strong></span> <span class='ocrx_word' id='word_1_174' title='bbox 830 2201 903 2252; x_wconf 80' lang='lat' dir='ltr'><strong>tellus¹</strong></span> <span class='ocrx_word' id='word_1_175' title='bbox 915 2228 947 2239; x_wconf 90' lang='lat'><em>-</em></span> <span class='ocrx_word' id='word_1_176' title='bbox 957 2202 1012 2265; x_wconf 66' lang='lat'><strong>674.</strong></span> <span class='ocrx_word' id='word_1_177' title='bbox 1026 2200 1093 2247; x_wconf 84' lang='lat' dir='ltr'><strong>tellus</strong></span> 
     </span>
     <span class='ocr_line' id='line_1_21' title="bbox 46 2267 1093 2340; baseline 0.002 -24"><span class='ocrx_word' id='word_1_178' title='bbox 46 2267 166 2316; x_wconf 79' lang='lat' dir='ltr'><strong>Trinocn‘oe</strong></span> <span class='ocrx_word' id='word_1_179' title='bbox 180 2274 285 2320; x_wconf 77' lang='lat' dir='ltr'><strong>Perrhae.</strong></span> <span class='ocrx_word' id='word_1_180' title='bbox 302 2287 325 2320; x_wconf 90' lang='lat' dir='ltr'><strong>et</strong></span> <span class='ocrx_word' id='word_1_181' title='bbox 339 2275 430 2338; x_wconf 80' lang='lat' dir='ltr'><strong>aliquot</strong></span> <span class='ocrx_word' id='word_1_182' title='bbox 442 2278 504 2323; x_wconf 85' lang='lat' dir='ltr'><strong>Pier.</strong></span> <span class='ocrx_word' id='word_1_183' title='bbox 517 2293 572 2322; x_wconf 89' lang='lat' dir='ltr'><strong>cum</strong></span> <span class='ocrx_word' id='word_1_184' title='bbox 586 2277 655 2324; x_wconf 85' lang='lat' dir='ltr'><strong>Goth.</strong></span> <span class='ocrx_word' id='word_1_185' title='bbox 670 2293 706 2340; x_wconf 88' lang='lat' dir='ltr'><strong>pr.</strong></span> <span class='ocrx_word' id='word_1_186' title='bbox 726 2293 754 2323; x_wconf 83' lang='lat' dir='ltr'><strong>ex</strong></span> <span class='ocrx_word' id='word_1_187' title='bbox 773 2274 966 2340; x_wconf 84' lang='lat' dir='ltr'><strong>interpolatione,</strong></span> <span class='ocrx_word' id='word_1_188' title='bbox 981 2275 1093 2338; x_wconf 77' lang='lat' dir='ltr'><strong>quoniam</strong></span> 
     </span>
     <span class='ocr_line' id='line_1_22' title="bbox 42 2335 1093 2408; baseline -0.01 -12"><span class='ocrx_word' id='word_1_189' title='bbox 42 2335 109 2383; x_wconf 62' lang='grc' dir='ltr'><strong>ΕΜ</strong></span> <span class='ocrx_word' id='word_1_190' title='bbox 119 2344 235 2404; x_wconf 54' lang='lat' dir='ltr'><strong>“quintr-</strong></span> <span class='ocrx_word' id='word_1_191' title='bbox 248 2347 350 2408; x_wconf 72' lang='lat' dir='ltr'><strong>immuqit</strong></span> <span class='ocrx_word' id='word_1_192' title='bbox 359 2347 469 2393; x_wconf 79' lang='lat' dir='ltr'><strong>scribitur</strong></span> <span class='ocrx_word' id='word_1_193' title='bbox 480 2350 505 2392; x_wconf 88' lang='lat' dir='ltr'><strong>iu</strong></span> <span class='ocrx_word' id='word_1_194' title='bbox 518 2347 597 2394; x_wconf 81' lang='lat' dir='ltr'><strong>multis</strong></span> <span class='ocrx_word' id='word_1_195' title='bbox 608 2347 691 2404; x_wconf 82' lang='lat' dir='ltr'><strong>codd,</strong></span> <span class='ocrx_word' id='word_1_196' title='bbox 702 2347 745 2394; x_wconf 82' lang='lat' dir='ltr'><strong>sed</strong></span> <span class='ocrx_word' id='word_1_197' title='bbox 755 2365 778 2396; x_wconf 89' lang='lat' dir='ltr'><strong>v.</strong></span> <span class='ocrx_word' id='word_1_198' title='bbox 791 2347 870 2392; x_wconf 84' lang='lat' dir='ltr'><strong>Heius.</strong></span> <span class='ocrx_word' id='word_1_199' title='bbox 882 2348 976 2391; x_wconf 78' lang='lat' dir='ltr'><strong>caminis</strong></span> <span class='ocrx_word' id='word_1_200' title='bbox 985 2342 1093 2399; x_wconf 65' lang='lat' dir='ltr'><strong>viatur,</strong></span> 
     </span>
     <span class='ocr_line' id='line_1_23' title="bbox 44 2405 1093 2486; baseline 0.008 -33"><span class='ocrx_word' id='word_1_201' title='bbox 44 2405 189 2460; x_wconf 84' lang='lat' dir='ltr'><strong>hauddubie</strong></span> <span class='ocrx_word' id='word_1_202' title='bbox 201 2431 230 2461; x_wconf 82' lang='lat' dir='ltr'><strong>ex</strong></span> <span class='ocrx_word' id='word_1_203' title='bbox 242 2415 294 2464; x_wconf 82' lang='lat'><strong>580.</strong></span> <span class='ocrx_word' id='word_1_204' title='bbox 307 2442 338 2452; x_wconf 89' lang='lat'>—</span> <span class='ocrx_word' id='word_1_205' title='bbox 350 2417 403 2480; x_wconf 80' lang='lat'><strong>675.</strong></span> <span class='ocrx_word' id='word_1_206' title='bbox 417 2420 480 2484; x_wconf 72' lang='lat'><strong>1329.</strong></span> <span class='ocrx_word' id='word_1_207' title='bbox 492 2421 553 2464; x_wconf 86' lang='lat' dir='ltr'><strong>Ven.</strong></span> <span class='ocrx_word' id='word_1_208' title='bbox 566 2421 598 2465; x_wconf 85' lang='lat' dir='ltr'><strong>Et</strong></span> <span class='ocrx_word' id='word_1_209' title='bbox 608 2436 664 2486; x_wconf 72' lang='lat' dir='ltr'><strong>qens</strong></span> <span class='ocrx_word' id='word_1_210' title='bbox 677 2421 744 2466; x_wconf 82' lang='lat' dir='ltr'><strong>Voss.</strong></span> <span class='ocrx_word' id='word_1_211' title='bbox 763 2435 799 2482; x_wconf 86' lang='lat' dir='ltr'><strong>pr.</strong></span> <span class='ocrx_word' id='word_1_212' title='bbox 817 2430 840 2465; x_wconf 89' lang='lat' dir='ltr'><strong>et</strong></span> <span class='ocrx_word' id='word_1_213' title='bbox 851 2420 943 2480; x_wconf 72' lang='lat' dir='ltr'><strong>liuflen.</strong></span> <span class='ocrx_word' id='word_1_214' title='bbox 955 2433 968 2462; x_wconf 87' lang='lat' dir='ltr'><strong>e</strong></span> <span class='ocrx_word' id='word_1_215' title='bbox 982 2415 1093 2462; x_wconf 82' lang='lat' dir='ltr'><strong>montibus</strong></span> 
     </span>
     <span class='ocr_line' id='line_1_24' title="bbox 42 2477 1094 2553; baseline 0.002 -24"><span class='ocrx_word' id='word_1_216' title='bbox 42 2477 125 2528; x_wconf 79' lang='lat' dir='ltr'><strong>Medic.</strong></span> <span class='ocrx_word' id='word_1_217' title='bbox 141 2483 203 2530; x_wconf 89' lang='lat' dir='ltr'><strong>Gud.</strong></span> <span class='ocrx_word' id='word_1_218' title='bbox 217 2501 270 2532; x_wconf 88' lang='lat' dir='ltr'><strong>cum</strong></span> <span class='ocrx_word' id='word_1_219' title='bbox 282 2485 334 2533; x_wconf 88' lang='lat' dir='ltr'><strong>aliis</strong></span> <span class='ocrx_word' id='word_1_220' title='bbox 351 2488 430 2536; x_wconf 71' lang='lat' dir='ltr'><strong>Heius.</strong></span> <span class='ocrx_word' id='word_1_221' title='bbox 452 2498 476 2534; x_wconf 86' lang='lat' dir='ltr'><strong>et</strong></span> <span class='ocrx_word' id='word_1_222' title='bbox 492 2488 554 2534; x_wconf 82' lang='lat' dir='ltr'><strong>silvis</strong></span> <span class='ocrx_word' id='word_1_223' title='bbox 566 2488 689 2553; x_wconf 85' lang='lat' dir='ltr'><strong>Cyclopum</strong></span> <span class='ocrx_word' id='word_1_224' title='bbox 700 2497 723 2535; x_wconf 87' lang='lat' dir='ltr'><strong>et</strong></span> <span class='ocrx_word' id='word_1_225' title='bbox 735 2487 846 2536; x_wconf 83' lang='lat' dir='ltr'><strong>montibus</strong></span> <span class='ocrx_word' id='word_1_226' title='bbox 858 2487 918 2534; x_wconf 85' lang='lat' dir='ltr'><strong>Ven.</strong></span> <span class='ocrx_word' id='word_1_227' title='bbox 931 2487 1001 2532; x_wconf 85' lang='lat' dir='ltr'><strong>Goth.</strong></span> <span class='ocrx_word' id='word_1_228' title='bbox 1013 2503 1049 2548; x_wconf 92' lang='lat' dir='ltr'><strong>pr.</strong></span> <span class='ocrx_word' id='word_1_229' title='bbox 1062 2511 1094 2524; x_wconf 90' lang='grc'><strong>--</strong></span> 
     </span>
     <span class='ocr_line' id='line_1_25' title="bbox 41 2551 1091 2622; baseline -0.01 -8"><span class='ocrx_word' id='word_1_230' title='bbox 41 2551 92 2614; x_wconf 81' lang='lat'><strong><em>⁶7⁶·</em></strong></span> <span class='ocrx_word' id='word_1_231' title='bbox 106 2555 137 2600; x_wconf 67' lang='lat' dir='ltr'><strong>“d</strong></span> <span class='ocrx_word' id='word_1_232' title='bbox 148 2565 227 2617; x_wconf 75' lang='lat' dir='ltr'><strong>portos</strong></span> <span class='ocrx_word' id='word_1_233' title='bbox 244 2557 292 2604; x_wconf 92' lang='lat' dir='ltr'><strong>duo</strong></span> <span class='ocrx_word' id='word_1_234' title='bbox 309 2560 389 2604; x_wconf 86' lang='lat' dir='ltr'><strong>Burm.</strong></span> <span class='ocrx_word' id='word_1_235' title='bbox 408 2559 505 2622; x_wconf 81' lang='lat' dir='ltr'><strong>complet</strong></span> <span class='ocrx_word' id='word_1_236' title='bbox 522 2560 602 2622; x_wconf 80' lang='lat' dir='ltr'><strong>plures</strong></span> <span class='ocrx_word' id='word_1_237' title='bbox 620 2561 669 2606; x_wconf 85' lang='lat' dir='ltr'><strong>alii.</strong></span> <span class='ocrx_word' id='word_1_238' title='bbox 682 2583 713 2594; x_wconf 90' lang='lat'>-</span> <span class='ocrx_word' id='word_1_239' title='bbox 724 2561 778 2621; x_wconf 83' lang='lat'><strong>679.</strong></span> <span class='ocrx_word' id='word_1_240' title='bbox 792 2559 911 2605; x_wconf 83' lang='lat' dir='ltr'><strong>eortvt&#39;lt&#39;um</strong></span> <span class='ocrx_word' id='word_1_241' title='bbox 926 2556 984 2605; x_wconf 90' lang='lat' dir='ltr'><strong>alter</strong></span> <span class='ocrx_word' id='word_1_242' title='bbox 997 2559 1091 2622; x_wconf 71' lang='lat' dir='ltr'><strong>Menag.</strong></span> 
     </span>
     <span class='ocr_line' id='line_1_26' title="bbox 42 2626 1093 2696; baseline -0.001 -19"><span class='ocrx_word' id='word_1_243' title='bbox 42 2639 92 2670; x_wconf 70' lang='lat' dir='ltr'><strong>tum</strong></span> <span class='ocrx_word' id='word_1_244' title='bbox 102 2626 172 2675; x_wconf 82' lang='lat' dir='ltr'><strong>Goth.</strong></span> <span class='ocrx_word' id='word_1_245' title='bbox 184 2639 237 2674; x_wconf 87' lang='lat' dir='ltr'><strong>tert.</strong></span> <span class='ocrx_word' id='word_1_246' title='bbox 250 2633 333 2696; x_wconf 80' lang='lat' dir='ltr'><strong>vertt&#39;ce</strong></span> <span class='ocrx_word' id='word_1_247' title='bbox 341 2645 430 2678; x_wconf 80' lang='lat' dir='ltr'><strong>summo</strong></span> <span class='ocrx_word' id='word_1_248' title='bbox 440 2632 531 2694; x_wconf 67' lang='lat' dir='ltr'><strong>llugeu.</strong></span> <span class='ocrx_word' id='word_1_249' title='bbox 540 2657 572 2668; x_wconf 89' lang='lat'><strong>·-</strong></span> <span class='ocrx_word' id='word_1_250' title='bbox 582 2631 635 2680; x_wconf 76' lang='lat'><strong>680.</strong></span> <span class='ocrx_word' id='word_1_251' title='bbox 647 2631 766 2695; x_wconf 68' lang='lat' dir='ltr'><strong>comijim</strong></span> <span class='ocrx_word' id='word_1_252' title='bbox 777 2642 829 2678; x_wconf 89' lang='lat' dir='ltr'><strong>tert.</strong></span> <span class='ocrx_word' id='word_1_253' title='bbox 843 2629 913 2678; x_wconf 86' lang='lat' dir='ltr'><strong>Goth.</strong></span> <span class='ocrx_word' id='word_1_254' title='bbox 923 2655 955 2668; x_wconf 92' lang='lat'><strong>··-</strong></span> <span class='ocrx_word' id='word_1_255' title='bbox 963 2631 1017 2678; x_wconf 78' lang='lat'><strong>681.</strong></span> <span class='ocrx_word' id='word_1_256' title='bbox 1031 2632 1093 2678; x_wconf 82' lang='lat' dir='ltr'><strong>Con-</strong></span> 
     </span>
     <span class='ocr_line' id='line_1_27' title="bbox 41 2699 1092 2767; baseline 0.006 -25"><span class='ocrx_word' id='word_1_257' title='bbox 41 2699 145 2746; x_wconf 76' lang='lat' dir='ltr'><strong>suerunt</strong></span> <span class='ocrx_word' id='word_1_258' title='bbox 153 2699 233 2748; x_wconf 83' lang='lat' dir='ltr'><strong>lleina.</strong></span> <span class='ocrx_word' id='word_1_259' title='bbox 246 2718 300 2748; x_wconf 87' lang='lat' dir='ltr'><strong>cum</strong></span> <span class='ocrx_word' id='word_1_260' title='bbox 311 2703 449 2750; x_wconf 78' lang='lat' dir='ltr'><strong>melioribus</strong></span> <span class='ocrx_word' id='word_1_261' title='bbox 459 2706 507 2750; x_wconf 81' lang='lat' dir='ltr'><strong>suis</strong></span> <span class='ocrx_word' id='word_1_262' title='bbox 518 2716 542 2751; x_wconf 88' lang='lat' dir='ltr'><strong>et</strong></span> <span class='ocrx_word' id='word_1_263' title='bbox 557 2705 618 2751; x_wconf 84' lang='lat' dir='ltr'><strong>Pier.</strong></span> <span class='ocrx_word' id='word_1_264' title='bbox 635 2703 713 2766; x_wconf 78' lang='lat' dir='ltr'><strong>Vulgo</strong></span> <span class='ocrx_word' id='word_1_265' title='bbox 730 2704 895 2750; x_wconf 68' lang='lat' dir='ltr'><strong>domuerant.-</strong></span> <span class='ocrx_word' id='word_1_266' title='bbox 906 2701 998 2767; x_wconf 76' lang='lat' dir='ltr'><strong>aliquot</strong></span> <span class='ocrx_word' id='word_1_267' title='bbox 1013 2705 1092 2750; x_wconf 80' lang='lat' dir='ltr'><strong>Burm:</strong></span> 
     </span>
     <span class='ocr_line' id='line_1_28' title="bbox 42 2767 1094 2840; baseline 0.009 -26"><span class='ocrx_word' id='word_1_268' title='bbox 42 2778 64 2814; x_wconf 82' lang='lat' dir='ltr'><strong>et</strong></span> <span class='ocrx_word' id='word_1_269' title='bbox 75 2767 145 2816; x_wconf 85' lang='lat' dir='ltr'><strong>Goth.</strong></span> <span class='ocrx_word' id='word_1_270' title='bbox 163 2786 210 2819; x_wconf 85' lang='lat' dir='ltr'><strong>tec.</strong></span> <span class='ocrx_word' id='word_1_271' title='bbox 221 2771 372 2820; x_wconf 81' lang='lat' dir='ltr'><strong>Constiterint.</strong></span> <span class='ocrx_word' id='word_1_272' title='bbox 383 2776 488 2822; x_wconf 82' lang='lat' dir='ltr'><strong>Venetus</strong></span> <span class='ocrx_word' id='word_1_273' title='bbox 497 2779 632 2824; x_wconf 79' lang='lat' dir='ltr'><strong>astiterant:</strong></span> <span class='ocrx_word' id='word_1_274' title='bbox 645 2776 722 2824; x_wconf 79' lang='lat' dir='ltr'><strong>locove</strong></span> <span class='ocrx_word' id='word_1_275' title='bbox 732 2775 780 2822; x_wconf 91' lang='lat' dir='ltr'><strong>duo</strong></span> <span class='ocrx_word' id='word_1_276' title='bbox 786 2777 865 2824; x_wconf 77' lang='lat' dir='ltr'><strong>Burin.</strong></span> <span class='ocrx_word' id='word_1_277' title='bbox 874 2773 958 2822; x_wconf 78' lang='lat' dir='ltr'><strong>lucisve</strong></span> <span class='ocrx_word' id='word_1_278' title='bbox 965 2791 1025 2822; x_wconf 85' lang='lat' dir='ltr'><strong>uuus</strong></span> <span class='ocrx_word' id='word_1_279' title='bbox 1034 2792 1040 2822; x_wconf 92' lang='lat'>:</span> <span class='ocrx_word' id='word_1_280' title='bbox 1049 2792 1094 2840; x_wconf 84' lang='lat' dir='ltr'><strong>que</strong></span> 
     </span>
    </p>
   </div>
   <div class='ocr_carea' id='block_1_5' title="bbox 40 2934 1096 3885">
    <p class='ocr_par' dir='ltr' id='par_1_11' title="bbox 40 2934 1096 3885">
     <span class='ocr_line' id='line_1_29' title="bbox 42 2934 1090 3010; baseline -0.002 -24"><span class='ocrx_word' id='word_1_281' title='bbox 42 2935 185 3006; x_wconf 71' lang='lat' dir='ltr'><strong>attingere,</strong></span> <span class='ocrx_word' id='word_1_282' title='bbox 200 2953 296 2988; x_wconf 83' lang='lat' dir='ltr'><strong>navem</strong></span> <span class='ocrx_word' id='word_1_283' title='bbox 308 2950 443 2992; x_wconf 84' lang='lat' dir='ltr'><strong>nostram:</strong></span> <span class='ocrx_word' id='word_1_284' title='bbox 456 2940 492 2992; x_wconf 85' lang='lat' dir='ltr'><strong>oi.</strong></span> <span class='ocrx_word' id='word_1_285' title='bbox 507 2942 539 2991; x_wconf 91' lang='lat' dir='ltr'><strong>V.</strong></span> <span class='ocrx_word' id='word_1_286' title='bbox 590 2959 688 2994; x_wconf 87' lang='lat' dir='ltr'><strong>nocere</strong></span> <span class='ocrx_word' id='word_1_287' title='bbox 700 2937 802 3010; x_wconf 86' lang='lat' dir='ltr'><strong>(nunc)</strong></span> <span class='ocrx_word' id='word_1_288' title='bbox 812 2955 867 2990; x_wconf 87' lang='lat' dir='ltr'><strong>nou</strong></span> <span class='ocrx_word' id='word_1_289' title='bbox 876 2947 1010 3006; x_wconf 79' lang='lat' dir='ltr'><strong>poterant.</strong></span> <span class='ocrx_word' id='word_1_290' title='bbox 1019 2934 1090 2988; x_wconf 84' lang='lat' dir='ltr'><strong>Serv.</strong></span> 
     </span>
     <span class='ocr_line' id='line_1_30' title="bbox 40 3013 1094 3090; baseline 0.001 -25"><span class='ocrx_word' id='word_1_291' title='bbox 40 3013 67 3065; x_wconf 82' lang='lat'><strong>1.</strong></span> <span class='ocrx_word' id='word_1_292' title='bbox 77 3017 140 3085; x_wconf 81' lang='lat'><strong>671.</strong></span> <span class='ocrx_word' id='word_1_293' title='bbox 150 3013 296 3066; x_wconf 80' lang='lat' dir='ltr'><strong>Ubi—nec</strong></span> <span class='ocrx_word' id='word_1_294' title='bbox 303 3017 372 3086; x_wconf 83' lang='lat' dir='ltr'><strong>potis</strong></span> <span class='ocrx_word' id='word_1_295' title='bbox 384 3028 436 3082; x_wconf 77' lang='lat' dir='ltr'><strong>est,</strong></span> <span class='ocrx_word' id='word_1_296' title='bbox 452 3035 542 3090; x_wconf 68' lang='lat' dir='ltr'><strong>tequa-</strong></span> <span class='ocrx_word' id='word_1_297' title='bbox 590 3020 692 3072; x_wconf 67' lang='lat' dir='ltr'><strong>AEtnoei</strong></span> <span class='ocrx_word' id='word_1_298' title='bbox 704 3020 818 3090; x_wconf 60' lang='lat' dir='ltr'><strong>fratres,</strong></span> <span class='ocrx_word' id='word_1_299' title='bbox 836 3015 995 3088; x_wconf 87' lang='lat' dir='ltr'><strong>populares,</strong></span> <span class='ocrx_word' id='word_1_300' title='bbox 1009 3017 1094 3087; x_wconf 68' lang='lat' dir='ltr'><strong>genti·</strong></span> 
     </span>
     <span class='ocr_line' id='line_1_31' title="bbox 41 3092 1096 3170; baseline 0.004 -28"><span class='ocrx_word' id='word_1_301' title='bbox 41 3112 66 3146; x_wconf 85' lang='lat' dir='ltr'><strong>re</strong></span> <span class='ocrx_word' id='word_1_302' title='bbox 73 3095 178 3170; x_wconf 82' lang='lat' dir='ltr'><strong>fluctus</strong></span> <span class='ocrx_word' id='word_1_303' title='bbox 189 3092 278 3147; x_wconf 81' lang='lat' dir='ltr'><strong>Ionios</strong></span> <span class='ocrx_word' id='word_1_304' title='bbox 293 3097 440 3166; x_wconf 79' lang='lat' dir='ltr'><strong>sequendo,</strong></span> <span class='ocrx_word' id='word_1_305' title='bbox 454 3099 542 3167; x_wconf 78' lang='lat' dir='ltr'><strong>accipi</strong></span> <span class='ocrx_word' id='word_1_306' title='bbox 590 3099 638 3153; x_wconf 84' lang='lat' dir='ltr'><strong>les.</strong></span> <span class='ocrx_word' id='word_1_307' title='bbox 647 3101 710 3152; x_wconf 83' lang='lat' dir='ltr'><strong>Mox</strong></span> <span class='ocrx_word' id='word_1_308' title='bbox 719 3100 770 3168; x_wconf 80' lang='lat'><strong>678</strong></span> <span class='ocrx_word' id='word_1_309' title='bbox 781 3095 843 3150; x_wconf 82' lang='lat' dir='ltr'><strong>ecio</strong></span> <span class='ocrx_word' id='word_1_310' title='bbox 850 3135 859 3162; x_wconf 89' lang='lat'><em>‚</em></span> <span class='ocrx_word' id='word_1_311' title='bbox 870 3095 905 3148; x_wconf 91' lang='lat' dir='ltr'><strong>ad</strong></span> <span class='ocrx_word' id='word_1_312' title='bbox 916 3094 1022 3150; x_wconf 69' lang='lat' dir='ltr'><strong>celum:</strong></span> <span class='ocrx_word' id='word_1_313' title='bbox 1034 3114 1096 3152; x_wconf 57' lang='lat' dir='ltr'><strong>cone</strong></span> 
     </span>
     <span class='ocr_line' id='line_1_32' title="bbox 40 3172 1093 3249; baseline 0.001 -24"><span class='ocrx_word' id='word_1_314' title='bbox 40 3175 115 3228; x_wconf 85' lang='lat' dir='ltr'><strong>aliter</strong></span> <span class='ocrx_word' id='word_1_315' title='bbox 127 3190 184 3228; x_wconf 77' lang='lat' dir='ltr'><strong>nou</strong></span> <span class='ocrx_word' id='word_1_316' title='bbox 195 3184 298 3244; x_wconf 80' lang='lat' dir='ltr'><strong>potest,</strong></span> <span class='ocrx_word' id='word_1_317' title='bbox 308 3192 390 3245; x_wconf 85' lang='lat' dir='ltr'><strong>qnam</strong></span> <span class='ocrx_word' id='word_1_318' title='bbox 401 3173 437 3231; x_wconf 64' lang='grc' dir='ltr'>ἁ</span> <span class='ocrx_word' id='word_1_319' title='bbox 450 3176 542 3232; x_wconf 79' lang='lat' dir='ltr'><strong>altitu-</strong></span> <span class='ocrx_word' id='word_1_320' title='bbox 591 3176 696 3242; x_wconf 81' lang='lat' dir='ltr'><strong>ct&#39;lt‘um,</strong></span> <span class='ocrx_word' id='word_1_321' title='bbox 707 3179 837 3249; x_wconf 83' lang='lat' dir='ltr'><strong>exquisite</strong></span> <span class='ocrx_word' id='word_1_322' title='bbox 845 3193 895 3247; x_wconf 90' lang='lat' dir='ltr'><strong>pro</strong></span> <span class='ocrx_word' id='word_1_323' title='bbox 906 3172 1093 3226; x_wconf 69' lang='lat' dir='ltr'><strong>turbe—680.</strong></span> 
     </span>
     <span class='ocr_line' id='line_1_33' title="bbox 41 3251 1094 3327; baseline 0 -21"><span class='ocrx_word' id='word_1_324' title='bbox 41 3253 102 3306; x_wconf 88' lang='lat' dir='ltr'><strong>dine</strong></span> <span class='ocrx_word' id='word_1_325' title='bbox 110 3253 192 3306; x_wconf 79' lang='lat' dir='ltr'><strong>uteris</strong></span> <span class='ocrx_word' id='word_1_326' title='bbox 199 3251 391 3324; x_wconf 75' lang='lat' dir='ltr'><strong>profundiore,</strong></span> <span class='ocrx_word' id='word_1_327' title='bbox 400 3272 480 3325; x_wconf 87' lang='lat' dir='ltr'><strong>quam</strong></span> <span class='ocrx_word' id='word_1_328' title='bbox 490 3273 542 3326; x_wconf 87' lang='lat' dir='ltr'><strong>pro</strong></span> <span class='ocrx_word' id='word_1_329' title='bbox 591 3256 715 3326; x_wconf 67' lang='lat' dir='ltr'><strong>coniferae</strong></span> <span class='ocrx_word' id='word_1_330' title='bbox 731 3255 863 3327; x_wconf 78' lang='lat' dir='ltr'><strong>cyparissi.</strong></span> <span class='ocrx_word' id='word_1_331' title='bbox 876 3252 1025 3323; x_wconf 87' lang='lat' dir='ltr'><strong>Cupressus</strong></span> <span class='ocrx_word' id='word_1_332' title='bbox 1036 3272 1094 3306; x_wconf 86' lang='lat' dir='ltr'><strong>mas</strong></span> 
     </span>
     <span class='ocr_line' id='line_1_34' title="bbox 41 3332 1095 3405; baseline 0.002 -21"><span class='ocrx_word' id='word_1_333' title='bbox 41 3334 153 3386; x_wconf 79' lang='lat' dir='ltr'><strong>monstri</strong></span> <span class='ocrx_word' id='word_1_334' title='bbox 168 3333 347 3403; x_wconf 74' lang='lat' dir='ltr'><strong>proceritate:</strong></span> <span class='ocrx_word' id='word_1_335' title='bbox 365 3351 420 3404; x_wconf 89' lang='lat' dir='ltr'><strong>qua</strong></span> <span class='ocrx_word' id='word_1_336' title='bbox 430 3353 541 3404; x_wconf 69' lang='lat' dir='ltr'><strong>equus,</strong></span> <span class='ocrx_word' id='word_1_337' title='bbox 591 3335 644 3388; x_wconf 79' lang='lat' dir='ltr'><strong>fert</strong></span> <span class='ocrx_word' id='word_1_338' title='bbox 658 3351 734 3386; x_wconf 78' lang='lat' dir='ltr'><strong>conos</strong></span> <span class='ocrx_word' id='word_1_339' title='bbox 745 3336 809 3386; x_wconf 86' lang='lat' dir='ltr'><strong>nuci</strong></span> <span class='ocrx_word' id='word_1_340' title='bbox 821 3335 906 3405; x_wconf 84' lang='lat' dir='ltr'><strong>pineae</strong></span> <span class='ocrx_word' id='word_1_341' title='bbox 917 3350 974 3386; x_wconf 89' lang='lat' dir='ltr'><strong>non</strong></span> <span class='ocrx_word' id='word_1_342' title='bbox 985 3332 1095 3386; x_wconf 79' lang='lat' dir='ltr'><strong>absimi-</strong></span> 
     </span>
     <span class='ocr_line' id='line_1_35' title="bbox 40 3411 1091 3483; baseline -0.003 -18"><span class='ocrx_word' id='word_1_343' title='bbox 40 3431 103 3483; x_wconf 84' lang='lat' dir='ltr'><strong>par,</strong></span> <span class='ocrx_word' id='word_1_344' title='bbox 117 3415 143 3466; x_wconf 89' lang='lat' dir='ltr'><strong>ei</strong></span> <span class='ocrx_word' id='word_1_345' title='bbox 155 3431 210 3468; x_wconf 90' lang='lat' dir='ltr'><strong>non</strong></span> <span class='ocrx_word' id='word_1_346' title='bbox 222 3426 270 3468; x_wconf 81' lang='lat' dir='ltr'><strong>est.</strong></span> <span class='ocrx_word' id='word_1_347' title='bbox 283 3414 354 3479; x_wconf 85' lang='lat' dir='ltr'><strong>Nec,</strong></span> <span class='ocrx_word' id='word_1_348' title='bbox 366 3412 429 3468; x_wconf 90' lang='lat' dir='ltr'><strong>dum</strong></span> <span class='ocrx_word' id='word_1_349' title='bbox 440 3433 489 3468; x_wconf 87' lang='lat' dir='ltr'><strong>nos</strong></span> <span class='ocrx_word' id='word_1_350' title='bbox 501 3418 542 3470; x_wconf 90' lang='lat' dir='ltr'><strong>in·</strong></span> <span class='ocrx_word' id='word_1_351' title='bbox 590 3417 630 3469; x_wconf 88' lang='lat' dir='ltr'><strong>les</strong></span> <span class='ocrx_word' id='word_1_352' title='bbox 641 3411 653 3482; x_wconf 88' lang='lat'>(</span> <span class='ocrx_word' id='word_1_353' title='bbox 663 3431 688 3464; x_wconf 84' lang='lat' dir='ltr'><strong>v.</strong></span> <span class='ocrx_word' id='word_1_354' title='bbox 701 3411 774 3464; x_wconf 88' lang='lat' dir='ltr'><strong>Serv.</strong></span> <span class='ocrx_word' id='word_1_355' title='bbox 791 3412 827 3465; x_wconf 87' lang='lat' dir='ltr'><strong>ad</strong></span> <span class='ocrx_word' id='word_1_356' title='bbox 837 3411 864 3464; x_wconf 83' lang='lat' dir='ltr'><strong>lr.</strong></span> <span class='ocrx_word' id='word_1_357' title='bbox 878 3411 896 3463; x_wconf 97' lang='lat' dir='ltr'><strong>l.</strong></span> <span class='ocrx_word' id='word_1_358' title='bbox 912 3422 940 3464; x_wconf 89' lang='lat' dir='ltr'><strong>et</strong></span> <span class='ocrx_word' id='word_1_359' title='bbox 952 3429 1010 3482; x_wconf 90' lang='lat' dir='ltr'><strong>sup.</strong></span> <span class='ocrx_word' id='word_1_360' title='bbox 1024 3411 1059 3464; x_wconf 85' lang='lat' dir='ltr'><strong>ed</strong></span> <span class='ocrx_word' id='word_1_361' title='bbox 1067 3433 1091 3464; x_wconf 83' lang='lat' dir='ltr'><strong>r.</strong></span> 
     </span>
     <span class='ocr_line' id='line_1_36' title="bbox 41 3490 1094 3568; baseline 0.002 -26"><span class='ocrx_word' id='word_1_362' title='bbox 41 3495 176 3564; x_wconf 81' lang='lat' dir='ltr'><strong>sequitur,</strong></span> <span class='ocrx_word' id='word_1_363' title='bbox 195 3509 246 3565; x_wconf 77' lang='lat' dir='ltr'><strong>per</strong></span> <span class='ocrx_word' id='word_1_364' title='bbox 262 3506 302 3546; x_wconf 87' lang='lat' dir='ltr'><strong>est</strong></span> <span class='ocrx_word' id='word_1_365' title='bbox 315 3494 394 3548; x_wconf 87' lang='lat' dir='ltr'><strong>molis</strong></span> <span class='ocrx_word' id='word_1_366' title='bbox 406 3511 458 3548; x_wconf 81' lang='lat' dir='ltr'><strong>suae</strong></span> <span class='ocrx_word' id='word_1_367' title='bbox 470 3513 542 3568; x_wconf 75' lang='lat' dir='ltr'><strong>nisq-</strong></span> <span class='ocrx_word' id='word_1_368' title='bbox 591 3494 659 3566; x_wconf 71' lang='lat'><strong>64);</strong></span> <span class='ocrx_word' id='word_1_369' title='bbox 684 3493 774 3546; x_wconf 80' lang='lat' dir='ltr'><strong>buccas</strong></span> <span class='ocrx_word' id='word_1_370' title='bbox 796 3490 914 3564; x_wconf 80' lang='lat' dir='ltr'><strong>appellat</strong></span> <span class='ocrx_word' id='word_1_371' title='bbox 933 3491 999 3542; x_wconf 88' lang='lat' dir='ltr'><strong>Plin.</strong></span> <span class='ocrx_word' id='word_1_372' title='bbox 1017 3493 1094 3562; x_wconf 87' lang='lat' dir='ltr'><strong>XVI,</strong></span> 
     </span>
     <span class='ocr_line' id='line_1_37' title="bbox 41 3568 1092 3647; baseline -0.003 -21"><span class='ocrx_word' id='word_1_373' title='bbox 41 3573 162 3626; x_wconf 86' lang='lat' dir='ltr'><strong>uitudine</strong></span> <span class='ocrx_word' id='word_1_374' title='bbox 179 3573 316 3626; x_wconf 84' lang='lat' dir='ltr'><strong>altitudini</strong></span> <span class='ocrx_word' id='word_1_375' title='bbox 331 3575 426 3642; x_wconf 81' lang='lat' dir='ltr'><strong>maris,</strong></span> <span class='ocrx_word' id='word_1_376' title='bbox 440 3593 497 3647; x_wconf 81' lang='lat' dir='ltr'><strong>quae</strong></span> <span class='ocrx_word' id='word_1_377' title='bbox 508 3594 541 3630; x_wconf 91' lang='lat' dir='ltr'><strong>eo</strong></span> <span class='ocrx_word' id='word_1_378' title='bbox 591 3575 634 3628; x_wconf 84' lang='lat'><strong>33.</strong></span> <span class='ocrx_word' id='word_1_379' title='bbox 648 3592 669 3626; x_wconf 90' lang='lat' dir='ltr'><strong>s.</strong></span> <span class='ocrx_word' id='word_1_380' title='bbox 683 3573 726 3628; x_wconf 89' lang='lat'><strong>60.</strong></span> <span class='ocrx_word' id='word_1_381' title='bbox 736 3574 772 3624; x_wconf 76' lang='lat' dir='ltr'><strong>At</strong></span> <span class='ocrx_word' id='word_1_382' title='bbox 781 3568 863 3629; x_wconf 72' lang='grc' dir='ltr'><strong>κείνους</strong></span> <span class='ocrx_word' id='word_1_383' title='bbox 873 3573 955 3626; x_wconf 86' lang='lat' dir='ltr'><strong>etiam</strong></span> <span class='ocrx_word' id='word_1_384' title='bbox 966 3571 1092 3628; x_wconf 52' lang='lat' dir='ltr'><strong>erecta.</strong></span> 
     </span>
     <span class='ocr_line' id='line_1_38' title="bbox 41 3649 1092 3725; baseline 0 -21"><span class='ocrx_word' id='word_1_385' title='bbox 41 3654 127 3722; x_wconf 83' lang='lat' dir='ltr'><strong>major</strong></span> <span class='ocrx_word' id='word_1_386' title='bbox 147 3663 203 3718; x_wconf 81' lang='lat' dir='ltr'><strong>est,</strong></span> <span class='ocrx_word' id='word_1_387' title='bbox 226 3671 280 3724; x_wconf 91' lang='lat' dir='ltr'><strong>quo</strong></span> <span class='ocrx_word' id='word_1_388' title='bbox 301 3653 408 3725; x_wconf 73' lang='lat' dir='ltr'><strong>longius</strong></span> <span class='ocrx_word' id='word_1_389' title='bbox 430 3673 446 3707; x_wconf 85' lang='lat' dir='ltr'>a</span> <span class='ocrx_word' id='word_1_390' title='bbox 464 3655 542 3710; x_wconf 84' lang='lat' dir='ltr'><strong>litore</strong></span> <span class='ocrx_word' id='word_1_391' title='bbox 590 3652 734 3706; x_wconf 71' lang='lat' dir='ltr'><strong>Arieneos</strong></span> <span class='ocrx_word' id='word_1_392' title='bbox 744 3651 862 3724; x_wconf 85' lang='lat' dir='ltr'><strong>lib.l,p.</strong></span> <span class='ocrx_word' id='word_1_393' title='bbox 874 3651 906 3722; x_wconf 82' lang='lat'><strong>57</strong></span> <span class='ocrx_word' id='word_1_394' title='bbox 915 3652 943 3703; x_wconf 91' lang='lat' dir='ltr'><strong>B.</strong></span> <span class='ocrx_word' id='word_1_395' title='bbox 954 3649 1092 3708; x_wconf 67' lang='lat' dir='ltr'><strong>c.-6tr.</strong></span> 
     </span>
     <span class='ocr_line' id='line_1_39' title="bbox 40 3731 1095 3807; baseline 0.002 -23"><span class='ocrx_word' id='word_1_396' title='bbox 40 3731 205 3804; x_wconf 81' lang='lat' dir='ltr'><strong>proceditur.</strong></span> <span class='ocrx_word' id='word_1_397' title='bbox 213 3733 296 3787; x_wconf 87' lang='lat' dir='ltr'><strong>Porro</strong></span> <span class='ocrx_word' id='word_1_398' title='bbox 303 3733 393 3804; x_wconf 78' lang='lat' dir='ltr'><strong>ad672</strong></span> <span class='ocrx_word' id='word_1_399' title='bbox 403 3736 437 3786; x_wconf 87' lang='lat' dir='ltr'><strong>cf.</strong></span> <span class='ocrx_word' id='word_1_400' title='bbox 446 3733 541 3807; x_wconf 72' lang='lat' dir='ltr'><strong>Odyss.</strong></span> <span class='ocrx_word' id='word_1_401' title='bbox 590 3731 656 3804; x_wconf 68' lang='lat' dir='ltr'><strong>silva</strong></span> <span class='ocrx_word' id='word_1_402' title='bbox 665 3732 749 3799; x_wconf 82' lang='lat' dir='ltr'><strong>Jout&#39;s,</strong></span> <span class='ocrx_word' id='word_1_403' title='bbox 763 3732 900 3786; x_wconf 84' lang='lat' dir='ltr'><strong>declarant</strong></span> <span class='ocrx_word' id='word_1_404' title='bbox 912 3750 1037 3804; x_wconf 86' lang='lat' dir='ltr'><strong>quercus,</strong></span> <span class='ocrx_word' id='word_1_405' title='bbox 1047 3735 1095 3790; x_wconf 80' lang='lat' dir='ltr'><strong>ita-</strong></span> 
     </span>
     <span class='ocr_line' id='line_1_40' title="bbox 42 3811 1096 3885; baseline 0.002 -21"><span class='ocrx_word' id='word_1_406' title='bbox 42 3831 63 3876; x_wconf 80' lang='grc' dir='ltr'><strong>ι,</strong></span> <span class='ocrx_word' id='word_1_407' title='bbox 75 3811 136 3882; x_wconf 83' lang='grc'>395.</span> <span class='ocrx_word' id='word_1_408' title='bbox 156 3812 237 3866; x_wconf 84' lang='lat' dir='ltr'><strong>Vides</strong></span> <span class='ocrx_word' id='word_1_409' title='bbox 251 3827 360 3884; x_wconf 79' lang='lat' dir='ltr'><strong>poetam</strong></span> <span class='ocrx_word' id='word_1_410' title='bbox 376 3813 413 3868; x_wconf 85' lang='lat' dir='ltr'><strong>ad</strong></span> <span class='ocrx_word' id='word_1_411' title='bbox 428 3816 541 3868; x_wconf 77' lang='lat' dir='ltr'><strong>miracu·</strong></span> <span class='ocrx_word' id='word_1_412' title='bbox 593 3832 644 3885; x_wconf 90' lang='lat' dir='ltr'><strong>que</strong></span> <span class='ocrx_word' id='word_1_413' title='bbox 658 3813 733 3866; x_wconf 82' lang='lat' dir='ltr'><strong>lucus</strong></span> <span class='ocrx_word' id='word_1_414' title='bbox 743 3813 839 3868; x_wconf 74' lang='lat' dir='ltr'><strong>Diaetoe</strong></span> <span class='ocrx_word' id='word_1_415' title='bbox 848 3811 884 3866; x_wconf 84' lang='lat' dir='ltr'><strong>ad</strong></span> <span class='ocrx_word' id='word_1_416' title='bbox 894 3830 1035 3884; x_wconf 88' lang='lat' dir='ltr'><strong>cupressos</strong></span> <span class='ocrx_word' id='word_1_417' title='bbox 1045 3816 1096 3866; x_wconf 88' lang='lat' dir='ltr'><strong>erit</strong></span> 
     </span>
    </p>
   </div>
   <div class='ocr_carea' id='block_1_6' title="bbox 42 3889 1195 3967">
    <p class='ocr_par' dir='ltr' id='par_1_12' title="bbox 42 3889 1195 3967">
     <span class='ocr_line' id='line_1_41' title="bbox 42 3889 1195 3967; baseline 0.01 -25"><span class='ocrx_word' id='word_1_418' title='bbox 42 3889 97 3944; x_wconf 74' lang='lat' dir='ltr'><strong>lun</strong></span> <span class='ocrx_word' id='word_1_419' title='bbox 109 3903 136 3944; x_wconf 90' lang='lat' dir='ltr'><strong>et</strong></span> <span class='ocrx_word' id='word_1_420' title='bbox 147 3891 301 3965; x_wconf 70' lang='lat' dir='ltr'><strong>prodigium</strong></span> <span class='ocrx_word' id='word_1_421' title='bbox 313 3912 355 3947; x_wconf 83' lang='lat' dir='ltr'><strong>res</strong></span> <span class='ocrx_word' id='word_1_422' title='bbox 365 3908 516 3967; x_wconf 71' lang='lat' dir='ltr'><strong>augentem.</strong></span> <span class='ocrx_word' id='word_1_423' title='bbox 592 3893 763 3956; x_wconf 72' lang='lat' dir='ltr'><strong>referendu83</strong></span> <span class='ocrx_word' id='word_1_424' title='bbox 776 3890 899 3964; x_wconf 75' lang='lat' dir='ltr'><strong>adeoque</strong></span> <span class='ocrx_word' id='word_1_425' title='bbox 911 3889 945 3942; x_wconf 93' lang='lat' dir='ltr'><strong>de</strong></span> <span class='ocrx_word' id='word_1_426' title='bbox 957 3891 1045 3944; x_wconf 81' lang='lat' dir='ltr'><strong>Diana</strong></span> <span class='ocrx_word' id='word_1_427' title='bbox 1056 3895 1095 3946; x_wconf 85' lang='lat' dir='ltr'><strong>in·</strong></span> <span class='ocrx_word' id='word_1_428' title='bbox 1193 3948 1195 3954; x_wconf 94' lang='lat'><strong>.</strong></span> 
     </span>
    </p>
   </div>
   <div class='ocr_carea' id='block_1_7' title="bbox 77 3971 1096 4045">
    <p class='ocr_par' dir='ltr' id='par_1_13' title="bbox 77 3971 1096 4045">
     <span class='ocr_line' id='line_1_42' title="bbox 77 3971 1096 4045; baseline -0.003 -20"><span class='ocrx_word' id='word_1_429' title='bbox 77 3971 138 4040; x_wconf 80' lang='lat'><strong>676.</strong></span> <span class='ocrx_word' id='word_1_430' title='bbox 158 3973 197 4025; x_wconf 82' lang='lat' dir='ltr'><strong>od</strong></span> <span class='ocrx_word' id='word_1_431' title='bbox 213 3983 304 4044; x_wconf 65' lang='lat' dir='ltr'><strong>metus</strong></span> <span class='ocrx_word' id='word_1_432' title='bbox 320 3975 355 4028; x_wconf 85' lang='lat' dir='ltr'><strong>cf.</strong></span> <span class='ocrx_word' id='word_1_433' title='bbox 372 3994 398 4026; x_wconf 89' lang='lat' dir='ltr'><strong>v.</strong></span> <span class='ocrx_word' id='word_1_434' title='bbox 421 3974 483 4045; x_wconf 84' lang='lat'><strong>570.</strong></span> <span class='ocrx_word' id='word_1_435' title='bbox 500 3972 546 4026; x_wconf 82' lang='lat' dir='ltr'><strong>acl·</strong></span> <span class='ocrx_word' id='word_1_436' title='bbox 593 3973 653 4028; x_wconf 80' lang='lat' dir='ltr'><strong>fera</strong></span> <span class='ocrx_word' id='word_1_437' title='bbox 663 3972 706 4025; x_wconf 85' lang='lat' dir='ltr'><strong>vel</strong></span> <span class='ocrx_word' id='word_1_438' title='bbox 715 3974 815 4026; x_wconf 79' lang='lat' dir='ltr'><strong>Hecate</strong></span> <span class='ocrx_word' id='word_1_439' title='bbox 825 3983 872 4028; x_wconf 80' lang='lat' dir='ltr'><strong>aut</strong></span> <span class='ocrx_word' id='word_1_440' title='bbox 881 3971 1041 4038; x_wconf 83' lang='lat' dir='ltr'><strong>Proserpina</strong></span> <span class='ocrx_word' id='word_1_441' title='bbox 1051 3972 1096 4042; x_wconf 77' lang='lat' dir='ltr'><strong>egi</strong></span> 
     </span>
    </p>
   </div>
   <div class='ocr_carea' id='block_1_8' title="bbox 42 4048 1095 4190">
    <p class='ocr_par' dir='ltr' id='par_1_14' title="bbox 42 4048 1095 4190">
     <span class='ocr_line' id='line_1_43' title="bbox 42 4048 1095 4188; baseline -0.004 -80"><span class='ocrx_word' id='word_1_442' title='bbox 42 4050 147 4118; x_wconf 54' lang='lat' dir='ltr'><strong>soom,</strong></span> <span class='ocrx_word' id='word_1_443' title='bbox 156 4063 272 4122; x_wconf 73' lang='lat' dir='ltr'><strong>stantes,</strong></span> <span class='ocrx_word' id='word_1_444' title='bbox 284 4054 473 4130; x_wconf 77' lang='lat' dir='ltr'><strong>nequicquam,</strong></span> <span class='ocrx_word' id='word_1_445' title='bbox 482 4053 547 4128; x_wconf 74' lang='lat' dir='ltr'><strong>quit</strong></span> <span class='ocrx_word' id='word_1_446' title='bbox 594 4069 703 4112; x_wconf 74' lang='lat' dir='ltr'><strong>necesse</strong></span> <span class='ocrx_word' id='word_1_447' title='bbox 714 4064 762 4110; x_wconf 83' lang='lat' dir='ltr'><strong>est.</strong></span> <span class='ocrx_word' id='word_1_448' title='bbox 773 4053 844 4108; x_wconf 81' lang='lat' dir='ltr'><strong>Nem</strong></span> <span class='ocrx_word' id='word_1_449' title='bbox 853 4064 995 4188; x_wconf 71' lang='lat' dir='ltr'><strong>cupressus</strong></span> <span class='ocrx_word' id='word_1_450' title='bbox 1002 4048 1095 4104; x_wconf 74' lang='lat' dir='ltr'><strong>ferulis</strong></span> 
     </span>
     <span class='ocr_line' id='line_1_44' title="bbox 117 4147 913 4190; baseline -0.003 0"><span class='ocrx_word' id='word_1_451' title='bbox 117 4154 142 4190; x_wconf 76' lang='lat' dir='ltr'><strong>a.</strong></span> <span class='ocrx_word' id='word_1_452' title='bbox 315 4147 317 4152; x_wconf 83' lang='grc'>’</span> <span class='ocrx_word' id='word_1_453' title='bbox 870 4154 887 4190; x_wconf 81' lang='lat' dir='ltr'><strong>a</strong></span> <span class='ocrx_word' id='word_1_454' title='bbox 905 4169 913 4186; x_wconf 73' lang='grc'><strong>.</strong></span> 
     </span>
    </p>
   </div>
   <div class='ocr_carea' id='block_1_9' title="bbox 0 0 1350 4594">
    <p class='ocr_par' dir='ltr' id='par_1_15' title="bbox 0 0 1350 4594">
     <span class='ocr_line' id='line_1_45' title="bbox 0 0 1350 4594; baseline 0 1"><span class='ocrx_word' id='word_1_455' title='bbox 0 0 1350 4594; x_wconf 95' lang='lat' dir='ltr'><strong> </strong></span> 
     </span>
    </p>
   </div>
  </div>
 </body>
</html>
