2690 4594
335 350 572 422 anemos
596 297 846 420 1111111111.
879 445 880 450 Ν
1049 349 1112 439 101

66 474 253 540 Dissiluisse
265 474 391 556 ferunt,
406 500 509 565 quum
521 495 679 567 protenus
691 493 831 567 utraque
843 473 941 572 tellus

67 581 142 646 Una
154 582 254 664 foret3
266 565 357 646 venit
369 582 480 648 medio
493 585 673 673 sipontus,
687 600 721 649 et
732 582 830 650 undis

68 685 268 775 Hesperium
280 687 389 754 Siculo
400 689 485 755 latus
496 686 649 770 abscidit,
662 711 805 780 arvaque
819 704 851 753 et
862 685 954 754 urbis

66 791 179 856 Litore
193 791 342 859 diductas
354 811 494 884 angusto
507 796 655 864 interluit
667 813 758 861 aestu.

68 899 228 964 Dextrum
240 901 345 990 Scylla
356 901 455 982 latus,
468 903 588 966 laevum
600 902 772 990 implacata
785 895 967 988 Charybdis
1066 905 1113 965 tn

68 1004 221 1087 Obsidet,
233 1024 334 1098 atque
346 1008 413 1074 imo
424 1007 570 1101 barathri
582 1024 634 1073 ter
644 1009 771 1097 gurgite
784 1019 891 1093 vastos
945 1035 946 1040 ¹

68 1110 185 1177 Sorbet
197 1113 231 1176 in
243 1113 421 1202 abmptum
433 1113 568 1195 fluctus,
581 1136 762 1203 rursusque
773 1112 835 1180 sub
849 1133 943 1177 auras
1014 1173 1019 1184 γ

67 1217 172 1307 Erigit
183 1218 340 1300 alternos,
354 1237 388 1284 et
398 1219 508 1285 sidera
518 1219 671 1289 verberat
681 1217 780 1291 unda.

67 1387 92 1432 in
110 1388 214 1447 margine
230 1386 359 1450 adscriptus
369 1405 376 1445 ;
395 1387 458 1436 idem
477 1387 584 1454 longeva.
604 1390 704 1437 Ennium
723 1388 816 1436 videtur
836 1399 890 1433 ante
908 1385 989 1433 oculos
1005 1379 1114 1432 imbuisse¹

66 1455 151 1502 Annal.
161 1457 203 1501 XV
212 1473 249 1520 ap.
258 1458 318 1504 Gell.
330 1459 375 1516 IX,
388 1458 416 1515 14
430 1461 552 1506 Postremae
562 1459 682 1524 longinqua
691 1460 737 1506 dies
746 1458 865 1525 confecerit
873 1467 935 1506 oettts.
947 1456 1014 1502 Adde
1022 1457 1114 1502 Lucret.

65 1526 102 1583 ll,
114 1525 152 1572 68.
162 1527 200 1589 69.
211 1530 264 1575 Duo
274 1539 371 1586 motare,
382 1529 483 1577 sollenni
493 1534 673 1593 permutatione.
690 1549 712 1578 1.
722 1529 904 1586 Β111111.-416·.
915 1537 1023 1590 protenus
1034 1525 1113 1573 Heius.

67 1598 173 1658 reposuit
181 1614 235 1644 cum
244 1599 313 1646 Velio
325 1601 405 1662 longo
415 1612 439 1647 et
448 1601 513 1646 Leid.
526 1599 600 1648 altero
612 1617 638 1648 11
647 1603 757 1649 ilottend.
770 1618 805 1664 pr.
815 1626 847 1636 -
856 1599 909 1661 417.
916 1597 1118 1661 fhrcntllottend,

67 1660 207 1715 tertrrbedio
221 1673 282 1716 vetit
293 1672 377 1718 Moret.
387 1688 424 1734 pr.
438 1671 544 1718 Perrhae.
558 1675 620 1722 venit
630 1675 654 1718 in
663 1689 692 1718 m.
703 1675 762 1719 Ven.
775 1672 848 1717 medr'ct
856 1667 948 1715 zulich.
958 1685 971 1714 a
982 1684 1013 1712 m.
1026 1683 1072 1712 seo.
1084 1691 1116 1702 -·

67 1735 122 1799 419.
134 1739 241 1786 deductm
256 1741 343 1788 Medic.
360 1757 413 1788 eum
425 1740 455 1787 al.
468 1745 577 1806 antiquis.
597 1745 640 1789 Vir
652 1744 735 1790 doetus
750 1744 873 1788 Britannus
891 1736 980 1799 (Gentl.
997 1738 1115 1801 Megarios

69 1809 142 1872 1764,
152 1827 175 1874 p.
185 1812 248 1873 464)
261 1811 325 1860 litora
334 1815 436 1862 diductos
446 1816 586 1863 emendabat
596 1815 620 1862 lr.
632 1832 653 1862 e.
666 1814 744 1879 quoad
752 1814 834 1870 litora,
842 1813 956 1860 refutatus
965 1826 1019 1856 mox
1030 1809 1059 1855 ab
1069 1807 1116 1853 alio

66 1897 92 1944 p.
109 1881 162 1928 556.
181 1883 268 1932 Neuter
283 1887 386 1942 viderat,
404 1885 466 1935 litore
482 1887 590 1934 deductos
606 1903 654 1937 esse
665 1888 728 1934 idem
741 1903 767 1934 ac
778 1889 852 1942 mari,
866 1884 931 1948 quod
942 1886 1115 1936 intervenerat,

67 1951 174 2000 diductas
182 1970 190 2009 ;
200 1970 255 2001 nam
266 1956 307 2002 ubi
316 1955 385 2014 litus,
394 1959 427 2004 ihi
436 1974 508 2005 mare.
515 1984 547 1993 —
556 1957 612 2014 411Ἰ
623 1955 701 2004 aaron
710 1956 771 2003 Gud.
782 1961 893 2020 impacata
902 1953 992 2017 aliquot
1000 1951 1115 2004 Pieriam,

68 2033 92 2069 et
101 2038 162 2068 unus
170 2025 251 2082 Leid.,
263 2027 328 2089 quod
339 2043 387 2073 non
398 2029 460 2076 bene
474 2029 613 2091 praeferebat
624 2028 706 2075 Cerda.
724 2026 838 2091 implicate
853 2035 954 2089 (pratuor
969 2023 1047 2067 Burin.
1061 2035 1115 2065 cum

67 2094 138 2140 Goth.
151 2106 203 2142 tert.
213 2123 245 2133 -
256 2097 310 2155 411.
322 2099 414 2146 Obsedit
420 2090 492 2164 ‘oque
501 2099 665 2146 immobanotri
674 2102 770 2155 snae,
783 2099 824 2146 sed
834 2097 888 2143 talia
900 2093 1031 2142 exscribere
1042 2094 1114 2155 piget.

67 2165 124 2211 Mox
139 2165 245 2214 obrutum
260 2168 349 2216 Zulich.
365 2169 461 2233 -1411
480 2174 503 2217 ia
519 2171 618 2234 abruptas
630 2170 721 2234 aliquot
732 2171 794 2216 Pier.
808 2192 840 2206 ·-
852 2165 906 2224 413.
922 2166 990 2229 eqent
1006 2161 1117 2224 legebant
1170 2192 1171 2195 =

66 2305 158 2360 Sicilia
169 2325 230 2362 oum
246 2312 340 2378 ltalia,
359 2313 496 2368 subsidere
516 2331 569 2368 cte*
619 2315 679 2368 loca
695 2312 769 2366 vides
786 2331 829 2383 ap.
843 2310 948 2364 Cluver.
965 2305 1036 2358 Sicil.
1050 2306 1075 2371 1,
1089 2304 1115 2358 5.

65 2388 155 2460 pisse,
178 2391 231 2456 ita,
258 2401 288 2444 ut
312 2413 385 2447 mare
410 2397 568 2466 irrumperet
617 2397 768 2448 Firmarunt
780 2412 813 2446 ea
829 2393 888 2455 alii,
901 2403 926 2440 et
942 2406 1028 2458 nuper
1039 2385 1116 2456 Spal-

67 2479 95 2520 et
116 2473 268 2541 uoraginem
289 2475 389 2528 factam
409 2488 566 2547 occuparet;
616 2475 729 2527 lenzani.
746 2470 867 2543 (Viaqgi
882 2466 936 2519 alle
953 2467 1004 2518 du'e
1021 2462 1118 2517 Sicilia

67 2549 295 2619 quemadmodum
321 2557 420 2608 Pontus
449 2557 567 2608 Euxinus
616 2552 836 2625 T0.1v.)1dem
854 2568 915 2602 cum
932 2547 989 2601 aliis
1007 2545 1116 2609 docuit,

65 2627 135 2681 locis
153 2628 363 2702 depressioribus
380 2635 482 2688 obrutis
494 2655 568 2690 mare
619 2633 768 2705 Charybdin
784 2630 851 2683 nihil
864 2628 937 2684 aliud
950 2645 1021 2692 esse,
1035 2641 1117 2696 quam

65 2709 200 2779 AEgaeum,
213 2722 239 2764 et
250 2725 337 2766 totum
348 2715 418 2768 forte
430 2735 503 2769 mare
514 2717 569 2770 Me·
616 2715 835 2786 impetuosiorem
844 2710 977 2763 undarum
988 2706 1086 2764 fluxum
1099 2709 1116 2758 a'

66 2785 248 2842 ditem-aueum
268 2794 390 2846 effecisse
408 2795 528 2862 videtur,
540 2799 568 2848 in
617 2797 797 2867 septentrione
807 2795 834 2844 in
843 2793 983 2852 bustum,
996 2789 1061 2838 ortis
1071 2804 1117 2836 ve·

66 2883 123 2937 quo
139 2871 235 2921 veteris
247 2871 400 2942 solifpartes
413 2878 569 2929 eminentio-
617 2870 828 2926 hementioribns
840 2871 946 2922 flatibus
959 2867 993 2918 ab
1001 2867 1115 2929 Austro,

65 2963 110 2998 res
122 2964 194 3000 nunc
206 2950 298 3002 insulae
307 2954 385 3004 factae
395 2968 463 3006 sunt.
475 2957 565 3022 ruina,
618 2955 664 3023 qui
676 2954 753 3005 illum
770 2950 916 3022 repellant;
935 2944 1052 3016 Scyllam
1069 2961 1117 2995 au·

64 3038 142 3078 motu
163 3039 307 3082 terrae.s-
325 3030 385 3097 416.
414 3045 566 3104 protenus„
616 3043 670 3084 tem
701 3031 859 3102 scopulum,
890 3027 1013 3077 humanae
1045 3025 1116 3075 forte

64 3108 191 3174 contine,
213 3120 243 3158 ut
258 3110 314 3179 jam
334 3109 406 3163 Serv.
416 3149 425 3176 ,
445 3115 566 3175 111111κὸ1,
617 3111 681 3161 olim
688 3108 839 3176 formae,ad
846 3107 908 3158 litus
916 3103 1011 3170 ltaliae,
1022 3118 1116 3154 versus

65 3205 128 3238 cum
141 3199 211 3238 esset
219 3206 274 3242 una
286 3191 567 3244 continens.v.Cerda.
617 3188 754 3260 Scyllaeum
767 3186 904 3259 oppidum.
921 3186 1024 3236 Canum
1033 3182 1116 3234 latra-

64 3265 173 3336 -417,
193 3266 268 3324 ,venit
285 3281 384 3338 pontus
403 3271 430 3320 in
450 3271 569 3323 medium
616 3265 673 3319 tum
692 3269 848 3320 assimulant
878 3264 972 3316 fluctus
1003 3263 1116 3333 scopulo
1212 3269 1214 3273 ⁴

65 3362 129 3396 cum
140 3347 176 3396 11.
190 3346 249 3398 Val.
267 3347 305 3398 Fl.
319 3349 347 3413 1,
361 3346 412 3418 590
430 3349 569 3426 cnmflens
617 3347 693 3412 illisi,
715 3359 741 3398 et
763 3347 848 3416 lupos·
858 3343 1014 3411 belluasque
1035 3360 1068 3394 ex
1083 3360 1117 3394 ea

63 3424 170 3478 Siculos
182 3425 389 3499 OEnotriafines
402 3430 527 3481 Perderet
543 3441 570 3482 et
616 3428 691 3480 nasci
713 3444 822 3478 narrare
845 3424 934 3496 potuit
955 3423 1116 3492 antiquitas,

64 3504 160 3557 mediis
179 3505 309 3560 intrarent
328 3509 460 3560 montibus
480 3500 565 3561 ande.
618 3508 744 3579 quoniam
755 3506 816 3559 loca
827 3504 978 3576 plenasunt
990 3503 1116 3554 monstris

64 3615 102 3649 ·.·
120 3585 181 3655 419.
196 3584 282 3654 litore,
292 3590 373 3655 mari,
383 3591 439 3659 jam
452 3588 569 3660 disjunc·
616 3583 1116 3651 1111111111.11.8111.11141ο.1)1111ηι1η

63 3677 124 3729 tas,
147 3675 210 3718 oestu
229 3679 362 3741 angusto,
385 3668 413 3720 h.
433 3689 456 3722 e.
478 3671 566 3737 freto,
616 3670 678 3720 freti
688 3666 777 3720 Siculi.
791 3664 934 3737 implacata
940 3682 1010 3734 ,pro
1022 3663 1116 3735 impla·
1208 3697 1209 3704 1

64 3745 196 3814 quoniam
212 3747 282 3798 iniis
294 3750 421 3821 angustiis
433 3764 506 3802 mare
520 3768 568 3802 aes-
616 3748 727 3812 enbitis,
752 3761 783 3799 ut
805 3746 892 3798 solent
916 3758 1014 3816 poetae,
1036 3763 1113 3797 saeva.

65 3834 136 3874 tuat.
150 3824 185 3874 11.
199 3823 270 3878 Serv.
615 3828 712 3894 sorbet,
721 3825 885 3896 1111111111,
909 3828 936 3879 in
954 3826 1114 3895 abruptum,

101 3904 261 3970 410-413.
285 3907 323 3959 Ex
342 3910 459 3962 Homero
476 3907 568 3961 adum·
615 3906 781 3980 profundum
793 3907 915 3978 adeoque
931 3920 1057 3977 praeceps.
1076 3903 1111 3954 11.

63 3984 146 4035 brata
167 4001 223 4050 esse
240 4004 318 4038 nemo
335 3987 453 4053 dubitat,
471 3986 565 4060 Odyss.
616 4007 676 4059 sup,
685 3990 710 4053 l,
724 3984 1115 4060 1151111911,11111114111111-

60 4083 97 4129 p,
124 4062 158 4134 73
182 4081 240 4136 sqq.
267 4067 319 4134 134
341 4086 399 4140 sqq.
424 4069 567 4144 Variorum
616 4061 1113 4136 111,111111111111.1.0111111111,
