2742 4586
350 360 586 427 AENEIDOS
610 362 764 426 LIBER
787 360 836 424 ΙΙ.

1093 199 1107 229 Ι

1053 355 1112 420 261

66 486 303 564 Conserimus3
316 485 438 550 multos
451 483 818 554 Danaum'demittimus
830 483 926 556 Orco.

69 595 263 683 Diffugiunt
273 593 328 659 alii
340 592 382 659 ad
395 595 500 674 navis,
515 611 548 658 et
559 595 654 659 litora
665 593 765 660 cursu

70 700 153 765 Fida
164 716 301 790 petunt3
313 723 389 790 pars
401 701 570 790 ingentem
582 701 759 768 formidine
771 704 859 790 turpi

1071 709 1116 766 400

68 806 242 872 Scandunt
253 830 365 872 rursus
379 830 517 896 equum,
532 826 565 873 et
577 808 856 890 notaconduutur
868 809 901 875 in
911 806 994 872 alvo.

70 915 148 978 Heu
160 913 245 978 nihil
258 914 367 979 invitis
380 916 428 979 fas
442 938 642 1005 quemquam
654 915 758 980 fidere
771 916 854 981 divis
865 921 871 980 !

115 1021 202 1083 Ecce
214 1017 406 1085 trahebatur
417 1022 519 1108 passis
531 1023 691 1087 Priameia
702 1024 795 1111 virgo

72 1124 228 1198 Crinibus
239 1149 259 1189 a
270 1126 395 1214 templo
408 1127 588 1192 Cassandra
600 1128 773 1218 adytisque
785 1130 958 1210 Minervae,
1040 1113 1046 1127 .

71 1232 123 1297 Ad
136 1233 258 1299 coelum
270 1233 411 1299 tendens
423 1235 572 1323 ardentia
583 1237 708 1300 lumina
721 1238 857 1302 frustra:

1075 1250 1119 1307 405

70 1340 228 1418 Lumina,
242 1364 319 1406 nam
330 1356 459 1406 teneras
471 1342 626 1408 arcebant
637 1343 767 1408 vincula
778 1343 912 1431 palmas.

70 1447 148 1510 Non
160 1446 235 1510 tulit
247 1445 332 1512 hauc
344 1448 489 1540 speciem
501 1450 620 1524 furiata
631 1467 743 1516 mente
755 1449 929 1542 Coroebus,

70 1553 115 1616 Et
126 1574 198 1617 sese
210 1550 359 1616 medium
371 1551 483 1642 injecit
494 1553 662 1640 periturus
674 1555 708 1617 in
719 1577 849 1641 agmen.

72 1658 318 1746 Consequimur
329 1659 454 1738 cuncti,
469 1675 502 1722 et
514 1658 624 1724 densis
637 1659 834 1724 incurrimus
847 1661 955 1732 armis.

104 1818 158 1880 398.
173 1819 312 1864 Dimittimus
327 1817 415 1864 Medic.
426 1834 446 1864 c.
457 1821 540 1866 ceteris
548 1819 599 1866 fere
609 1820 725 1865 omnibus.
736 1821 799 1865 coni.
808 1821 889 1866 Heius.
902 1822 970 1866 etiam
981 1819 1050 1866 Goth.
1061 1819 1122 1876 duo,

71 1901 95 1935 at
107 1891 191 1935 tertius
203 1891 367 1934 committimus.
378 1889 506 1934 demisimus
515 1889 580 1935 Leid.
591 1901 617 1934 ut
628 1891 672 1946 tx,
683 1890 735 1952 527.
747 1892 780 1935 Ex
793 1882 849 1934 Ἄϊδι
858 1881 967 1952 apsidis.
978 1915 1010 1925 -—
1020 1890 1071 1952 399.
1083 1890 1122 1934 de-

65 1958 164 2023 fuqiunt
176 1961 252 2020 Sprot.
265 1970 289 2004 et
300 1959 393 2021 Menag.
402 1983 434 1994 -
443 1957 499 2016 401.
512 1961 624 2006 Scandere
638 1962 736 2017 Moret,
750 1962 825 2017 bene,
840 1963 885 2006 nisi
898 1961 1027 2006 conduntur
1038 1976 1124 2023 seque-

72 2043 147 2077 retur.
157 2031 206 2077 vid.
219 2033 298 2076 Burm.
310 2057 342 2068 -·
350 2029 404 2087 400.
421 2035 542 2095 qur'cquam
553 2033 624 2078 Wall.
635 2049 773 2097 quamquam
782 2036 856 2095 Bigot.
870 2049 998 2096 quenquam
1014 2033 1123 2093 confidere
1179 2071 1181 2082 ,

73 2101 111 2148 ed.
123 2102 182 2147 Ven.
192 2127 224 2136 -·
232 2100 286 2158 403.
304 2105 389 2166 sparsis
405 2115 452 2148 tres
464 2119 517 2148 cum
527 2104 564 2148 ed.
576 2106 637 2150 Ven.
646 2108 721 2166 parsis
733 2118 756 2150 et
768 2120 821 2151 am.
832 2120 877 2149 sec.
890 2107 974 2166 sparsis
987 2103 1056 2149 Goth.
1070 2113 1122 2148 tert.

71 2177 135 2237 01190
146 2174 174 2218 Ρ.
187 2177 272 2236 sparsis
283 2174 355 2220 Wall.
368 2191 381 2220 a
391 2191 422 2219 m.
433 2190 478 2220 see.
488 2199 520 2210 -
529 2175 581 2233 405.
592 2175 646 2233 406,
656 2176 731 2222 Iidem
741 2191 820 2222 versus
831 2179 856 2220 iu
868 2177 915 2220 Ciri
928 2174 981 2230 400.
991 2173 1035 2230 403
1046 2189 1125 2218 occur·

71 2256 136 2290 runt.
147 2244 234 2290 Versus
246 2245 292 2302 406
309 2247 406 2291 Lumina
416 2261 469 2290 nam
479 2254 494 2290 t.
506 2262 550 2308 pro
560 2246 652 2308 Virgilii
667 2249 732 2308 spica
746 2249 856 2308 gravitate
868 2244 949 2307 paullo
959 2243 1035 2289 leuior
1044 2244 1125 2287 nimis-

72 2330 120 2376 que
133 2315 268 2376 ingeuiosus
277 2315 353 2362 rideri
362 2328 446 2378 potest.
456 2318 505 2361 Iac.
516 2317 604 2375 Bryant
613 2319 642 2359 V.
650 2318 676 2360 C.
688 2332 741 2362 eum
753 2315 870 2362 sublatum
880 2329 928 2359 esse
938 2311 1031 2359 volebat
1039 2329 1046 2367 ;
1055 2326 1124 2357 reso-

72 2395 138 2430 catus
150 2395 294 2433 tameusuox
311 2401 337 2431 ea
354 2388 458 2443 ratione,
471 2387 536 2449 quod
547 2399 629 2432 auctor
638 2388 698 2432 Ciris
710 2380 865 2432 eum'versum
876 2387 925 2447 jam
939 2383 1017 2446 legere
1027 2382 1124 2436 debuit,

72 2455 128 2516 quia
143 2453 211 2499 illum
226 2471 254 2500 ex
264 2456 365 2518 Virgilio
379 2457 506 2504 transtulit.
515 2462 567 2520 jam
580 2467 595 2503 t.
607 2461 681 2522 Bigot.
696 2462 796 2523 qeminas
810 2458 894 2502 llloret.
908 2471 954 2502 sec.
966 2453 1059 2511 -408.
1070 2455 1126 2516 jecit

71 2525 134 2571 ch.
145 2538 169 2571 et
177 2525 283 2573 Parrhas.
293 2545 347 2574 cum
357 2529 427 2575 Goth.
438 2542 491 2576 tert.
502 2530 549 2576 vid.
560 2532 638 2576 Burm.
652 2532 749 2576 medium
760 2533 827 2575 mittit
839 2531 906 2575 Witt.
920 2531 1034 2590 periturus
1044 2525 1127 2572 Heius.

71 2609 127 2658 post
136 2597 239 2643 Pieriam
250 2616 262 2644 e
274 2599 418 2647 melioribus.
430 2601 507 2665 Vulgo
519 2606 655 2660 moriturus,
669 2603 768 2650 sollenni
779 2603 959 2666 permutatione.
971 2617 992 2646 r.
1005 2599 1083 2646 110011.
1093 2620 1126 2634 -·-

71 2665 127 2727 409.
137 2670 295 2714 cmuurrimus
305 2668 365 2717 alter
374 2671 457 2718 llamb.

71 2816 159 2865 ctera,
172 2803 264 2873 inqua
275 2803 341 2857 nihil
351 2808 423 2858 cerni
431 2821 533 2878 potest⁷
545 2821 575 2860 ut

68 2881 127 2948 jam
137 2898 233 2954 supra,
246 2896 273 2935 et
284 2901 362 2954 sepe.
375 2915 410 2924 -
420 2887 480 2952 401.
494 2889 575 2940 Scan-

72 2960 142 3010 dunt
160 2977 247 3013 rursus
260 2981 366 3034 equum.
382 2967 462 3019 Forte
474 2967 575 3019 dictum

71 3039 143 3090 nolis
155 3058 171 3091 0
182 3054 275 3110 poeta3
293 3044 372 3094 nimis
385 3048 456 3097 enim
467 3058 576 3116 porten-

71 3131 163 3170 tosum
181 3119 246 3182 h0e;
267 3135 300 3188 et⁴
312 3122 459 3176 abhorrens
473 3143 489 3176 a
502 3127 575 3176 fama

70 3200 179 3250 virtutis
187 3200 363 3263 Achivorum
373 3205 422 3254 etsi
426 3203 576 3273 formidine

71 3278 148 3348 turpi
160 3277 266 3347 adjecit.
280 3281 357 3333 Certe
371 3299 478 3333 sensum
487 3301 576 3334 meum

72 3355 190 3408 offendit
202 3359 230 3408 in
241 3358 351 3412 heroico
362 3363 488 3413 carmine.
502 3361 577 3413 Vidit

70 3438 126 3490 boe
136 3439 365 3510 elegantissimus,
382 3442 446 3494 dum
459 3444 575 3508 viveret,

71 3519 295 3574 Holdstvorthius.
309 3552 343 3562 -
357 3525 417 3590 400.
428 3521 575 3596 4101010011-

71 3599 161 3652 solute
175 3619 225 3672 pro
239 3602 353 3668 audere;
368 3605 480 3656 nimium
497 3605 576 3657 rebus

72 3679 219 3734 confidete.

108 3762 161 3827 403
170 3792 205 3800 -
214 3761 275 3827 406.
294 3765 355 3814 Vim
368 3763 526 3815 Cassandra
543 3765 576 3816 ab

72 3841 156 3910 Ajaee
169 3841 240 3893 Oilei
255 3843 274 3892 i.
294 3861 384 3894 coram
401 3844 509 3897 Pallade
522 3843 583 3896 illa-

73 3933 129 3972 tam
138 3939 195 3972 esse
202 3921 283 3993 vulgo
291 3937 448 3974 memorant.
459 3926 499 3975 Ita
508 3921 579 3974 tralri

25 4027 27 4032 ·
73 4013 164 4070 potest
177 4001 283 4054 doctius
301 4004 402 4055 dictum
416 4004 510 4056 videri.
531 4006 579 4054 Po-

624 2829 684 2861 rare
704 2809 837 2872 voluisse,
862 2820 921 2858 eam
940 2804 1074 2875 captivam
1091 2801 1125 2876 V

625 2891 769 2942 abductam
792 2891 882 2940 fuisse.
906 2888 972 2936 Rem
999 2883 1124 2934 disertius

625 2973 774 3042 expositam
786 2969 866 3038 rejeci
885 2967 913 3016 iu
925 2966 1071 3014 Excursum
1082 2956 1125 3009 X*

626 3051 660 3103 ad
675 3069 700 3100 v.
719 3049 778 3116 403.
791 3044 948 3099 Tenendum
961 3054 1048 3094 autem
1068 3049 1125 3102 est,

625 3150 687 3182 eam
700 3130 734 3182 ad
746 3127 876 3198 templum
889 3125 1015 3174 Minervae
1033 3119 1126 3171 confu-

624 3213 710 3283 gisse,
723 3208 871 3279 supplicem
886 3203 942 3255 deae
956 3203 1069 3263 factam,
1083 3195 1127 3247 iru-

624 3287 744 3341 mu'aunu.
753 3287 891 3348 arcebant,
906 3283 1031 3350 antique,
1043 3279 1127 3329 conti-

625 3369 726 3422 nebant
742 3365 918 3427 coercebant,
928 3353 1010 3425 01190.
1027 3360 1125 3409 Versus

627 3449 677 3515 405
687 3447 830 3519 praeclarus
839 3454 892 3494 est:
904 3454 932 3492 at
940 3438 1126 3506 4064010100,

626 3547 689 3578 nam
704 3538 720 3576 t.
732 3524 865 3577 Ovidiano
873 3520 944 3571 lusui
951 3519 1064 3590 propior
1073 3529 1127 3578 est;

626 3607 738 3660 Ovidius
756 3619 844 3656 tamen
864 3603 962 3653 castior
979 3617 1050 3650 nunc
1066 3601 1126 3670 ipso

627 3687 753 3758 virgilio,
764 3686 827 3735 Met.
841 3683 915 3746 XIII,
928 3681 988 3747 410.
1001 3681 1048 3746 411
1063 3690 1129 3730 trac·

628 3777 683 3818 tata
706 3765 786 3817 comis
809 3761 927 3814 antistita
948 3759 1043 3811 Plroebi
1065 3759 1128 3810 Non

626 3845 790 3918 profecturas
798 3842 918 3893 tendebat
924 3841 959 3892 ad
965 3839 1060 3891 oetbera
1066 3835 1130 3907 pal-

628 3943 691 3976 mus.
709 3924 744 3974 At
760 3922 866 3974 Maroni
878 3922 1018 3990 praeiverat
1035 3917 1126 3984 Eurip.

628 4004 755 4055 Androm.
764 4003 823 4072 573.
832 4002 856 4068 4.
866 3999 890 4052 5.
903 3995 961 4066 pupi
970 3996 993 4046 θ’
1005 3990 1130 4058 01κῖ40004

75 4093 128 4137 test
138 4095 228 4136 tamen
236 4095 317 4157 poeta
325 4083 481 4159 simpliciter
491 4083 580 4140 decla·
625 4078 921 4153 ueretc.-409·Den⁸¹‘⁵
928 4075 1016 4139 “mlii
1025 4073 1067 4128 '10¹
1077 4073 1130 4144 lPil
