2690 4594
247 295 313 379 '428
498 296 533 361 P.
556 293 787 361 VIRGILII
811 295 1044 388 Manouls

249 425 379 490 Nomen
391 420 646 501 AchemenideS,
658 421 808 511 Trojam‚
823 421 970 509 genitore
982 419 1169 486 Adamasto

249 531 411 618 Paupere,
427 530 679 617 (mansissetque
690 528 817 592 utinam
829 530 1007 610 Fortunal)
1021 527 1212 614 profectus.
1256 540 1294 586 trs

250 635 313 700 Hic
324 658 392 715 me,
407 633 487 699 dum
498 633 620 723 trepidi
632 633 778 699 crudelia
789 632 903 697 limina
914 633 1087 720 linquunt,

235 757 237 764 ’
249 741 463 806 Immemores
476 742 557 806 socii
569 756 661 805 vasto
673 738 824 828 Cyclopis
838 739 872 800 in
884 733 979 801 antio

248 847 443 912 Deseruere.
456 850 583 911 Domus
596 847 685 910 sanie
698 843 907 933 dapibusque
919 844 1080 923 cruentis,

247 953 341 1016 Intus
354 975 469 1041 opaca,
483 954 608 1040 ingens.
623 955 698 1040 lpse
709 949 847 1029 arduus,
860 948 991 1037 alteque
1003 949 1119 1037 pulsat

247 1057 374 1138 Sidam,
390 1059 461 1143 (Di,
474 1058 574 1124 talem
585 1058 680 1124 terris
692 1055 829 1122 avertite
841 1056 999 1144 pestem!)

279 1216 332 1274 614.
348 1220 449 1273 Nomen,
467 1230 520 1280 post
534 1221 576 1266 Ge.
594 1219 684 1265 Fabric.
701 1218 864 1280 Pleriumque,
881 1215 998 1264 revocavit
1015 1213 1097 1262 Heius.
1118 1231 1132 1262 e
1149 1211 1223 1261 codd.
1239 1215 1292 1261 conl.

247 1287 308 1334 Toll.
325 1287 355 1333 ad
372 1289 458 1335 Aueon.
477 1305 529 1352 pag.
552 1305 603 1353 ²97·
622 1291 698 1352 Vulgo
717 1289 824 1345 Nomine,
843 1289 906 1352 quod
920 1287 1022 1350 vulgare.
1042 1289 1120 1332 Porro
1136 1286 1293 1334 Acbemerrides

247 1361 371 1421 scriptum,
387 1376 441 1406 curn
458 1361 545 1407 Medic.
568 1361 665 1426 aliisque
684 1360 895 1424 praestantioribus,
914 1361 983 1406 etiam
1002 1358 1068 1422 apud
1086 1357 1218 1412 Ovidium,
1233 1358 1293 1403 ursit

247 1423 269 1474 ir
287 1421 321 1474 ‘rei
336 1425 388 1488 ἄχη
404 1428 475 1490 pirri.
494 1430 571 1494 Vulgo
591 1429 779 1486 Achaemenides,
792 1429 858 1493 quod
874 1444 960 1474 nomen
973 1427 1071 1474 aliunde
1088 1428 1174 1472 notius
1191 1442 1239 1472 esse
1256 1437 1292 1487 po·

1256 1066 1294 1115 6111
1328 1081 1329 1132 p

246 1509 314 1544 terat.
331 1498 487 1547 Achimenides
505 1501 559 1558 alii,
572 1515 599 1548 ut
610 1507 694 1549 omnes'
704 1501 811 1550 Gorbani.
829 1500 978 1566 Apamenides
994 1499 1077 1544 Franc.
1096 1499 1171 1544 etsie
1187 1499 1291 1543 Noouios.
1328 1509 1329 1512 ’

246 1585 269 1614 v.
281 1569 359 1614 Bur-m.
378 1581 402 1615 at
417 1585 516 1632 graecum
529 1585 562 1617 est
575 1569 732 1634 ’Axrptridlm
747 1571 852 1618 Tandem
863 1571 1000 1624 Adamasto,
1017 1585 1046 1614 ex
1056 1563 1224 1628 Ἀθάμαντος,
1238 1568 1292 1612 varie

247 1652 397 1702 corruptum:
415 1643 543 1689 Adamasco
558 1644 621 1706 apud
640 1645 701 1690 Pier.
721 1656 745 1690 et
761 1643 805 1700 al.,
824 1644 948 1697 Damasco,
966 1643 1088 1696 Damasia,
1108 1640 1257 1685 Adamastrn.
1268 1662 1294 1673 -
1328 1663 1329 1666 =

246 1710 301 1756 616.
318 1713 428 1774 trepidum
445 1716 521 1776 Sprot.
542 1704 610 1778 lepidi
626 1717 687 1762 Ven.
707 1714 792 1761 lumina
807 1714 865 1761 alter
880 1715 962 1761 Hamb.
982 1725 1006 1758 et
1022 1711 1092 1758 Goth.
1103 1712 1201 1758 -618,
1218 1713 1293 1756 Demos

246 1779 334 1827 Medic.
347 1784 373 1840 (a
383 1798 413 1826 m.
424 1785 475 1844 pr.)
488 1795 540 1829 tert.
553 1786 663 1831 llottend.
678 1789 737 1832 Sane
748 1787 834 1831 Domus
845 1789 907 1830 sanie
915 1783 1054 1847 dapibusque
1064 1785 1167 1827 eruentis
1178 1781 1292 1828 durissima

244 1852 354 1912 junctura
365 1853 468 1909 dictum,
482 1871 525 1916 pro
537 1859 636 1902 saniosa.
651 1859 798 1903 Burmannus
811 1856 907 1903 videtur
920 1856 1029 1918 probasse
1047 1855 1076 1898 H.
1093 1852 1212 1914 Stephani
1227 1854 1292 1896 inter·

246 1926 414 1985 pretationem:
427 1942 497 1988 opaea
510 1931 572 1973 saure
586 1937 609 1974 et
623 1929 719 1991 dapibus
726 1948 735 1984 ,·
747 1929 811 1992 quod
823 1941 846 1975 et
859 1929 943 1974 durum
955 1940 978 1973 et
990 1929 1103 1989 jejunum
1115 1937 1159 1971 est.
1177 1924 1251 1970 Obvia
1264 1931 1293 1966 est

246 1994 490 2043 em'endatiot'Domus
504 2002 566 2045 sanie
581 2000 719 2065 dapibusque
735 2010 841 2054 eruerem
858 2003 937 2062 sicque
949 1999 1092 2044 Wittianum
1108 1995 1200 2042 habere
1216 1991 1293 2046 video;
1328 2039 1329 2070 ἢ

245 2063 317 2108 modo
327 2064 467 2128 distinguas:
480 2069 558 2114 domus
567 2073 629 2116 sanie
638 2071 778 2138 dapibusque
787 2079 881 2116 cruenta
892 2072 969 2124 latus,
980 2082 1051 2131 opaca
1055 2101 1064 2122 ‚
1072 2069 1159 2132 inqens.
1173 2067 1239 2125 Saepe
1248 2063 1293 2123 epi·

247 2133 310 2180 tbeta
319 2134 407 2183 librarii
420 2140 596 2188 accommodant
604 2145 711 2205 proximo
721 2142 843 2189 vocabulo.
856 2143 932 2204 Dapes
945 2152 1023 2186 autem
1038 2141 1094 2201 ipsae
1104 2149 1174 2183 erant
1187 2143 1293 2187 eruenta,

245 2201 301 2248 binc
313 2207 363 2252 sine
375 2207 447 2253 dubio
463 2223 609 2258 cruentatum
622 2225 721 2258 antrum.
738 2213 854 2275 Exemplis
873 2227 909 2258 res
926 2227 974 2256 non
991 2210 1090 2271 indiget.
1107 2207 1153 2252 lnf.
1170 2206 1240 2259 vlu,
1255 2218 1293 2264 ²97

242 2277 329 2336 janitor
337 2276 391 2322 Orci
402 2277 458 2324 Ossa
468 2295 536 2344 super
546 2283 655 2328 mcubans
668 2293 734 2330 anun
749 2298 834 2332 semesa
847 2291 949 2331 criseam.
959 2307 991 2319 -
1001 2282 1055 2344 619·
1069 2283 1147 2344 instem
1160 2282 1209 2342 '¹1²⁵‘
1223 2275 1294 2339 junil‘

247 2345 386 2393 Waddelius
396 2350 459 2412 apud
470 2352 561 2410 Burm,
574 2357 615 2418 qui
624 2367 688 2402 recte
697 2357 782 2418 rejicit.

246 2478 396 2547 episodinm
413 2495 497 2535 toturn
514 2485 618 2558 Virgilii
636 2490 743 2560 ingenio
793 2491 941 2561 genitorem
972 2503 1122 2558 pauperem
1158 2481 1289 2534 haberem.

246 2555 339 2610 deberi
350 2561 470 2628 videtur,
483 2565 584 2618 scilicet
598 2580 628 2618 ut
640 2570 677 2620 ita
690 2573 745 2620 Ho-
794 2588 852 2640 sup.
866 2572 907 2633 ll,
921 2569 953 2636 87
966 2569 1076 2636 Pauper
1093 2565 1124 2614 in
1136 2581 1215 2613 arma
1225 2570 1292 2633 patet

245 2639 345 2689 merica
363 2639 397 2692 de
415 2641 530 2715 Cyclope
550 2647 666 2700 intexere
690 2651 744 2700 suis

244 2717 365 2771 versibus
393 2736 491 2796 posset.
519 2723 588 2776 Nam
609 2725 742 2780 delectare

244 2796 313 2848 solet
333 2812 359 2850 et
379 2800 449 2867 boe,
473 2804 496 2854 si
516 2803 643 2869 fabulas,
665 2821 742 2860 notas

246 2876 354 2946 quidem
372 2898 420 2932 nec
440 2899 539 2950 novas,
560 2902 632 2935 nova
653 2897 742 2937 tamen

245 2955 306 3009 euin
313 2961 475 3026 variatione,
486 2981 556 3013 novo
564 2955 629 3015 cum¹
636 2975 741 3029 ornatu,

244 3050 271 3089 et
286 3039 314 3089 in
326 3058 395 3091 novo
417 3060 505 3093 rerum
526 3043 567 3095 vel
581 3046 742 3096 narrationis

244 3116 338 3170 ordine
350 3119 469 3191 legimus.
483 3123 646 3192 Temporurn
658 3125 742 3175 ratio-

242 3199 270 3248 ni
284 3199 391 3267 quidem
408 3201 563 3253 adversatur
581 3202 633 3254 hoc
654 3206 743 3274 episo-

242 3275 332 3344 dium,
354 3279 427 3349 quod
445 3283 501 3349 jam
526 3281 600 3352 apud
622 3282 743 3334 Servium

242 3367 366 3407 notatum
381 3358 485 3419 videas3
499 3359 604 3431 Ulysses
619 3363 689 3413 enim
701 3365 745 3414 in·

242 3446 283 3485 ter
295 3436 370 3486 initia
382 3439 479 3488 erroris
499 3441 539 3490 sui
557 3439 590 3492 ad
608 3440 740 3511 Cyclopas

240 3529 366 3581 venerat,
388 3531 416 3568 at
427 3521 527 3571 ¹AEneas
543 3519 626 3572 multo
647 3523 739 3573 serius.

241 3612 266 3648 v.
280 3595 340 3646 Exn.
354 3598 378 3646 ll
393 3598 424 3647 de
434 3599 523 3650 Error.
539 3601 631 3651 AEueoe
646 3602 741 3653 annis:

242 3673 278 3725 ad
290 3692 313 3725 a.
325 3675 349 3726 6.
361 3674 413 3727 Sed
424 3679 452 3728 in
463 3678 576 3745 talibus,
590 3697 646 3748 quae
658 3679 742 3731 lecto·

240 3773 297 3806 rem
309 3774 363 3806 non
383 3759 542 3823 offendunt‚
562 3760 613 3808 nisi
627 3758 741 3812 molesta

241 3833 388 3887 subtilitate
412 3836 500 3888 aliena
521 3855 537 3886 a
564 3855 592 3886 re
616 3841 740 3905 praesenti

241 3912 452 3980 admiscentem,
465 3915 535 3968 male
544 3927 637 3985 poetas
650 3936 742 3990 repre-

239 3991 354 4048 hendas.
378 3995 497 4069 penitere
515 4011 659 4066 paupere:
682 4017 742 4057 cum

791 2651 885 2725 primis
899 2649 950 2700 buc
962 2647 1036 2698 misit
1052 2645 1085 2696 ab
1098 2643 1188 2696 annis.
1202 2641 1292 2692 Nescio

792 2745 896 2793 tamen,
917 2746 1006 2780 annon
1032 2736 1117 2796 poeta
1138 2741 1191 2774 sua
1209 2723 1290 2793 potius
1328 2725 1329 2774 l

791 2824 926 2880 tempora,
938 2806 1035 2877 quibus
1046 2803 1145 2854 militia
1157 2801 1291 2852 interrita

790 2909 889 2963 genera
905 2898 1056 2958 quaestuosa
1069 2893 1129 2934 erat
1142 2880 1185 2950 (v.
1203 2879 1238 2932 ad
1247 2877 1293 2956 'Tr

790 2969 898 3032 bull.1‚
922 2985 932 3017 1
956 2965 1028 3036 pu),
1051 2980 1135 3032 quam
1155 2958 1295 3010 Homerico

791 3048 950 3118 respexeri13
963 3063 1025 3095 nam
1040 3041 1116 3093 addit
1130 3061 1136 3089 :
1153 3037 1293 3090 mansisset·

792 3147 843 3201 que
852 3128 955 3178 utinam
963 3125 1098 3175 Fortuna!
1111 3120 1241 3172 Ceterum
1248 3118 1294 3169 hot
1328 3129 1329 3178 l

791 3208 943 3259 dictumest
960 3203 1109 3274 elegantius
1127 3218 1232 3270 quam:
1249 3198 1293 3248 uti-

791 3300 854 3338 nam
871 3301 987 3356 pauper,
1001 3278 1127 3353 adeo'que
1145 3279 1294 3346 domi,ma-
1328 3311 1329 3324 .

793 3385 857 3419 nere
870 3363 1037 3416 maluissem!

825 3444 886 3498 616.
900 3441 966 3494 Cum
980 3440 1083 3510 Ulyssis
1097 3440 1186 3503 socii,
1204 3457 1237 3490 ne
1250 3439 1293 3487 Po-

788 3525 929 3600 lypbemus
952 3522 1080 3590 injuriam
1105 3519 1291 3579 ulcisceretur,

789 3609 855 3677 fuga
865 3623 891 3656 se
903 3604 1074 3674 proriperent
1083 3637 1091 3663 ‚
1100 3597 1291 3650 Acbemenides
1328 3603 1329 3690 p

789 3687 859 3736 forte
873 3683 1007 3736 remansit.
1027 3679 1145 3750 trepidi,
1166 3677 1238 3730 bene
1250 3675 1292 3728 ed·
1328 3691 1329 3750 p

787 3767 907 3834 jectum,
929 3779 983 3831 pree
995 3759 1184 3811 festinatione.
1195 3755 1289 3808 -618.
1328 3771 1329 3780 ¹

790 3844 881 3895 domus
892 3841 963 3893 sanie
973 3876 981 3904 ‚
992 3857 1042 3910 pro
1054 3839 1185 3901 saniosa‚
1200 3853 1249 3887 usu
1256 3851 1292 3884 ca·

791 3939 835 3972 sus
853 3921 919 3972 sexti
935 3918 1027 3989 paullo
1045 3917 1167 3968 duriore.
1190 3934 1216 3966 v.
1236 3916 1288 3963 Var.

783 3999 979 4074 1111611111.
989 4006 1107 4070 pestem,
1128 3994 1258 4070 pestilens
1268 4003 1290 4044 u
