2656 4592
342 325 579 394 ΙΙΙΙΙΙῘΕΙΒΟΒ
602 328 756 392 LIBER
780 325 841 391 IV.

62 457 140 520 Una
154 452 231 520 dolo
245 452 357 519 divom
369 457 396 519 si
408 456 531 519 femina
543 455 629 519 victa
640 453 783 518 duorum
792 470 854 518 est.
915 513 918 518 .

61 563 135 626 Nec
147 584 200 626 me
212 560 297 626 adeo
310 560 405 642 fallit,
418 563 556 625 veritam
568 577 601 625 te
614 562 734 625 moenia
746 577 871 639 nostra,

59 670 238 758 Suspectus
249 669 403 734 habuisse
416 667 533 734 domos
546 669 749 755 Carthaginis
762 669 844 734 altae.

61 773 131 839 Sed
144 775 217 864 quis
231 776 292 838 erit
303 773 442 838 modus?
452 792 509 839 aut
522 797 589 863 quo
602 797 691 838 nunc
704 774 883 840 certamina
893 774 1003 837 tanta?
1039 779 1043 785 '

60 883 154 963 Quin
167 883 277 970 potitis
289 905 406 971 pacem
418 893 574 946 aeternam
586 898 767 972 pactosque
781 885 979 971 Hymenaeos

61 989 283 1053 Exercemus?
293 988 410 1069 habes,
423 1006 492 1053 tota
504 987 596 1079 quod
608 1005 720 1053 mente
733 989 860 1076 petisti:

60 1095 169 1160 Ardet
179 1119 291 1182 amans
303 1094 405 1176 Dido,
418 1099 582 1186 traxitque
595 1121 655 1186 per
667 1119 739 1161 ossa
752 1098 910 1161 furorem.

61 1203 285 1274 Communem
297 1203 387 1268 hune
400 1225 479 1292 ergo
491 1204 669 1292 populum,
684 1203 885 1293 paribusque
899 1223 1050 1291 regamus

19 1315 24 1324 “
59 1310 242 1404 Auspiciis3
254 1310 351 1376 liceat
362 1310 505 1400 Phrygio
517 1313 640 1376 servire
653 1312 787 1392 aurito,

59 1414 257 1504 Dotalisque
269 1431 335 1480 tuae
345 1417 463 1504 Tyrios
475 1416 667 1504 permittere
680 1417 812 1482 dextrae.

58 1597 149 1645 Bacchi
158 1598 299 1645 memorabile
319 1597 399 1644 Thebis
415 1601 507 1645 Numen
517 1609 567 1646 erat
577 1600 633 1646 Met.
649 1602 690 1658 Ν,
706 1600 752 1656 416
768 1603 877 1647 occurrit.
895 1601 1019 1648 venerabile
1035 1619 1114 1650 nomen

58 1670 155 1730 Hagen.
171 1667 271 1714 mimbile
284 1684 365 1715 nomen
373 1670 439 1716 Leid.
451 1686 492 1715 un.
502 1667 533 1706 -'-
540 1672 578 1731 95.
591 1673 612 1716 si
615 1670 705 1733 femina
714 1680 781 1733 capta
791 1671 856 1716 Leid.
865 1704 872 1725 ,
882 1670 947 1732 quod
957 1674 1048 1734 egregie
1063 1671 1115 1718 doio

60 1741 186 1795 convenit,
196 1738 238 1786 sed
248 1757 268 1785 v.
279 1741 358 1784 Burm.
373 1749 408 1785 est
421 1740 488 1787 deest
497 1742 579 1787 tribus.
591 1766 624 1777 -
634 1741 673 1802 96.
684 1750 704 1785 te
714 1744 807 1786 numina
818 1749 895 1787 nostra
908 1739 997 1786 zulich.
1008 1759 1020 1787 a
1033 1760 1064 1788 m.
1076 1760 1113 1805 pr.

59 1809 146 1856 Hamb.
156 1827 192 1872 pr.
202 1836 234 1846 -
242 1827 280 1874 97.
294 1813 458 1876 Suspectasque
468 1814 542 1868 vem,
555 1813 623 1860 male.
635 1839 667 1850 —
679 1814 716 1874 98.
729 1823 779 1859 erat
789 1813 875 1860 Medic.
886 1829 898 1858 a
911 1828 941 1857 m.
952 1829 987 1875 pr.
1000 1833 1022 1860 v.
1033 1817 1112 1860 Burm.

60 1883 93 1930 ad
102 1883 190 1928 Lucan.
202 1884 247 1938 lx,
259 1884 312 1945 706.
325 1883 418 1946 Vulgo:
432 1899 484 1948 quse
497 1900 558 1929 nunc
570 1888 692 1930 certamine
703 1895 776 1941 tanto,
787 1887 860 1930 mirus
870 1884 978 1930 codicum
987 1901 1114 1933 consensus
1139 1929 1141 1934 .

59 1956 88 1999 in
100 1952 202 1998 lectione
214 1955 303 2000 vitiosa.
316 1957 363 2000 Etsi
374 1956 436 2000 enim
447 1955 508 2000 bene
520 1955 631 2017 supplere
640 1959 713 2018 possis
725 1956 812 2001 uteris?
822 1953 860 2000 vei
872 1969 928 2016 opus
936 1956 988 1999 est?
999 1968 1077 2002 tamen
1087 1971 1115 2001 ea
1164 1961 1171 1980 ⁸

59 2022 137 2068 forma
149 2033 208 2068 esset
216 2025 333 2085 prosaica,
344 2036 367 2070 et
378 2035 505 2086 perpetuus
514 2023 628 2086 loquendi
639 2041 693 2072 usus
706 2025 834 2088 elegantior
844 2023 890 2069 fert
904 2040 950 2087 quo
964 2034 1025 2070 nune
1037 2033 1114 2070 cern-

59 2097 125 2139 mino
137 2095 215 2139 mnia?
226 2096 314 2158 Lapsus
323 2112 419 2159 quoque
432 2096 581 2142 librariorum
592 2099 728 2144 manifestus
738 2098 765 2143 iit
778 2115 806 2144 ex
816 2109 891 2143 antec.
900 2113 959 2160 quo,
971 2095 995 2142 h.
1006 2113 1027 2142 e.
1041 2113 1115 2160 quor-

60 2181 127 2221 sum,
144 2166 209 2228 quod
225 2177 268 2230 p'ro
285 2179 350 2213 sexto
362 2183 417 2214 casu
433 2180 588 2230 acceperant;
600 2170 679 2232 itaque
694 2170 849 2216 emendarunt
858 2171 890 2213 ita
900 2169 1038 2231 jamdictus.
1050 2168 1115 2212 Mar·

59 2237 164 2284 lilandus
178 2250 230 2301 post
242 2239 338 2286 Harium
351 2251 375 2286 et
386 2242 540 2286 Burmannus.
558 2242 622 2286 lnter
631 2243 752 2288 Servianas
763 2242 967 2304 interpretationes
980 2242 1050 2285 etiam
1065 2250 1113 2294 est,

60 2324 109 2371 qno
129 2323 188 2354 nunc
206 2318 319 2354 certamen
340 2319 438 2366 tantum,
457 2323 480 2356 et
498 2312 522 2354 in
541 2311 597 2372 Reg.
617 2309 705 2372 glossa,
723 2309 816 2365 lubere,
836 2322 862 2354 ut
878 2309 922 2354 hoc
944 2308 1071 2370 aliquando
1089 2309 1114 2352 in

60 2375 133 2423 codd.
150 2379 220 2427 fuisse
237 2381 276 2428 vel
293 2381 349 2427 hinc
367 2380 478 2443 colligere
496 2384 578 2443 possis.
596 2391 619 2427 et
638 2397 683 2446 quo
702 2384 809 2428 Wittian.
829 2381 884 2442 Reg.
905 2381 1033 2428 discrimine
1052 2387 1115 2426 tanto

60 2449 170 2495 Parthas.
180 2477 212 2488 —
222 2468 261 2513 99.
280 2467 324 2516 que
335 2454 400 2500 abest
416 2471 429 2498 a
448 2453 530 2499 trihus.
540 2479 572 2489 -
582 2469 631 2500 roo.
648 2454 711 2517 quod
720 2463 766 2500 tota
780 2467 825 2499 tres
840 2452 879 2499 alii
894 2469 947 2498 cum
957 2451 1026 2504 Goth.
1038 2468 1074 2513 pr.
1084 2475 1116 2485 -

65 2536 118 2566 102.
135 2537 187 2586 ergo
200 2522 259 2569 hunc
273 2524 329 2570 duo.
341 2523 450 2589 populum
462 2523 520 2570 tunc
530 2541 582 2590 ergo
593 2525 641 2571 duo
653 2525 702 2571 alii.
711 2551 743 2563 -
758 2523 809 2581 1οά.
822 2523 916 2571 Dotales
931 2525 1054 2586 Tyriosque
1071 2529 1116 2566 tuoe

62 2591 135 2637 Witt.

60 2773 120 2808 var.
133 2755 205 2810 Lect.
218 2759 308 2814 Simile
319 2781 431 2816 acumen
441 2778 467 2816 et
477 2782 564 2816 exem·

59 2835 138 2906 plum
150 2837 286 2890 invectivae
298 2861 323 2892 v.
338 2843 411 2913 apud
423 2843 522 2895 Tibull.
536 2845 563 2907 1,
576 2903 579 2908 Ι

59 2915 93 2979 6,
107 2913 133 2966 3.
147 2914 172 2980 ri,
183 2926 210 2966 et
220 2915 345 2970 Leonidae
358 2921 386 2971 in
398 2921 506 2972 Anthol.
518 2921 563 2986 lv,

62 3011 109 3057 ια,
118 3013 144 3062 p.
155 2993 258 3063 464.-
265 2996 308 3065 96.
318 2997 374 3049 Nee
382 3000 462 3069 plane
470 3002 565 3071 ignara

59 3091 123 3126 sum
142 3081 166 3122 te
183 3087 335 3142 suspectam
355 3075 481 3130 habuisse
497 3079 564 3130 Car·

59 3153 214 3224 maginem
227 3171 261 3204 ne
273 3154 396 3224 Trojanis
409 3159 517 3208 exitium
527 3160 565 3208 in-

60 3236 165 3286 ferrent
174 3233 255 3283 Poeni.
267 3233 302 3282 cf.
313 3235 339 3298 1,
349 3235 410 3302 671.
423 3236 565 3286 certamine

60 3313 164 3364 tanto?
189 3329 225 3364 so.
258 3329 326 3382 opus
349 3325 397 3364 est.
422 3314 475 3366 vid.
501 3317 563 3368 Ver.

61 3391 136 3444 Lect.

102 3487 159 3524 too.
175 3471 251 3524 tates
263 3510 272 3539 ,
285 3481 303 3525 t.
317 3475 388 3525 coni.
402 3477 460 3545 sup'.
474 3476 500 3540 1,
513 3474 565 3544 675

62 3553 566 3624 sqq.—102.paribusauspiciis,hene

61 3631 134 3683 Serv.
150 3632 249 3705 equali
267 3645 399 3705 potestate.
417 3634 479 3686 Non
495 3637 566 3686 enim

62 3731 133 3764 nunc
152 3716 306 3784 nuptiarum
332 3716 452 3785 auspicia
470 3714 567 3766 intelli-

62 3791 168 3863 genda,
187 3793 235 3844 sed
253 3813 269 3845 a
287 3794 503 3866 magistratibus,
520 3795 566 3864 qui

64 3874 186 3941 auspicia
194 3872 296 3926 hahent
302 3871 406 3943 majora
416 3886 442 3925 et
452 3875 565 3937 minora,

63 3954 194 4024 petitum,
212 3966 238 4004 et
257 3954 291 4004 ab
310 3954 423 4024 imperio
440 3954 565 4014 militari;

64 4048 138 4086 nunc
149 4051 199 4104 par
211 4031 237 4087 et
249 4033 351 4106 aequale
364 4034 452 4088 tutelae
462 4035 505 4104 jus
515 4035 566 4086 Ve-

613 2763 671 2816 neri
680 2775 705 2814 et
711 2763 727 2813 J
729 2763 812 2814 unoni
819 2763 846 2812 in
851 2759 944 2833 Tyrios
953 2757 1115 2826 et'l'rojanos

612 2846 681 2895 fore.
688 2873 723 2882 -
732 2843 789 2895 103.
803 2842 858 2908 104.
866 2841 965 2910 Magno
972 2857 1032 2889 cum
1041 2837 1116 2907 spiri·

614 2937 644 2974 tu
661 2943 692 2974 ao
703 2923 814 2974 fastidio
825 2920 939 2970 Didonis
952 2916 1116 2968 connubium

615 3015 641 3054 et
649 3004 736 3054 AEnete
748 3000 876 3071 expressit
884 3001 954 3050 luno
966 3019 972 3047 ε
982 2995 1116 3046 liceatDi-

615 3081 709 3131 donem
725 3082 837 3141 servire,
851 3079 879 3128 in
898 3087 1058 3146 potestatem
1074 3092 1118 3125 ve·

615 3161 691 3222 nire,
711 3159 830 3222 nubere,
852 3156 947 3206 marito
976 3152 1116 3225 Phrygio,

616 3251 725 3290 externo
750 3250 776 3288 et
797 3235 904 3297 exsuii;
929 3234 963 3286 de
986 3232 1118 3303 Phrygum

617 3329 753 3370 contemtu
773 3335 804 3368 ex
816 3315 901 3386 gentis
918 3311 1029 3364 moiiitie
1046 3331 1117 3368 nune

615 3396 700 3448 nolim
713 3396 838 3468 cogitari;
852 3405 879 3445 ct
890 3393 970 3444 liceat
982 3411 1041 3444 eam
1055 3409 1118 3463 per-

615 3477 719 3528 mittere
732 3472 850 3540 dotales,
864 3475 892 3524 in
904 3471 994 3524 dotem
1008 3473 1118 3534 afferre,

619 3557 727 3627 Tyrios,
739 3555 908 3626 Carthaginis
921 3570 1048 3624 regnum,
1061 3549 1120 3602 dexss

617 3647 662 3687 trae
686 3647 754 3701 tute,
776 3635 825 3686 tibi
846 3646 974 3703 tanquam
993 3631 1082 3680 socrui
1103 3649 1120 3680 a

616 3730 692 3766 nuru.
714 3715 819 3766 Servius
839 3713 929 3764 omnia
948 3709 983 3768 ad
995 3710 1120 3762 coemtio-

616 3814 676 3846 nem
695 3797 795 3859 refert,
816 3812 869 3864 qua
888 3790 960 3841 Dido
981 3791 1009 3841 in
1028 3788 1118 3860 *mariti

616 3875 722 3947 Phrygii
735 3886 896 3945 potestatem
910 3871 986 3941 quasi
1002 3867 1119 3920 emtione

616 3973 664 4024 per
682 3972 716 4005 aes
735 3966 761 4007 et
777 3953 874 4005 libram
889 3951 1007 4008 veniret;
1026 3944 1075 3998 sed
1090 3946 1119 4014 in

617 4033 701 4088 altero
713 4051 792 4090 versu
807 4051 863 4087 rem
874 4047 970 4105 parum
982 4023 1097 4099 expedit.
