2718 4598
403 272 465 334 AD
490 273 685 338 LIBRUM
710 276 757 338 11.
1030 293 1094 358 333

49 389 437 462 nobilissmoilloLaocoontis
448 411 507 444 cum
516 394 575 447 liliis
581 395 691 466 {duobus
698 399 782 470 signo,
789 399 929 469 quodolim
937 406 1097 465 viridarium

48 469 196 520 Pontificis
218 471 288 523 Max.
308 472 410 537 Romae,
429 492 500 537 nunc
520 475 640 527 Museum
661 478 912 532 Pio÷Clementinum
929 484 1097 552 habet‚*sive

49 547 228 598 Rhodiorum
242 548 371 600 artificum
391 569 475 628 opus,
495 554 549 605 sive
562 557 617 622 ejus
637 556 801 626 exemplum,
815 555 977 615 exhibentur.
995 569 1025 619 In
1041 559 1099 622 reli·

50 627 138 696 quis,
149 645 211 677 meo
224 627 331 697 quidem
347 628 461 697 jndicio,
475 643 520 681 aut
538 632 604 682 nihil
616 634 643 682 in
662 635 737 704 signo
752 636 798 686 illo
811 641 939 706 occurrit,
954 645 1023 712 quod
1041 664 1098 698 ma·

49 723 180 776 gnopere
201 725 261 757 cum
273 708 384 778 Virgilio
405 713 559 772 conveniat3
578 724 722 776 autunum
738 727 764 764 et
781 715 905 782 alterum,
926 723 998 791 quod
1015 723 1099 793 adeo,

51 801 109 835 nec
124 782 230 835 artificii
241 784 282 835 vel
295 788 417 837 carminis
427 789 529 840 ratione
540 791 576 840 ita
586 791 753 859 postulante,
766 793 898 846 diversum
911 800 959 863 sit,
970 805 1098 865 occurrit3

52 876 157 914 contra
167 881 247 928 vero,
262 863 305 928 id,
319 866 391 934 quod
405 869 432 916 in
444 886 524 937 opere
536 870 666 921 Vaticano
683 873 802 941 inprimis
820 876 1007 931 attendendum
1029 896 1099 947 erat,

52 953 227 992 momentum
240 945 277 992 rei
289 956 367 1012 gestae
380 945 452 1014 quod
465 947 559 997 artifex
571 955 631 998 cn'm
639 948 741 1016 judicio
761 949 871 1022 delegit,
888 955 916 1004 in
935 960 1050 1011 carmine
1065 979 1100 1012 ne

54 1018 173 1089 quidem
190 1021 340 1089 attingitur:
361 1035 512 1092 serpentum
525 1039 612 1076 autem
623 1023 692 1096 [nodi
708 1045 816 1096 prorsus
835 1043 896 1080 sunt
915 1032 1025 1097 diversi;
1039 1026 1101 1090 nain

53 1112 176 1167 uterque
197 1117 305 1168 serpens
318 1101 611 1171 implicitaLaocoontis
627 1107 729 1171 cervice
742 1124 823 1177 supra
835 1125 914 1180 caput
927 1117 982 1182 ejus
995 1119 1099 1169 eminet.

55 1178 128 1242 Quae
141 1194 203 1226 cum
214 1177 252 1226 ita
263 1193 319 1229 sese
330 1177 463 1246 habeant,
472 1201 566 1252 parum
578 1186 693 1236 materiae
710 1187 734 1236 ei
745 1186 917 1256 disputationi
930 1191 992 1246 in'de
1005 1213 1102 1265 suppe-

55 1269 118 1307 tere
130 1255 218 1306 videri
235 1260 334 1326 possit,
354 1273 441 1312 utrum
458 1275 565 1333 poetam
582 1266 689 1328 artifex,
706 1268 775 1316 anis
791 1281 899 1337 poetam
913 1261 1038 1341 seduutus
1058 1277 1099 1326 sit.

55 1337 166 1386 Neuter
178 1337 248 1386 enim
268 1337 396 1403 alterum,
413 1359 500 1411 neque
520 1354 630 1412 uterque
649 1361 787 1397 commune
809 1347 918 1417 aliquod
939 1354 1100 1422 exemplum,

55 1415 103 1466 vel
115 1414 232 1466 eundem
242 1430 385 1484 auctorem,
396 1433 456 1472 ante
469 1422 560 1473 oculos
572 1422 766 1488 habuissessed
775 1438 887 1496 uterque
899 1446 960 1480 suos
970 1446 1100 1497 auctores,

57 1491 148 1561 (quos
161 1492 250 1561 plures
263 1495 290 1544 in
302 1494 352 1547 hac
364 1498 456 1549 fabula
466 1501 580 1551 extitisse
592 1513 621 1550 ut
631 1513 779 1562 constaret,
794 1521 874 1573 supra
885 1524 900 1556 a
911 1507 988 1558 nohis
999 1509 1101 1560 allabo-

56 1585 152 1624 ratum
171 1578 239 1648 est),
253 1593 357 1646 suaeque
370 1580 433 1628 artis
449 1581 564 1649 rationes
578 1594 704 1658 sequutus
717 1596 772 1632 esse
792 1583 926 1635 dicendus.
940 1589 970 1636 ln
983 1586 1052 1640 hanc
1065 1603 1102 1640 ta-

55 1670 124 1701 men
138 1643 172 1703 de
185 1653 335 1707 discrimine
350 1657 418 1708 int'er
429 1658 513 1727 poetae
526 1671 552 1710 et
567 1657 672 1709 artificis
686 1663 782 1728 opera,
795 1678 939 1732 eorumque
951 1683 1056 1716 caussas
1070 1685 1101 1717 ac

57 1731 199 1795 rationeS,
216 1732 423 1803 disputationem
441 1735 564 1788 incidisse
583 1737 761 1808 Lessingium,
776 1749 815 1788 est
834 1739 906 1808 quod
924 1742 1100 1811 gratulemur,

57 1826 125 1859 cum
140 1811 165 1861 ei
177 1811 272 1863 librum
289 1814 445 1884 praclarum
460 1835 491 1868 eo
504 1818 611 1868 nomine
627 1817 783 1887 inscriptum
800 1817 950 1871 debeamus.
970 1822 1000 1870 ln
1018 1821 1101 1872 Hold-

58 1887 184 1939 sworthii
196 1903 221 1941 et
233 1892 338 1962 Spencii
349 1894 475 1946 Annotat.
490 1907 515 1946 ct
527 1895 604 1947 Obss.
620 1895 689 1946 adh.
704 1895 720 1945 l.
732 1897 812 1947 etiarn
825 1897 953 1950 nonnulla
964 1917 1050 1970 nuper
1061 1899 1099 1950 le·

58 1967 168 2036 gimus,
183 1968 228 2020 sed
241 1970 360 2041 vulgaria
371 1973 441 2038 fere,
453 1975 549 2041 partim
561 1985 586 2023 et
596 1973 671 2024 falsa.

343 2267 706 2356 excussos
741 2268 822 2355 vr.

395 2436 585 2506 Laocoontis
603 2443 768 2506 clamores.

98 2605 140 2666 11,
155 2617 213 2652 aaa.
227 2596 353 2650 Clamores
361 2597 440 2648 simul
449 2598 586 2650 horrendos
598 2598 723 2649 adsidam
736 2595 945 2647 tollitLaocoon.
956 2597 1020 2664 Quae
1030 2597 1103 2655 docti

59 2687 114 2736 viri
131 2692 262 2732 nostrates
279 2697 363 2748 nuper
380 2697 459 2748 super
475 2678 500 2730 h.
519 2677 536 2728 l.
550 2679 723 2747 disputarint,
735 2679 835 2728 recenti
851 2689 954 2728 tenetur
966 2684 1100 2732 memoria.

60 2761 133 2814 Mihi
148 2757 266 2829 quidem,
280 2755 345 2827 quid
364 2758 390 2806 in
409 2770 488 2827 poeta
506 2757 684 2808 excusandum
696 2754 738 2806 vel
754 2754 950 2808 defendendum
962 2757 1045 2808 videri
1057 2759 1104 2810 de-

60 2843 143 2904 beat,
162 2835 280 2887 nondum
298 2838 360 2887 satis
382 2835 472 2905 liquet.
494 2835 570 2888 Certe
588 2855 621 2887 ne
634 2836 762 2886 clamores
774 2847 947 2899 memoraret,
959 2835 1025 2885 nihil
1044 2856 1103 2887 eum

62 2921 200 2972 deterrere
213 2915 306 2984 potuit.
320 2914 389 2964 Nam
401 2915 428 2964 in
437 2915 588 2964 Laocoonte
600 2933 648 2964 nec
660 2913 749 2964 herois
760 2915 901 2983 autmagni
912 2914 960 2961 viri
973 2914 1102 2964 fortitudo

62 3013 92 3052 et
105 2995 268 3056 constantia,
276 3009 324 3041 nec
336 2983 447 3042 R'omani
459 2994 573 3061 pectoris
584 2991 747 3061 gladiatoriis
765 2989 922 3060 spectaculis
939 2991 1043 3066 efferati
1056 2993 1106 3041 im-

64 3078 180 3129 manitas
194 3073 301 3124 omnino
318 3068 401 3119 ullum
417 3070 516 3121 habere
532 3082 620 3139 potest
632 3071 727 3120 locum.
748 3068 887 3139 Agendum
899 3080 955 3118 erat
973 3080 1057 3137 poetae
1068 3073 1105 3120 in-

64 3157 160 3228 primis
172 3153 238 3215 hoc,
257 3162 287 3200 ut
307 3161 458 3218 portentum
475 3152 582 3199 terroris
599 3161 625 3198 et
640 3149 757 3198 horroris
772 3149 880 3218 plenum
898 3147 1039 3211 offeretur,
1053 3166 1105 3218 quo

64 3236 178 3305 Trojani
191 3230 369 3299 obstupeFacti
381 3229 558 3298 suspicionem
569 3227 671 3278 fraudis
685 3230 771 3277 animo
789 3227 951 3277 dimitterent
964 3239 988 3278 et
1001 3227 1105 3297 Equum

65 3321 95 3369 in
109 3316 204 3367 urbem
214 3312 370 3380 reciperent.
383 3307 472 3358 Intuli
489 3307 598 3359 consilio
611 3305 731 3356 clamoris
743 3307 811 3356 ratio
832 3305 925 3355 haberi
943 3325 957 3356 a
969 3321 1048 3374 poeta
1057 3326 1107 3378 po..

64 3407 137 3446 terat
148 3392 289 3453 hactenus,
304 3386 376 3456 quod
391 3385 426 3438 ad
442 3397 568 3438 terrorem
585 3384 735 3456 augendum
753 3383 879 3434 clamores
892 3385 1026 3454 ingentes,
1040 3403 1105 3455 quos

66 3471 128 3522 tolli
142 3469 251 3532 audias,
264 3468 352 3517 facere
362 3476 474 3534 possunt
486 3477 511 3514 et
523 3467 591 3534 ipsi,
604 3467 632 3514 in
645 3477 697 3514 tarn
710 3461 793 3512 atroci
806 3477 884 3523 casu,
898 3462 924 3510 in
938 3479 990 3530 quo
1007 3475 1106 3514 naturae

65 3549 198 3619 impulsus
211 3549 248 3596 ita
261 3547 314 3597 fert
322 3583 330 3610 ,
341 3556 375 3604 ,ut
391 3544 533 3594 clamorem
549 3543 635 3594 tollas.
652 3543 746 3610 Neque
764 3555 848 3588 cares
861 3537 996 3589 fastidium
1009 3553 1054 3590 aut
1067 3559 1108 3592 re-

67 3627 275 3701 prehensionem
292 3624 392 3676 habere
410 3635 506 3693 potest.
520 3622 660 3674 Enimvero
678 3620 778 3670 doloris
797 3619 874 3696 victi,
895 3630 1054 3688 questusque
1071 3639 1110 3689 re.

67 3710 156 3781 pressi
174 3705 215 3758 rel
233 3707 386 3775 temperati,
405 3702 462 3754 laus
481 3705 588 3755 omnino
605 3703 696 3752 fuisset
710 3698 791 3749 nulla.
805 3699 866 3748 Non
883 3699 952 3750 enim
969 3698 1001 3752 de
1019 3717 1110 3770 pugna

67 3784 349 3855 vulneraque'eccepto
359 3785 453 3854 agitur.
462 3780 535 3831 Nihil
547 3782 590 3832 hic
603 3781 636 3831 de
647 3782 742 3830 virtute
755 3775 871 3841 militari,
881 3773 947 3824 nihil
960 3773 992 3826 de
1003 3777 1110 3824 fortitu-

71 3867 135 3916 dine
147 3864 280 3932 sapientis.
294 3860 475 3912 Constantiam
486 3879 517 3911 ac
529 3860 697 3910 tolerantiam
706 3859 734 3907 in
746 3854 868 3925 prodigio
881 3855 988 3922 ejusque
998 3852 1109 3940 horrore

70 3940 233 4000 declarando
243 3958 320 3993 nemo
334 3940 477 3994 desiderat.
490 3939 573 3994 Aliter
583 3954 623 3990 res
637 3953 663 3988 se
676 3935 787 3988 haberet
798 3933 826 3984 in
841 3933 993 3984 Laocoonte
1012 3948 1040 3980 ιιι
1052 3945 1109 3982 sce-
