2724 4580
408 281 864 348 nunrnosnmnnzr.
910 231 926 349 ,¹
994 335 1001 344 .

122 407 258 484 Nuntio,
273 421 306 468 et
318 404 352 467 in
364 421 472 468 tutum
483 403 584 470 v'e'rsis
596 406 803 494 aquilonibus
815 425 934 472 actutu:

122 513 161 575 Ni
173 513 295 574 frustra
306 511 479 596 augurium
490 511 564 573 vani
577 504 718 576 docuere
731 529 890 600 parentes:
926 538 932 547 ’

120 614 261 702 Adspice
274 614 325 678 bis
338 637 433 678 senos
448 616 585 679 laetantis
597 617 725 702 agmine
737 639 869 704 cycnos,

119 719 360 807 AEtheria'quos
372 719 461 807 lapsa
473 720 567 806 plaga
578 721 668 784 lovis
681 721 746 794 ales
758 739 870 809 aperto

119 823 289 887 Turbabat
301 824 616 904 coe103uuncterras
629 824 744 889 ordine
755 827 854 912 longo

118 931 327 1024 Autcapere,
341 943 397 991 aut
409 944 517 1014 captas
525 929 594 1018 jam
606 928 795 1018 despectare
807 927 968 993 videntur.

1093 309 1149 374 117

117 1119 211 1166 niumm
219 1132 284 1168 recte
294 1120 398 1166 defendit
407 1123 484 1168 Burro.
495 1123 542 1183 Ego
552 1122 635 1168 addam
644 1137 649 1167 :
659 1122 703 1167 hoc
714 1123 848 1184 exquisitius
861 1138 908 1168 esse
920 1122 1007 1177 altero;
1017 1133 1054 1177 et,
1064 1134 1089 1167 ut
1091 1127 1153 1185 ferri

117 1193 140 1232 in
153 1199 246 1252 portum
261 1191 383 1250 proprium
400 1193 425 1234 in
440 1207 465 1234 re
481 1193 572 1236 nautica
586 1204 633 1246 est,
650 1193 681 1236 sic
693 1195 784 1253 poetica
800 1194 903 1252 oratione
920 1191 1000 1253 refhrri
1012 1209 1040 1237 er
1056 1191 1102 1236 aito
1113 1192 1151 1238 vel

118 1273 254 1322 tempestate
262 1264 374 1324 jactatum
386 1263 411 1306 in
428 1274 521 1322 portum
536 1263 701 1308 benedictum.
713 1262 812 1308 relictam
828 1262 896 1308 Goth.
914 1274 966 1308 tert.
976 1262 1069 1322 -393-
1081 1264 1151 1308 Hein-

117 1335 162 1378 sius
174 1334 238 1378 varie
251 1343 338 1386 tentat,
353 1347 411 1392 seqre
429 1331 516 1378 scilicet
529 1333 607 1378 ferens
617 1334 769 1395 procedentes
781 1334 862 1380 eodem
878 1346 958 1380 tenore
970 1349 1034 1378 casus
1043 1332 1075 1376 bis
1088 1348 1152 1378 senos

117 1401 225 1446 immutes.
235 1401 302 1446 Melit
315 1400 527 1457 tenuissemus,
537 1403 575 1448 vei
587 1403 682 1449 bisseno
693 1402 787 1448 tutantis
797 1421 811 1449 α
821 1403 857 1448 vel
874 1404 906 1448 bis
922 1419 985 1448 senos
998 1402 1082 1446 laetanti
1096 1417 1150 1446 exa-

115 1475 179 1516 mine.
191 1470 238 1516 Sed
247 1470 362 1534 vulgatam
375 1484 397 1517 et
407 1471 475 1517 codd.
487 1480 515 1520 'et
523 1474 652 1519 Priscianus
666 1473 880 1528 defendtrn13unus
897 1476 972 1535 Sprot.
983 1488 1026 1533 pro
1038 1488 1084 1516 var,
1095 1471 1150 1517 lert.

117 1541 271 1591 luctantesTu
279 1545 337 1588 vitio
346 1545 378 1588 sic
388 1556 523 1598 occurrent
529 1544 818 1606 ¹accuratiusinterpungus
829 1556 851 1588 et
863 1543 963 1604 legendo
971 1558 1057 1587 moram
1067 1543 1150 1588 facias:

114 1612 211 1673 Adspice
221 1611 337 1666 bissenos,
347 1610 447 1658 intentes
455 1617 548 1676 eymine,
557 1629 647 1678 cyquos.
655 1613 745 1674 -394,
755 1613 855 1658 AEtberia
867 1629 922 1676 quos
925 1611 988 1674 forte
996 1610 1066 1674 Plaqa
1073 1613 1094 1654 J.
1105 1612 1151 1656 oles

114 1683 141 1728 nb
151 1682 198 1728 ulto
210 1697 252 1727 un.
265 1683 343 1728 Heius.
354 1695 377 1729 et
386 1683 490 1730 Parrhas.
500 1711 531 1720 -
539 1685 583 1746 395
611 1685 710 1731 turbavit
721 1684 818 1731 Dorrill.
828 1684 928 1729 turbaret
936 1683 1034 1729 edVen.
1046 1699 1097 1726 curn
1109 1682 1154 1727 ali-

114 1767 170 1817 quot
180 1753 251 1800 codd.
261 1756 381 1800 Pierianis.
396 1755 494 1801 turbabit
502 1758 626 1817 Romanus.
634 1783 665 1792 -
677 1758 730 1818 396.
740 1760 810 1818 captis
819 1753 915 1800 Mentel.
926 1767 977 1800 tert.
987 1771 1030 1816 pro
1039 1771 1086 1800 var.
1096 1752 1150 1798 lert.

113 1825 167 1885 lieg.
180 1839 193 1867 a
204 1838 235 1866 m.
253 1839 289 1885 pr.
308 1822 349 1868 sed
365 1823 498 1870 adversetur
515 1829 642 1872 sententiae.
655 1835 778 1890 respectare
794 1825 894 1870 Gudian.
911 1840 965 1870 am.
981 1841 1015 1885 pr¹
1024 1827 1073 1886 jum
1091 1837 1163 1866 ntum¹

113 1902 212 1956 spectare
221 1891 319 1950 Dorrill.
326 1896 377 1954 jem
386 1894 449 1938 obest
461 1895 541 1939 Frenc.
554 1897 671 1958 desperare
679 1909 717 1955 ‚est
725 1899 807 1941 vitium
817 1910 938 1956 operarum
950 1895 1005 1940 edit.
1016 1896 1125 1940 mlieins.

114 2057 247 2112 reducem.
260 2057 336 2110 versis
347 2055 531 2130 aquilonibus,
544 2062 570 2113 h.
585 2083 608 2115 e.
622 2107 624 2112 .

114 2139 197 2189 ventis
214 2137 377 2207 simpliciter,
394 2141 457 2189 Mox
476 2141 525 2208 392
548 2143 611 2192 vani

115 2215 148 2267 sd
165 2229 290 2268 ornatum
306 2219 417 2288 egregie.
438 2219 465 2272 V
462 2237 541 2283 attus,
554 2237 609 2270 non

113 2294 193 2345 modo
202 2297 248 2365 qui
256 2294 407 2365 pollicetur,
419 2314 476 2365 quae
484 2310 608 2365 praestere

113 2376 217 2442 nequit,
239 2372 287 2426 sed
303 2385 329 2424 et
348 2376 393 2442 qui
410 2373 550 2444 profitetur
566 2379 609 2430 vel

113 2452 207 2504 falsam
225 2453 267 2504 vel
285 2453 390 2504 inanem
406 2453 555 2514 doctrinam
571 2457 606 2507 cf.

114 2528 183 2582 Serv.

145 2611 312 2680 393·.·-i⁰0·
346 2610 493 2666 Duodecim
526 2633 607 2669 naves

114 2708 171 2762 cum
181 2689 300 2754 Anthea,
313 2689 448 2761 Sergesto,
460 2693 606 2746 Cloantho-

115 2786 163 2838 que
183 2781 300 2822 servatas
312 2788 374 2820 mox
384 2772 540 2824 videbimus
553 2777 606 2826 Has

113 2848 223 2899 totidem
234 2848 321 2900 olores
335 2851 462 2914 innuunt,
474 2869 556 2920 quos,
573 2853 606 2903 ab
631 2891 633 2894 -

114 2928 203 2998 aquila
213 2928 295 2979 modo
306 2931 419 3000 agitatos
429 2943 455 2980 et
463 2930 605 3000 dispersos,
623 2929 625 2934 ’

112 3006 187 3059 hoste
199 3008 294 3058 abacto
305 3007 467 3066 ludibundos
477 3010 607 3080 pluuden·
632 3049 634 3052 -

113 3098 204 3156 resque
228 3098 326 3137 terram
345 3086 469 3140 advolare
492 3090 616 3146 ostendit,

112 3165 211 3224 Venus.
221 3165 342 3216 turbabat
351 3165 483 3237 eleganter
490 3187 539 3239 pro
550 3171 607 3240 egi·
633 3219 635 3224 ,

112 3245 185 3296 tabat
211 3241 293 3296 insitu
309 3247 505 3314 insequebatur.
520 3259 607 3318 aperto

110 3322 173 3374 ooelo
190 3324 235 3375 alii
252 3341 360 3396 sereno,
379 3337 409 3374 ut
425 3343 482 3395 sup.
503 3345 528 3375 v.
545 3325 606 3389 155⁴,

112 3421 160 3474 ego
178 3404 268 3454 malim
280 3422 329 3473 pro
342 3404 441 3468 libero,
454 3407 544 3474 pervio
556 3423 606 3454 vo-

112 3482 236 3533 lantibus.
265 3483 329 3548 Quoe
358 3497 518 3553 sequuntur,
546 3483 605 3552 395.

113 3559 170 3628 396.
184 3563 258 3623 varie
280 3562 445 3631 accipiuntur
469 3575 495 3614 et
519 3563 618 3632 accipi.

112 3652 231 3706 possunt.
245 3639 393 3692 Difficultas
403 3644 479 3704 estin
489 3661 554 3700 voce
564 3659 616 3693 can

110 3734 170 3784 pere
183 3729 210 3768 et
226 3729 328 3788 captas,
342 3722 416 3788 cujus
434 3741 466 3772 ca
479 3722 552 3771 not-io
565 3739 617 3771 err-1

114 3795 242 3861 quirenda
257 3809 310 3862 cst,
330 3815 386 3866 quae
408 3818 467 3850 cum
486 3818 543 3850 voe.
563 3800 606 3850 de·

112 3885 225 3942 spectare
232 3878 385 3927 convenint':
394 3877 523 3946 siquidem
537 3889 605 3928 terra

105 3953 164 4022 jam
178 3963 270 4025 capta,
284 3965 428 4022 occupata,
445 3955 607 4026 despectundi

658 2064 732 2114 locus
759 2081 814 2115 esse
840 2081 893 2114 non
918 2062 1030 2113 videtur.
1057 2062 1151 2130 Capere

656 2155 746 2193 eutem
759 2153 797 2193 est
812 2155 856 2193 aut
871 2161 1015 2210 occupare,
1029 2152 1074 2190 aut
1088 2158 1151 2190 ocu·

658 2220 689 2270 lis
698 2221 850 2292 designare,
861 2220 972 2289 eligere,
982 2230 1080 2288 petere.
1091 2218 1151 2268 Ple-

658 2303 733 2372 rique
742 2302 829 2370 Intpp.
844 2310 921 2350 terras
930 2309 978 2347 attt
986 2315 1076 2366 capere
1087 2297 1113 2346 h.
1126 2316 1148 2347 e.

658 2380 762 2444 tenere,
778 2378 906 2444 insidere,
927 2389 972 2428 aut
992 2386 1079 2446 captas
1089 2377 1150 2445 jam

657 2461 817 2530 despectare,
830 2457 857 2509 h.
870 2477 893 2508 e.
908 2455 1084 2526 despicerem
1096 2468 1150 2504 ter·
1179 2485 1188 2506 «

656 2557 714 2590 ram
727 2539 837 2606 jamjam
849 2536 1022 2607 capiendam,
1038 2537 1083 2585 cui
1094 2536 1150 2602 jam
1168 2543 1171 2548 '

657 2619 873 2686 appropinquent
880 2615 985 2680 volatu,
995 2627 1023 2663 ut
1034 2615 1149 2682 capiant,

657 2708 801 2766 occupent;
818 2695 982 2765 quiquidem
999 2694 1092 2744 modus
1109 2694 1150 2743 lo·

657 2777 769 2846 quendi,
777 2777 825 2828 etsi
831 2775 926 2836 durus,
935 2793 989 2824 non
997 2775 1151 2842 infrequens

656 2867 704 2920 est,
713 2866 741 2905 ut
751 2857 779 2904 in
789 2854 848 2905 illo:
865 2852 883 2902 si
896 2849 996 2916 litusens
1009 2848 1099 2902 retiret
1112 2869 1149 2913 pt,

656 2929 695 2982 neti
713 2933 731 2982 ti
747 2929 900 2995 emicantior
916 2928 982 2982 ierit.
1000 2929 1051 2980 Od.
1072 2944 1150 2995 t1,90·

657 3015 821 3064 Burmannus
829 3019 916 3078 captas
923 3007 1154 3077 intelligitaprio-
1178 3029 1182 3039 =

657 3093 743 3154 ribus,
759 3091 804 3158 qui
823 3091 850 3138 in
864 3101 959 3138 terram
970 3087 1025 3152 jam
1036 3085 1151 3136 descen-

657 3168 764 3231 derant,
777 3178 877 3235 captas.
890 3163 969 3230 Quod
979 3165 1098 3231 jejunum
1110 3180 1152 3214 es-

657 3260 704 3298 set.
729 3246 815 3296 Aliam
838 3246 910 3294 vocis
935 3244 1072 3292 notionem
1094 3251 1154 3293 esse'

657 3325 785 3386 diximus,
807 3322 888 3374 oculis
910 3321 1052 3392 animoque
1070 3321 1152 3391 desig,-

657 3422 734 3467 nare,
754 3401 862 3474 eliyere,
883 3411 1009 3472 appetere.
1032 3401 1062 3450 In
1080 3400 1151 3450 hunc

657 3501 761 3534 sensum
778 3480 849 3531 Serv.
871 3498 977 3550 cupere,
997 3479 1101 3549 eligere.
1121 3481 1153 3527 in

656 3563 751 3630 Georg.
764 3561 801 3622 11,
817 3559 881 3622 230,
895 3577 973 3628 quem
989 3557 1095 3620 laudat,
1113 3569 1152 3606 est

654 3655 745 3708 capere
754 3635 843 3689 oculis.
852 3638 911 3698 lam
921 3639 942 3686 si
950 3637 1092 3706 despecturi
1102 3635 1151 3686 ali,-

656 3717 720 3786 quid
729 3715 839 3780 dicitur,
847 3715 920 3785 quod
925 3719 979 3784 jam
988 3726 1093 3786 captum
1102 3725 1151 3775 est,

658 3790 1154 3864 debuitutiquericnpereantecedere3

658 3875 905 3944 praelerendumque
917 3873 982 3924 adeo
994 3871 1076 3920 videri
1087 3885 1152 3937 pos-

640 3992 643 3998 .
661 3955 682 4005 it
694 3952 747 4006 hoc
755 3991 764 4018 ‚
785 3955 878 4026 ut‘bsit:
893 3967 988 4022 cygnos
1002 3962 1097 4000 terrem
1110 3957 1156 4000 aut
