2742 4586
347 321 580 388 AENEIDOS
603 321 755 388 LIBER
779 324 828 389 ΙΙ.
985 360 988 364 ·
1045 331 1107 398 253

28 495 32 507 .
70 441 166 507 Sacra
178 463 293 523 manu,
306 443 476 532 uictosque
489 443 583 526 dece,
596 467 799 536 parvumque
812 461 967 535 nepotem
1064 460 1113 508 320

71 549 147 636 lpse
159 549 273 627 trahit,
287 571 452 639 cursuque
464 573 576 616 amens
588 551 630 615 ad
642 551 754 617 limina
766 552 881 618 tendit.

70 653 146 734 Quo
159 676 211 718 res
224 676 351 718 summa
361 655 450 737 loco,
464 656 613 721 Panthu?
625 681 722 746 quam
735 658 927 746 prendimus
939 662 1068 726 arcem?
1116 709 1118 716 .

70 759 134 822 Vix
146 782 186 824 ea
197 760 282 824 fatus
295 783 398 839 eram,
412 763 536 849 gemitu
547 785 652 850 quum
664 764 740 828 talia
753 762 876 840 reddit:
1079 746 1087 761 ⁹

70 865 171 928 Venit
183 886 311 930 summa
322 864 392 930 dies
405 884 438 931 et
450 868 658 933 ineluctabile
671 886 800 958 tempus
1114 878 1135 926 1*

72 968 256 1034 Dardaniae.
272 973 406 1038 Fuimus
418 975 540 1056 Troes;
553 975 741 1056 fuitllium,
755 993 788 1041 et
799 977 913 1064 ingens
1069 994 1113 1048 325

519 1114 523 1123 .
845 1107 853 1126 .
1116 1113 1119 1120 .

70 1165 264 1228 Heiusotn'ades,
270 1159 516 1228 Otynudes,OEtricdes
523 1173 583 1221 male
590 1174 659 1237 vulgo
665 1173 704 1223 hic
712 1186 735 1221 et
744 1175 804 1221 infra
810 1167 1033 1236 ’ceponius-«320.
1039 1181 1114 1241 jactos

71 1246 124 1280 tert.
136 1237 245 1282 llottend.
257 1243 327 1286 υἰείιω
337 1242 412 1297 Gud.,
421 1244 462 1289 sed
471 1262 493 1291 v.
506 1245 584 1290 Burm.
593 1269 625 1280 --
634 1245 687 1290 321.
697 1261 831 1310 cursumque
840 1245 925 1290 Moret.
938 1261 977 1308 qu.
995 1259 1018 1292 et
1034 1251 1066 1294 sic
1076 1249 1114 1295 le-

72 1306 170 1366 gabatur
184 1310 258 1356 Servii
274 1323 347 1359 aetate.
364 1329 487 1380 cursusque
496 1316 588 1378 Menag.
605 1333 640 1378 pr.
654 1329 677 1363 et
692 1319 760 1363 Witt.
776 1317 863 1362 Eadem
875 1318 972 1363 varietas
985 1330 1007 1364 et
1020 1318 1079 1366 alibi
1092 1339 1114 1367 v.

71 1377 151 1422 Burm.
161 1380 379 1444 Utrumque-auten
387 1399 450 1432 recte
460 1390 529 1434 etiam
538 1389 562 1432 in
572 1400 641 1450 poeta
651 1389 747 1444 dicitur,
755 1388 847 1436 videtur
854 1399 930 1434 tamen
938 1404 1030 1434 cursum
1038 1408 1115 1437 remu-

71 1447 117 1492 tius
127 1464 141 1492 a
150 1448 239 1511 vulgari
250 1468 298 1500 esse
305 1456 373 1500 -ad
386 1455 451 1502 litora
464 1459 654 1518 paucissimorum
663 1458 776 1504 librorum
785 1459 877 1506 videtur
891 1472 939 1503 esse
949 1456 1031 1514 lectio;
1042 1476 1116 1506 unum

69 1515 199 1582 llamburg.
212 1538 248 1583 pr.
258 1523 345 1572 laudat.
356 1529 435 1573 Heins-
446 1529 537 1584 Cetcri,
550 1542 666 1591 quotquot
675 1532 774 1591 inspecti
783 1541 849 1586 sunt,
859 1531 927 1574 etiam
938 1545 951 1574 e
960 1533 1044 1576 nostris
1056 1547 1116 1578 unus

71 1589 109 1647 (in
121 1590 214 1638 duobus
224 1593 322 1657 lumina)
334 1609 356 1644 et
367 1610 423 1646 vett.
436 1599 507 1658 edd.,;
516 1615 586 1661 porro
596 1603 701 1655 Servius,
712 1603 828 1655 Donatus,
840 1602 994 1661 Pomponius,
1003 1602 1034 1645 ud
1041 1600 1116 1647 limina

71 1661 253 1720 praeseferunt:
263 1668 328 1729 quod
337 1669 492 1732 adstipulante
502 1671 619 1716 Brunclio
629 1673 715 1734 recepi.
729 1669 833 1715 Alterum
844 1668 905 1714 illud
915 1686 943 1714 ex
952 1668 1043 1715 solenni
1050 1671 1118 1734 lapsu

71 1729 97 1772 iu
108 1727 132 1773 h.
147 1746 169 1774 v.
180 1745 257 1778 ortum
266 1735 340 1782 videri
349 1751 437 1799 potest,
448 1752 471 1785 et
480 1740 577 1785 subiisse
587 1742 687 1802 primum
697 1739 817 1794 Aldinam;
825 1738 887 1784 unde
895 1739 920 1782 in
928 1738 1036 1794 taurina,
1047 1755 1117 1802 quam

73 1798 151 1845 exilia
161 1818 290 1865 expressam
300 1811 413 1871 conjicio,
424 1824 446 1858 et
456 1813 480 1856 in
490 1811 519 1856 al.
528 1827 637 1858 excusum
646 1811 723 1858 video.
733 1811 762 1856 At
772 1827 821 1856 eam
831 1811 931 1857 deservit
940 1808 998 1854 Rob.
1006 1809 1124 1872 Stephon..

72 1869 217 1918 Consensum
226 1875 339 1925 librorum
355 1881 429 1928 firmat
443 1884 491 1944 ipsa
502 1899 580 1928 rerum
596 1886 655 1928 ratio
672 1895 695 1928 et
711 1881 776 1928 ordo.
789 1881 898 1927 Nondum
913 1879 1009 1927 consilia
1023 1885 1119 1945 exsequi

72 1955 176 2003 coeperat
188 1947 268 1994 AEneas
278 1965 284 1994 t
296 1951 351 1998 vide
362 1971 381 2000 v.
393 1952 437 2010 314
445 1979 477 1992 ·-
485 1954 543 2016 317,
555 1966 679 2017 antequam
694 1955 763 2000 domo
776 1965 853 2008 exeat,
863 1969 917 1998 eece
931 1952 974 1998 tibi
983 1953 1052 1999 offert
1061 1969 1085 1999 se
1095 1955 1118 2000 ei

73 2009 191 2070 Panthus,
204 2019 244 2076 qui
256 2018 286 2062 ad
296 2022 347 2081 ejus
359 2020 453 2068 domum
462 2058 468 2078 ,
478 2026 566 2086 quippe
575 2025 601 2069 in
614 2036 701 2069 remota
717 2025 781 2069 urbis
797 2034 863 2085 parte
879 2025 944 2068 sitam
955 2021 1023 2080 (vide
1032 2039 1053 2068 v.
1066 2038 1118 2082 ²99·

73 2077 147 2160 39⁰),
158 2085 314 2148 confugiebat.
326 2094 395 2139 Forte
405 2107 428 2139 et
437 2094 482 2140 hoc
492 2097 568 2156 ipsum
580 2106 648 2157 poeta
660 2096 689 2140 ad
699 2097 774 2140 AEneae
790 2097 900 2155 pietatem
916 2091 1011 2147 retulit,
1023 2105 1049 2137 ut
1058 2093 1119 2138 reli-

73 2164 170 2208 gionum
180 2156 285 2226 minister
292 2161 321 2206 ad
330 2178 384 2207 eum
395 2164 521 2226 confugiat.
529 2166 671 2226 Pomponius
680 2165 729 2209 haec
741 2163 825 2209 habet:
839 2160 918 2206 limina
927 2162 1007 2206 domim
1018 2175 1073 2205 meoe
1080 2177 1088 2205 :
1096 2165 1119 2206 in

73 2216 114 2264 ¹¹0⁶
124 2229 246 2273 awtoutas
257 2239 280 2274 et
287 2232 381 2295 dr'qnitas
388 2235 466 2279 AEneoe
473 2235 566 2279 videtur.
577 2237 669 2281 Servius
676 2247 752 2280 autem
764 2250 769 2278 :
782 2233 859 2277 AEoeoe
868 2241 891 2276 et
899 2230 974 2296 rch'qic
984 2229 1089 2276 laudatur
1098 2241 1121 2278 et
1163 2253 1167 2258 ·

73 2291 153 2335 vimus.
165 2291 241 2341 umora
250 2301 321 2362 igitur
332 2305 380 2364 ipsa
392 2321 418 2350 re
429 2307 482 2350 satis
493 2305 602 2360 delinita,
612 2305 677 2367 quod
691 2307 736 2349 sint
748 2305 831 2348 AEneae.
841 2305 878 2348 Sic
888 2303 932 2357 Xl,
946 2301 997 2363 267.
1008 2301 1064 2358 Quae
1076 2316 1120 2362 pro

75 2358 149 2406 altera
158 2363 260 2416 lectione
270 2364 316 2418 dici
332 2377 435 2436 possint,
444 2393 466 2422 v.
484 2392 520 2437 ap.
537 2377 616 2420 Burm.
626 2401 658 2412 -
668 2375 720 2421 322.
740 2374 790 2433 Quo
801 2389 864 2419 ress.
883 2371 942 2419 hri?
951 2389 986 2434 pr.
997 2372 1121 2429 Rottend.;
1133 2365 1136 2376 '

74 2427 116 2474 8θᾶ
126 2446 147 2476 v·
157 2434 236 2481 Burin.
247 2440 312 2487 Idem
319 2445 355 2490 vir
366 2444 513 2491 doctissimus
523 2447 599 2506 conj.:
612 2461 658 2508 quc
667 2445 795 2507 prendimus
804 2443 897 2488 urcem?
907 2458 952 2505 qua
961 2442 997 2488 via
1003 2474 1010 2495 ,
1022 2440 1120 2500 ratione,
1155 2449 1157 2456 '

74 2499 106 2554 ud
117 2516 194 2548 arcem
204 2514 325 2569 pervenire
334 2515 538 2577 possumuslMihi
548 2515 643 2579 quidem
658 2515 702 2562 hoc
717 2519 819 2562 tenuiter
834 2513 922 2559 dictum
933 2513 1036 2565 videtum
1047 2523 1070 2555 et
1082 2514 1121 2561 adi

75 2569 150 2615 imm·
159 2589 207 2635 qua
217 2580 326 2627 tendimus
334 2599 410 2630 arcem
419 2588 481 2648 conj.
495 2587 532 2631 Jo.
543 2585 664 2632 Schrader.
676 2584 780 2631 Panthu:
795 2601 822 2630 ex
833 2579 948 2632 Πάνθοος.
961 2597 1018 2629 or-ov
1027 2604 1058 2614 —
1068 2581 1122 2631 323.

75 2649 243 2720 ‘mimmius
252 2666 304 2696 cum
313 2654 434 2716 distinguit
446 2657 553 2703 Leideus.
564 2682 596 2694 —
605 2655 658 2713 324.
670 2656 890 2719 ineluctabilefatum
903 2654 1007 2700 Macroh.
1018 2651 1047 2706 V,
1063 2669 1071 2697 ι
1082 2672 1121 2702 re-

76 2721 147 2768 crtat;
157 2729 186 2758 ex
195 2714 236 2762 lib.
249 2722 315 2779 Vlll,
327 2723 372 2780 334
382 2725 506 2772 inevitabile
517 2735 602 2790 tempus
610 2726 647 2772 ed.
658 2729 731 2783 Ven.,
742 2726 806 2790 qaod
815 2738 838 2772 et
849 2728 874 2770 in
884 2725 951 2770 Witt.
962 2722 1019 2769 eod.
1041 2742 1121 2788 supra·

77 2786 199 2844 ’Ulpium-
208 2815 241 2828 ·-
249 2791 302 2840 325.
316 2795 455 2844 Dardanidae
470 2799 554 2845 Moret.
565 2810 617 2844 tert.
630 2796 689 2844 Ilion
706 2797 816 2844 nonnulli
821 2831 829 2854 ,
846 2808 872 2843 ut
890 2811 941 2858 sup.
962 2795 1014 2853 adr.
1058 2793 1063 2808 ²

76 2975 165 3023 sacra,
179 2973 205 3012 et
221 2973 277 3013 tum
287 2963 405 3033 linimus,
419 2967 492 3032 deos,
506 2967 533 3018 h.
551 2986 574 3018 e.
625 2955 790 3038 pretatione,
804 2966 850 3036 qui
860 2981 945 3014 arcem
956 2961 988 3014 de
996 2954 1124 3033 Pergamo

78 3039 251 3091 simulacrum
272 3043 402 3114 Apollinis
422 3045 575 3116 absportat3

79 3132 109 3170 ut
119 3139 145 3170 v.
160 3123 211 3191 293
219 3122 448 3196 Sacrasuosque-
456 3126 575 3175 Penates.

78 3198 329 3271 Nonignoro,vasa
337 3216 362 3254 et
370 3203 578 3254 utensiliasacra

80 3279 113 3330 ab
132 3279 190 3330 aliis
207 3282 327 3354 intelligi.
346 3282 380 3331 At
399 3282 478 3333 victos
497 3301 578 3352 quarn

79 3359 225 3412 invidiose!
236 3363 353 3412 Deorum
365 3374 454 3413 autem
468 3361 578 3413 simula-

80 3460 155 3492 crum
167 3444 196 3492 in
208 3443 310 3495 excidio
323 3442 415 3514 templi
428 3455 453 3493 et
464 3443 538 3495 urbis
546 3457 578 3494 ex

80 3539 154 3572 more
164 3538 255 3572 secum
262 3522 331 3573 ferre
340 3534 365 3572 et
373 3539 477 3572 servare
488 3521 577 3572 studet

80 3598 221 3664 sacerdos,
232 3602 362 3652 utAEneas
372 3603 482 3652 Penates
491 3639 499 3666 ,
508 3619 541 3650 ne
552 3601 580 3650 in

79 3675 199 3728 hostium
211 3692 370 3750 potestatem
378 3681 493 3730 veniant.
508 3679 580 3730 Nota

81 3775 124 3809 res
138 3771 191 3824 est,
201 3757 248 3810 sed
258 3757 338 3810 semel
346 3757 487 3810 monenda.
499 3756 581 3808 trahit

81 3857 144 3889 cum
165 3837 266 3890 dilectu
288 3840 404 3908 positum
425 3856 475 3908 pro
497 3836 578 3889 ducit.

82 3919 119 3970 ad
131 3917 243 3983 iimina,
257 3921 352 3970 AEneae.

119 3999 180 4052 322.
195 4001 304 4052 Frustra
316 3998 441 4052 laborant
457 4001 483 4052 in
499 4001 581 4051 inter-

626 3047 768 3115 accipiunt.
786 3043 924 3114 Optimum
936 3042 1066 3109 factu,ut
1081 3059 1125 3091 ar-

626 3143 681 3174 cem
699 3141 749 3194 pro
769 3121 893 3192 perfugio
916 3120 1048 3189 accipias:
1071 3138 1123 3190 quo

627 3203 812 3278 confugimus?

662 3283 714 3348 324
738 3300 795 3352 sqq.
820 3278 991 3330 Admirabilis
1019 3282 1125 3347 oratio,

627 3363 763 3436 gravitatis
781 3373 807 3412 et
824 3359 924 3410 doloris
936 3357 1030 3428 plena,
1049 3372 1075 3412 et
1093 3380 1126 3413 ea

628 3442 735 3515 quidem
749 3437 894 3492 sacerdotis
906 3437 1051 3507 Apollinis,
1062 3453 1088 3490 et
1098 3442 1126 3492 in

628 3523 675 3574 tali
695 3537 784 3571 rerum
803 3516 969 3568 conditione!
991 3517 1126 3588 Euripidis
1171 3524 1173 3528 ’

629 3600 676 3652 illa
686 3593 786 3650 Troad.
799 3594 847 3647 581
863 3597 885 3646 si
901 3597 1016 3666 respexit
1027 3610 1107 3667 poeta
1120 3620 1127 3648 ε

628 3678 684 3748 Ilpir
699 3677 750 3728 ποτ’
764 3669 825 3740 ipit.
839 3671 937 3734 Bisssuer
951 3673 1025 3734 ὄλβος.
1039 3674 1127 3737 Βίβακι

627 3757 713 3826 Tpoie,
729 3767 857 3826 quantum
870 3753 914 3805 ille
935 3754 967 3805 de
987 3772 1035 3806 suo
1055 3769 1128 3807 attu-

629 3837 690 3889 lisse
711 3834 796 3886 videri
821 3833 917 3884 dehet!
940 3831 1126 3897 ineluctabile,

629 3915 719 3968 fatale.
743 3912 938 3984 Euripideum:
961 3911 1041 3976 τύχα,
1062 3909 1129 3975 τύχα

631 3992 805 4049 δυσπάλαιστος
824 3990 878 4044 i'ru.
899 3991 996 4042 Alcest.
1023 3994 1129 4062 892-
