2656 4592
230 323 293 407 542
477 325 512 389 r.
535 324 767 390 vtaormr
790 325 1026 393 rtaaouts
1102 304 1106 310 ’

228 451 325 512 Certa
336 448 435 526 mori,
448 449 606 537 varioque
618 450 739 513 irarum
751 447 889 515 fluctuat
901 469 995 516 aestu.

228 557 303 618 Non
316 555 401 642 fugis
413 553 490 618 hinc
501 575 662 644 praeceps,
676 555 757 640 dum
768 557 976 645 praecipitare
987 559 1170 646 potestus?
1242 569 1276 615 stt
1312 605 1313 644 7

226 664 300 726 Jaru
312 682 401 724 mare
413 659 537 724 turbari
549 660 712 741 trabibus,
726 685 894 752 saevasque
906 662 1039 729 videbis

226 767 410 834 Conlocare
421 770 523 848 faces,
532 769 603 858 jam
614 771 742 835 fervere
754 772 850 836 litora
862 771 1022 838 flammis:

226 876 259 940 Si
272 893 305 940 te
316 873 368 940 his
379 873 533 963 adtigerit
544 877 639 941 terris
651 879 777 941 Aurora
790 896 987 943 morantem.
1001 947 1008 956 ,

228 983 287 1046 Eia
298 1001 373 1069 age,
387 1005 504 1070 rumpe
516 1005 635 1047 moras.
648 984 784 1047 Varium
797 999 830 1047 et
841 985 1002 1048 mutabile
1014 1007 1158 1074 semper

227 1093 372 1156 Femina.
385 1091 437 1156 Sic
449 1091 535 1156 Fatus
547 1092 636 1156 nocti
649 1113 683 1156 se
697 1092 876 1157 immiscuit
886 1110 976 1156 atrae.
1123 1115 1125 1118 ’
1242 1108 1275 1166 550

271 1198 360 1260 Turn
371 1220 451 1261 vero
464 1199 595 1276 AEueas,
611 1196 727 1262 subitis
741 1199 913 1262 exterritus
925 1199 1072 1278 umbrie,

227 1304 377 1389 Couripit
389 1325 407 1366 e
420 1325 537 1366 somno
549 1325 684 1390 corpus,
699 1304 874 1393 sociosque
887 1305 1019 1391 fatigat:

226 1407 412 1496 Praecipites
424 1407 570 1495 vigilate,
583 1409 659 1487 viri,
673 1425 706 1472 et
718 1408 879 1473 considite
891 1409 1044 1473 transtris
1055 1435 1064 1490 3

225 1515 347 1582 Solvite
360 1514 433 1578 vela
445 1514 511 1579 citi.
524 1515 629 1595 Deus,
643 1511 765 1580 aethere
777 1516 896 1580 missus
907 1514 950 1580 ab
962 1516 1047 1595 alto,
1312 1533 1313 1596 4

226 1623 394 1688 Festinare
407 1621 533 1709 fugam,
546 1636 717 1709 tortosque
731 1619 877 1686 incidere
889 1621 994 1701 iunia,
1240 1635 1274 1696 575
1312 1615 1313 1632 4

225 1795 318 1856 Menafl.
329 1790 468 1854 subpactum
478 1790 583 1835 Pieriani
595 1790 693 1853 aliquot.
701 1815 734 1825 -
746 1787 798 1845 564.
813 1791 893 1835 Lectio
904 1789 954 1834 baec
964 1789 1072 1836 Medicei
1085 1789 1235 1855 aliorumque
1249 1803 1277 1836 est

225 1864 295 1911 codd.
309 1863 437 1924 elegantior
448 1861 512 1908 baud
524 1861 596 1906 dubie
610 1861 649 1906 illa
660 1873 682 1906 et
694 1875 769 1924 poetae
779 1863 938 1924 hequentata,
956 1862 987 1906 cf.
1003 1877 1024 1906 v.
1039 1861 1103 1917 532,
1116 1879 1188 1926 quam
1201 1864 1276 1918 altera,

226 1952 296 1998 quam
308 1933 347 1980 alii
360 1932 429 1980 codd.
442 1949 479 1995 ap.
490 1932 569 1977 lisina.
583 1944 606 1976 et
621 1933 700 1976 Burm.
717 1933 799 1994 (cujus
808 1933 900 1992 Menag.
912 1929 951 1976 alt.
963 1934 1062 1976 suscitat
1071 1931 1163 1991 habet)
1175 1950 1225 1978 cum
1236 1950 1275 1978 uno

226 2010 286 2053 Pier.
297 2018 320 2053 et
331 2006 412 2067 fragm.
422 2005 498 2050 Vatic.
509 2005 626 2066 veniasque
635 2007 721 2048 irarum
733 2007 830 2049 concitat
839 2011 915 2048 aestus.
930 2004 1000 2049 Forte
1011 2006 1064 2064 ipse
1077 2015 1153 2065 poeta
1166 2005 1275 2051 meliorem

225 2077 350 2124 lectionem
363 2075 430 2121 alteri
440 2073 601 2136 adscripscrat.
611 2099 643 2109 -
655 2074 706 2120 565.
718 2075 780 2118 Num
793 2086 840 2119 tres
849 2074 927 2118 Burm.
940 2075 963 2117 in
972 2088 1077 2136 praeceps
1086 2075 1175 2136 fragm.
1185 2077 1254 2120 Varie.
1265 2091 1276 2119 a

225 2163 256 2193 m.
269 2164 305 2210 pr.
315 2172 346 2182 ι-
356 2145 408 2207 567.
427 2143 492 2190 litura
502 2143 594 2206 feruere
607 2144 705 2190 Dorvill.
716 2171 747 2180 -
757 2145 809 2204 569.
825 2145 884 2188 Heia
898 2146 924 2189 iu
935 2143 1018 2205 fragm.
1031 2145 1113 2189 Vatic.
1126 2147 1189 2190 etin
1198 2145 1274 2190 multis.

225 2221 287 2284 Erqo
296 2233 337 2282 αφ
346 2219 406 2264 l’ier.
417 2215 507 2280 aliquot
518 2215 587 2262 codd.
599 2231 626 2262 ue
638 2225 693 2261 mut.
707 2215 779 2262 Wall.
791 2241 823 2262 -.-
832 2217 885 2277 570.
894 2215 955 2278 satis
965 2215 1027 2261 Gud.
1042 2233 1056 2262 a
1066 2233 1099 2261 m.
1111 2233 1150 2278 pr.
1160 2220 1212 2280 jum
1220 2219 1275 2260 misc.

224 2291 306 2350 fragm.
322 2288 397 2332 Vatic.
415 2303 428 2332 a
443 2302 475 2332 m.
494 2302 530 2348 pr.
545 2284 648 2350 occubui
664 2290 723 2330 imm.
736 2285 807 2331 Wall.
824 2299 848 2330 se
864 2288 954 2331 miscuit
967 2286 1034 2331 Leid.
1054 2298 1078 2332 et
1095 2286 1171 2331 Goth.
1188 2298 1238 2332 tert.
1249 2310 1275 2320 -

127 2377 130 2382 ·
226 2362 278 2421 571.
289 2355 376 2404 subitus
387 2357 446 2403 alter
455 2358 548 2419 Menag.
559 2381 591 2393 -
603 2360 655 2419 ⁵7²·
672 2374 686 2402 a
698 2373 775 2404 somno
784 2357 832 2402 duo
842 2358 920 2402 Burin.
933 2359 1041 2402 esomrus
1048 2356 1119 2403 Leid.
1130 2373 1144 2402 e
1154 2367 1226 2404 sbuto
1239 2355 1274 2402 ali-

224 2441 284 2492 quot
301 2430 363 2474 Pier.
381 2440 405 2474 et
418 2443 469 2490 sup.
484 2427 528 2482 lll,
548 2427 599 2490 176.
617 2431 688 2477 socios
701 2441 827 2490 corpusque
842 2425 914 2471 Wall.
926 2453 958 2462 ·-
974 2427 1028 2489 573.
1044 2428 1213 2490 Praecipitatus,
1226 2445 1244 2471 v.
1254 2442 1272 2469 v.

224 2495 364 2546 emendabat
374 2500 412 2543 Jo.
422 2497 544 2544 Schrader.
559 2500 585 2543 in
598 2498 698 2546 schedis.
711 2498 854 2544 Offendebat
869 2497 960 2544 scilicet
974 2501 1106 2560 praecipites
1124 2515 1180 2544 cum
1195 2497 1272 2562 vr'qilate

194 2609 196 2613 ,
221 2571 343 2630 junctum,
356 2567 422 2629 quod
435 2570 542 2630 poeticus
554 2584 629 2614 sermo
641 2569 825 2615 infestinatione
837 2569 898 2614 bene
909 2568 962 2614 fert.
976 2567 1123 2632 Praeviqiiate
1138 2572 1196 2623 uiri,
1209 2583 1273 2613 mutuo

223 2654 270 2684 sec.
283 2637 392 2683 Rottend.
404 2637 545 2694 ludibrium,
562 2653 632 2702 puto,
645 2640 742 2687 librarii.
755 2649 778 2685 et
793 2640 859 2686 deest
871 2639 938 2685 alteri
951 2641 1098 2702 llamburg„
1113 2657 1163 2686 non
1173 2640 1238 2685 male.
1247 2662 1272 2671 -

225 2705 363 2770 57i.jussus
375 2705 472 2751 Oudart.
484 2723 528 2769 pro
538 2709 592 2754 Var.
603 2710 666 2754 Leet.
678 2737 710 2746 —
720 2711 772 2774 575.
785 2713 811 2755 F.
816 2709 884 2773 jubet
894 2711 979 2756 Venet.
990 2711 1046 2755 Mor
1059 2725 1107 2774 que
1119 2711 1211 2756 abesta
1222 2710 1270 2754 duo·
1312 2757 1313 2778 7

223 2843 336 2914 orietur.
349 2875 384 2885 -
397 2845 456 2914 564.
475 2847 548 2898 Certa
561 2849 629 2900 mori
636 2888 645 2914 ‚
662 2847 723 2903 vide
773 2849 822 2902 tali
837 2849 971 2921 Cyllenius
982 2870 1027 2903 ore
1043 2850 1175 2922 loquutus
1185 2851 1272 2901 Morta·

222 2947 248 2980 r.
262 2927 322 2998 475.
333 2957 368 2968 —
378 2925 437 2979 565.
458 2927 625 2998 precipitare
641 2929 682 2981 vel
696 2921 723 2981 ri
773 2931 805 2983 lis
815 2932 882 2984 visus
894 2931 980 2982 medio
992 2950 1115 2984 sennonc
1128 2931 1242 3004 reliquit.

223 3010 330 3080 fugere,
348 3008 516 3085 praecipitare
538 3008 644 3079 fugam,
665 3009 721 3074 vel,
807 3009 964 3080 571-575.
987 3010 1082 3065 subitis
1102 3013 1271 3081 umbris,po·
1312 3077 1313 3080 Ἴ

222 3089 386 3159 praecipitem
419 3105 494 3152 esse,
524 3091 722 3158 praecipitanter
771 3101 821 3144 test
833 3093 903 3143 forte
914 3093 1268 3164 acoipiproimagine‚viso.
1312 3105 1313 3166 4

221 3187 309 3239 agere.
320 3195 355 3204 -
368 3165 427 3218 566.
440 3164 498 3236 567.
508 3167 603 3218 Ornati
610 3185 701 3219 versus
713 3173 718 3219 l
770 3171 865 3223 Melius
876 3185 965 3222 tamen
975 3173 1002 3222 in
1010 3184 1095 3242 poeta
1105 3191 1158 3242 pro
1168 3174 1271 3244 caligine
1312 3167 1313 3254 4

221 3247 323 3298 turbari
337 3247 465 3312 trabibus,
487 3248 592 3318 impleri
607 3249 720 3300 navibus
770 3253 859 3304 subito
871 3252 1089 3304 exortaabeunte
1100 3253 1170 3318 deo,
1183 3257 1271 3324 qui‚ut
1312 3279 1313 3284 =

140 3359 142 3367 ι
203 3344 257 3377 'sc
270 3325 480 3397 Carthaginiens.
494 3329 529 3378 cf.
540 3329 588 3378 inf.
603 3330 651 3398 592
665 3347 719 3400 sq.;
770 3331 1270 3404 mosest,inmultaluceapparuerat:
1312 3291 1313 3378 4

220 3405 289 3457 male
300 3405 388 3457 Cerda
401 3407 500 3457 turbari
509 3421 674 3478 tempestate.
685 3439 720 3446 -
769 3425 798 3464 ut
808 3430 865 3481 sup.
881 3429 905 3460 v.
920 3409 980 3462 358.
999 3411 1080 3462 deum
1094 3413 1236 3482 manifesto
1249 3412 1272 3459 iu

221 3484 281 3538 568.
294 3487 324 3536 Si
336 3497 360 3536 tc
373 3486 419 3538 bis.
429 3487 591 3558 Comparaut
601 3489 676 3540 lliad.
691 3511 718 3550 e,
769 3487 1075 3541 luminevidiFuisitab
1087 3490 1272 3541 invitauumea

221 3565 281 3617 268.
301 3566 359 3634 269.
373 3597 407 3604 -
421 3567 480 3637 569.
504 3569 530 3622 V
528 3569 615 3621 arium
638 3579 665 3620 ct
682 3587 716 3618 m.
765 3568 861 3642 procui
869 3608 878 3634 ,
891 3571 928 3620 ait
940 3571 1029 3622 Valer.
1045 3570 1086 3620 Fl.
1106 3573 1159 3638 vl,
1173 3572 1231 3637 480.
1244 3571 1273 3618 tt

218 3641 245 3694 h.
259 3644 276 3694 l.
291 3657 392 3696 tantum
407 3665 438 3697 eu
451 3649 580 3717 pertinet,
601 3647 674 3718 quod
690 3649 718 3699 in
767 3650 891 3702 nuncille
904 3649 954 3720 570
969 3650 1079 3701 noctise
1095 3652 1273 3701 immiscuerat

218 3725 342 3776 muliebri
355 3728 444 3776 animo
461 3743 578 3778 summus
598 3745 673 3780 amor
691 3729 719 3778 iu
768 3737 838 3780 atroe.
855 3730 988 3800 Corripite
999 3747 1093 3781 somno
1103 3748 1201 3802 corpus
1208 3769 1216 3794 ,
1229 3731 1272 3780 Lu-

219 3820 349 3855 summam
373 3807 498 3856 saevitiam
520 3821 545 3858 et
567 3809 718 3860 immanita·
768 3805 999 3873 cretiana‘oratio,
1009 3808 1058 3860 lib.
1072 3811 1125 3874 ΙΙΙ,
1140 3810 1204 3876 164,
1217 3809 1241 3859 b.
1251 3828 1269 3857 e.

219 3896 273 3934 tem
291 3885 358 3934 verti
374 3896 475 3953 potest,
495 3898 524 3934 ut
543 3885 610 3936 adeo
629 3889 716 3946 AEnrre
765 3890 848 3954 levat,
873 3901 969 3940 movet.
996 3889 1136 3960 sociosque
1158 3889 1270 3960 fatiqat,

219 3961 252 4011 dc
274 3963 358 4013 salute
371 3962 543 4033 cogitandum
555 3966 596 4014 sit.
608 3995 642 4003 -—
655 3965 715 4035 570.
766 3970 915 4022 hortatibus
928 3969 955 4020 h.
968 3968 1002 4034 l.,
1015 3981 1045 4019 ut
1058 3973 1174 4020 omnino
1186 3971 1219 4022 de
1231 3989 1270 4019 sre-

220 4041 291 4090 nocti
302 4058 327 4089 se
338 4040 355 4088 i.
372 4060 396 4089 a.
412 4044 526 4093 evanuit.
545 4061 602 4112 sup.
617 4063 641 4095 v.
657 4049 715 4115 278.
766 4052 826 4122 pius
843 4061 944 4102 tentato
963 4061 1039 4112 motu
1062 4049 1165 4101 dicitur
1181 4051 1270 4121 poetis.
