2656 4592
325 388 585 458 JAEN‘EIDOS
607 390 769 489 LIBER*
784 393 846 463 lv.
915 403 918 409 ’

71 513 154 595 Quae
167 511 278 594 dabat,
292 530 325 578 ct
335 536 444 580 saeros
457 515 609 580 servabat·
619 517 652 580 in
664 518 783 584 arbore
793 543 915 602 ramos,

69 621 234 709 Spargens
246 619 382 688 humida
394 621 492 686 mella
504 624 792 716 soporiferumque
804 650 957 716 papaver.

1055 382 1113 470 aa

1038 561 1040 568 ,
1072 538 1120 594 aas

104 805 158 866 485.
172 813 195 853 in
206 823 282 854 sacros
294 807 353 855 alter
365 809 457 872 Meuafi.
474 827 540 868 sacra
551 827 570 856 s.
581 814 604 856 in
615 811 694 858 arbore
707 824 760 858 tert.
774 814 883 860 llottend.
894 832 906 860 a
919 832 949 860 m.
959 833 995 879 pr.
1008 815 1120 880 llequires

70 879 134 924 forte
151 879 190 924 dot
206 892 228 924 et
244 887 333 934 servot5
351 880 394 925 sed
408 881 490 926 retulit
501 895 570 944 poeta
587 882 617 927 ad
633 882 757 928 monstrato
773 892 818 938 est,
835 899 886 947 quae
897 886 977 942 dabat,
989 904 1032 950 pro
1047 888 1121 934 altero

68 951 144 995 duret.
158 951 215 996 Nam
229 953 438 1013 consequutionem
451 964 582 1014 temporum
592 965 662 1014 poeta
673 953 771 1016 negligit
776 966 822 1009 ,Ant
832 957 945 1000 monitum
956 957 984 1002 ad
995 957 1079 1019 1,-706.
1089 983 1121 993 -

69 1019 126 1076 486.
139 1020 248 1066 Waddcl.
260 1024 308 1084 jam
319 1023 397 1067 Burni.
409 1022 517 1069 laudatus
525 1024 587 1082 conj.
597 1039 684 1068 arcens.
697 1026 743 1069 Aut
754 1037 861 1088 sparqens
873 1026 1001 1087 accipiebat
1013 1043 1122 1074 amovens

70 1107 102 1136 ex
115 1090 197 1148 horto,
210 1107 240 1138 ne
253 1093 323 1138 draco
333 1105 436 1154 gustaret
448 1106 471 1140 et
484 1095 508 1138 in
520 1109 629 1155 soporem
640 1093 764 1140 incideret.
777 1097 809 1140 lta
825 1093 867 1141 ille
877 1111 930 1141 cum
944 1096 994 1142 aliis
1006 1097 1035 1143 de
1047 1099 1122 1142 inter-

70 1167 204 1225 pretatione
216 1163 350 1222 laborabat,
362 1169 445 1228 etipse
456 1168 611 1227 Burmannus.
627 1169 664 1212 Jo.
682 1165 824 1214 Schraderus
835 1171 860 1212 in
872 1168 977 1225 schedis,
993 1169 1034 1214 ubi
1048 1169 1122 1217 multa

70 1247 214 1306 tentaverat,
224 1250 316 1280 versum
325 1235 420 1282 damnat
431 1249 454 1282 et
465 1238 530 1298 ejicit
537 1254 545 1295 ;
557 1250 581 1283 at
592 1255 613 1284 v.
628 1249 715 1282 notam.
728 1237 901 1302 soporiferumve
911 1239 978 1286 multi
991 1257 1027 1302 ap.
1042 1243 1129 1286 Euam*

66 1392 193 1464 peridem
217 1407 306 1448 autem
332 1393 417 1446 hortos
437 1399 572 1446 communi

68 1485 213 1543 poetarum
228 1475 353 1544 opinione
366 1476 436 1524 intra
451 1473 574 1544 Cyrenai-

68 1571 109 1604 cae
126 1551 190 1604 fines
209 1555 311 1624 positos
328 1555 355 1604 in
376 1555 572 1605 Mauretaniam

69 1633 571 1698 adAtlantismontisradicesremovit,

70 1713 571 1786 quandoquidemantiquioresdiverse

70 1796 106 1846 de
119 1813 211 1846 eorum
226 1797 277 1846 situ
290 1794 464 1846 tradiderant.
482 1794 573 1845 Hesio-

69 1877 122 1927 dus
131 1876 238 1946 quidem
245 1873 312 1944 aripti
320 1875 406 1926 κλυτοῦ
411 1874 520 1926 naretulo
526 1892 572 1926 eos

69 1954 570 2026 collocaveratTheog.assaliiatirer.

69 2055 96 2086 v.
111 2053 154 2105 ap.
167 2036 233 2086 Plin.
246 2037 298 2100 Vl,
312 2035 342 2085 31
358 2053 379 2085 s.
392 2034 440 2101 36,
453 2035 499 2104 qui
518 2035 571 2085 alio

69 2115 210 2167 locolib.V
219 2134 260 2185 pr.
270 2114 398 2180 etXlX,4
408 2132 428 2164 s.
444 2132 486 2178 aa,
499 2112 573 2185 apud

70 2196 357 2260 Lixum,Mauretaniae
366 2213 398 2247 ea
407 2196 435 2244 in
444 2193 573 2244 Atlantici

69 2278 151 2327 maris
173 2294 221 2328 ora
241 2276 304 2326 urbs
326 2287 379 2338 est,
395 2265 573 2342 Hesperidum

69 2355 163 2406 hortos
175 2355 302 2417 collocat;
314 2354 349 2406 ad
357 2363 472 2404 montem
481 2348 574 2402 Atlan-

70 2447 123 2486 tem
137 2436 217 2486 etiam
233 2435 328 2507 Hygia.
342 2434 361 2485 f.
382 2431 456 2482 XXX
471 2431 508 2494 f.,
525 2429 572 2481 ubi

69 2534 95 2562 v.
109 2513 197 2584 intpp.
216 2513 337 2584 inprimis
353 2511 464 2564 Salmas.
482 2510 510 2561 in
526 2509 572 2562 So-

69 2594 117 2647 lin.
131 2614 192 2666 pag.
208 2595 259 2662 264
271 2612 329 2664 sqq.
343 2605 370 2645 et
384 2609 470 2662 nuper
483 2601 573 2642 actum

69 2674 105 2726 de
119 2672 160 2724 his
174 2673 209 2725 ad
220 2673 346 2746 Apollod.
361 2674 401 2738 ll,
416 2671 445 2736 5,
466 2686 493 2720 11
509 2671 571 2721 Not.

70 2775 97 2825 p.
112 2753 164 2820 406
173 2771 231 2825 sqq.
239 2783 273 2792 -
281 2753 340 2820 485.
351 2769 434 2804 sacros
443 2750 471 2802 in
481 2750 571 2801 arbore

70 2851 168 2896 ramos,
188 2849 225 2882 so.
245 2832 406 2902 campomis
426 2831 513 2882 aurcis
532 2849 573 2881 ra·

69 2930 145 2975 mos,
170 2930 236 2980 quos
257 2914 356 2963 Veneri
376 2929 466 2964 sacros
489 2911 572 2969 fuisso

69 2993 176 3046 Servius
194 3005 296 3052 narrat,
311 2992 356 3042 alii
371 2992 459 3043 Terrae
475 3008 572 3042 munus

69 3091 153 3146 poma
169 3089 251 3122 aurea
267 3070 448 3132 tradiderant3
463 3091 487 3121 v.
507 3071 570 3120 Not.

71 3155 107 3208 ad
116 3149 276 3223 Apollodp.
287 3150 347 3216 410.
359 3150 419 3214 411.
430 3148 507 3212 Certe
517 3150 573 3199 vio·

68 3235 121 3286 lari
132 3250 177 3284 eos
194 3232 269 3282 nefas
287 3240 351 3282 erat.
367 3229 465 3280 Narrat
485 3240 573 3278 antem

3 3333 4 3346 ¹
68 3325 170 3385 poeta,
196 3312 219 3362 si
239 3328 294 3360 non
317 3309 388 3378 ipsas
411 3305 571 3376 Hesperidas

70 3394 149 3456 deas,
166 3391 259 3442 hortos
275 3401 365 3442 tamen
377 3404 484 3453 earum,
504 3403 571 3456 quos

3 3495 4 3506 ¹
70 3472 200 3544 templum
222 3469 359 3542 appellat,
380 3482 509 3538 tanquam
532 3466 572 3518 lo·

3 3573 5 3604 a
69 3573 133 3607 cum
151 3555 183 3605 iis
204 3569 326 3616 sacrum,
343 3549 389 3600 illo
407 3548 494 3601 adhuc
507 3560 571 3600 tem·

3 3667 4 3676 κ
69 3653 138 3708 pore
148 3635 327 3705 superfuisse,
337 3632 422 3700 iisque
435 3629 571 3700 praefuisse

69 3714 239 3768 sacerdotem
257 3713 391 3765 feminam.
412 3710 447 3761 cl.
462 3709 524 3760 Eae.
537 3710 572 3760 lv

3 3823 4 3844 ;
70 3793 145 3848 adh.
158 3793 176 3844 l.

3 3919 5 3928 s
107 3875 167 3941 486.
190 3873 232 3928 Sic
250 3874 299 3926 inf.
316 3875 368 3939 vt,
391 3871 452 3939 4²⁰·
473 3869 573 3942 Sibylla

4 4005 5 4018 2
69 3954 188 4006 Cerbero
201 3951 284 4006 Melle
294 3963 442 4024 soporatam
454 3959 480 4005 et
490 3949 572 4002 medi-

3 4063 5 4076 ι
69 4035 134 4086 catis
146 4034 273 4106 frupibtts
289 4033 376 4104 offam
395 4032 508 4103 Objt'cit:
528 4050 571 4083 ve·

69 4133 130 4167 rum
139 4115 177 4165 ibi
187 4113 222 4165 ad
232 4131 357 4184 soporem
366 4110 569 4164 immittendum.

622 1397 700 1448 Nune
716 1409 819 1448 tantum
835 1405 885 1469 pro'
899 1398 956 1448 offa
968 1415 999 1449 oo
1012 1397 1073 1449 cibo
1085 1399 1124 1450 of-

622 1475 790 1544 femurpd(a‚
804 1479 929 1547 placenta
938 1476 1054 1543 mellita,
1067 1491 1123 1545 aut,

621 1559 643 1606 si
661 1558 770 1626 proprie
792 1557 865 1608 dicta
887 1559 1049 1626 accipimus,
1071 1557 1124 1611 mel

620 1635 752 1704 liquidum
761 1655 822 1686 curn
831 1653 973 1706 papavere.
985 1637 1067 1688 Mella
1077 1651 1124 1688 aut

621 1715 758 1786 placentas
775 1716 890 1766 mellitas
903 1717 1071 1786 serpentibus
1084 1736 1124 1768 sa·

622 1797 673 1859 cris
687 1798 804 1865 apponi,
816 1791 890 1846 haud
906 1797 1017 1858 mirum;
1029 1800 1125 1851 namsi
1178 1842 1180 1847 .

621 1877 648 1929 iu
659 1875 763 1944 templis
774 1893 879 1926 servare
889 1889 1025 1947 serpentes
1034 1896 1125 1929 sacros

621 1954 776 2028 placuerat,
789 1973 897 2007 necesse
915 1969 972 2010 erat
984 1959 1015 2009 iis
1033 1959 1123 2026 cibum

621 2034 849 2107 praebere.Neque
857 2037 1000 2106 quicquam
1009 2040 1123 2110 amplius

621 2117 649 2166 in
662 2133 693 2167 eo
706 2117 760 2166 ritu
773 2131 904 2184 quaram,
918 2135 1005 2186 neque
1018 2131 1090 2184 turn,
1101 2123 1125 2172 si

622 2197 682 2266 ipsa
693 2196 750 2255 Dea
758 2195 833 2246 Sabas
844 2196 923 2247 simili
931 2215 1004 2249 more
1015 2215 1124 2270 serpen·

622 2287 677 2327 tem
686 2295 700 2326 e
710 2276 917 2346 patera'pascit:
931 2277 980 2326 etsi
992 2277 1077 2330 multa
1086 2297 1125 2332 sc·

622 2355 676 2406 rius
695 2369 830 2407 accessere
851 2357 948 2425 partim
964 2355 1124 2428 religionum

622 2435 1122 2506 partimgrammatioorumcommentis

622 2513 655 2566 de
664 2514 760 2585 quibus
774 2532 850 2586 egere
859 2515 983 2586 Boettiger
996 2529 1022 2566 et
1029 2515 1124 2588 Spren-

621 2594 663 2667 gel
672 2597 700 2646 in
710 2595 856 2666 Beitroeqen
870 2609 891 2654 1,
903 2612 926 2645 a.
937 2617 951 2640 a
962 2595 1123 2668 laconqrue,

619 2676 675 2744 jam
691 2673 796 2726 Servius
813 2675 930 2739 monuit,
941 2669 1046 2726 videtur
1055 2678 1123 2747 posi·

622 2765 694 2819 tum,
714 2751 900 2826 ntsoporifera
915 2755 1010 2826 species
1026 2753 1125 2828 (papa-

620 2835 687 2906 ver)
715 2831 841 2904 peroipili
865 2833 942 2884 detur
962 2835 1086 2910 Droeoni.
1110 2860 1122 2884 o

621 2915 708 2966 Multa
719 2913 754 2966 ad
766 2911 967 2964 defendendum
978 2924 1087 2982 poetam
1097 2928 1124 2966 et

622 2995 659 3045 ibi
672 3005 698 3044 et
708 2993 809 3062 passim
820 2991 884 3054 alibi
902 2991 1020 3046 afferunt
1032 2995 1122 3064 intpp.

621 3091 646 3123 v.
660 3071 755 3124 Cerda.
766 3069 901 3121 Excidisse
914 3069 967 3122 hoc
981 3085 1081 3140 poetae,
1094 3085 1124 3124 ut

622 3149 731 3202 credam
759 3149 839 3200 facile
862 3148 997 3212 addacem
1022 3153 1123 3224 quippe

625 3232 732 3300 quinon
739 3230 902 3282 meminisset
912 3232 982 3282 offas
988 3251 1123 3303 papavere

623 3310 713 3362 aliisve
726 3308 882 3379 soporiferis
902 3311 987 3363 succis
1000 3311 1123 3371 conditas

622 3388 785 3440 draconibus
814 3387 887 3458 apud
916 3401 1018 3443 veteres
1041 3393 1122 3463 objici

622 3482 691 3534 tum,
709 3486 770 3520 oum
787 3485 880 3520 sonmo
897 3469 953 3545 illij
953 3473 1124 3542 opprimendi

621 3560 691 3601 eunt.
705 3549 761 3600 Nec
776 3561 866 3602 tamen
878 3548 946 3604 ade'o
959 3551 1122 3620 absurdum,

621 3648 682 3681 cum
689 3629 767 3680 melle
778 3629 922 3698 antiquitas
930 3632 957 3680 in
964 3631 1122 3701 quotidiano

620 3711 693 3761 victu
709 3719 846 3774 uteretur,
867 3721 893 3761 et
908 3727 1030 3781 ¹papaver
1051 3724 1122 3763 certe

621 3792 754 3860 posterior
766 3787 868 3840 Gracia
884 3791 912 3840 in
924 3789 1026 3842 deliciis
1041 3790 1123 3842 habe·

621 3880 676 3934 ret,
694 3869 783 3921 cibum
795 3871 926 3939 serpenti,
936 3868 1078 3920 lautiorem
1095 3881 1122 3920 et

621 3949 785 4013 dulciorem,
795 3947 857 4000 inde
873 3959 997 4018 paratum
1012 3935 1067 3998 dici
1073 3984 1081 4012 ,
1091 3962 1122 4000 nt

619 4042 744 4100 pascatur
765 4029 810 4081 ille
831 4027 891 4080 offis
914 4027 1019 4078 mellitis
1038 4047 1121 4100 papa·

619 4127 680 4163 rere
697 4112 796 4172 mixtis,
816 4122 845 4163 ut
863 4107 1038 4180 soporiferam
1059 4122 1119 4160 tan-
1164 4103 1166 4111 ’

896 4195 938 4260 3⁴¹·
