2656 4592
343 331 580 396 AENEIDOS
604 329 759 393 LIBER
782 330 844 392 IV.

72 455 148 536 Quo
160 456 245 520 ruit?
257 472 439 520 extremum
451 454 516 520 hoc
528 455 656 518 miserae
669 452 726 517 det
737 473 859 516 munus
871 454 993 517 autenti
1005 475 1011 515 :

72 561 248 649 Exspectet
260 561 458 650 facilemque
471 562 597 648 fugam,
611 575 796 647 ventosque
809 560 955 623 ferentis,

72 668 149 730 Non
157 668 227 757 jam
240 668 431 757 conjugium
443 669 632 755 antiquum,
647 664 738 754 quod
750 663 913 753 prodidit,
928 688 1003 746 oro;

72 774 143 836 Nec
154 773 295 860 pulchro
308 791 345 837 ut
358 773 452 838 Latio
465 789 587 851 careat,
601 793 809 859 regnumque
822 771 1004 860 relinquat:

72 879 223 966 Tempus
236 881 332 951 inane
345 895 437 968 peto,
451 879 602 966 requiem
614 879 823 966 spatiumque
836 877 956 956 furori3

73 985 164 1046 Dum
176 1007 249 1048 mea
262 1008 314 1048 me
328 984 447 1048 victam
460 982 577 1048 doceat
590 985 723 1046 fortuna
736 980 860 1046 dolere.

72 1089 263 1152 Extremam
274 1089 360 1155 hanc
373 1113 431 1154 oro
444 1090 589 1167 veniam,
604 1089 761 1152 miserere
774 1088 910 1166 somne,

73 1195 183 1275 Quam
194 1195 276 1260 mihi
289 1219 393 1284 quum
407 1194 554 1275 dederim
568 1195 769 1259 cumulatam
782 1209 888 1256 morte
901 1195 1075 1258 remittam.

1056 330 1117 396 523

1074 571 1119 628 430

1079 1101 1122 1159 435
1206 1057 1207 1060 ¹

73 1391 105 1443 ii,
120 1389 162 1452 qui
174 1388 236 1451 apud
248 1390 354 1436 Servium
364 1391 511 1452 jungebant:
524 1388 602 1434 revelli
606 1423 613 1444 ‚
621 1405 664 1434 cur
674 1393 716 1448 (ut
725 1399 849 1451 propterea
859 1390 866 1446 l
880 1402 929 1432 mea
940 1388 1000 1434 dicta
1012 1405 1035 1432 n.
1047 1413 1080 1424 -
1090 1390 1127 1434 di-

74 1463 165 1505 mittere
174 1460 227 1516 alii,
238 1477 266 1507 ex
276 1477 354 1507 more:
365 1464 481 1506 immittere
491 1460 563 1506 Wall.
574 1477 626 1505 cum
637 1461 727 1522 glossa:
737 1461 855 1504 admittere
863 1459 895 1504 od
901 1474 968 1504 aures
978 1459 1037 1506 alter
1046 1461 1128 1506 llamb.

74 1555 108 1566 -
119 1528 173 1590 429.
186 1530 236 1588 Quo
246 1534 314 1578 struit
325 1531 384 1578 alter
397 1533 478 1576 llamb.
492 1556 523 1565 —
534 1531 588 1588 431.
601 1533 655 1576 Nori
666 1546 705 1594 eqo
718 1546 739 1574 c.
752 1530 862 1575 Rottend.
875 1545 888 1574 a
900 1547 931 1574 m.
944 1546 990 1576 sec.
1003 1532 1032 1576 cf.
1046 1532 1087 1576 inf.
1101 1533 1130 1587 V,

77 1599 130 1662 194.
144 1602 343 1650 comitamini.
360 1603 470 1650 llottend.
486 1603 533 1648 Ert.
548 1603 610 1666 quod
621 1603 720 1664 perdidit
730 1605 806 1662 Sprot.
823 1613 847 1645 et
859 1603 954 1661 Puget„
970 1615 995 1646 ut
1005 1605 1052 1665 jam
1066 1601 1130 1664 apud

74 1675 182 1720 Serrium
192 1677 340 1738 interpretati
349 1689 403 1720 sunt
413 1673 530 1720 nonnulli.
538 1700 567 1709 -
576 1674 630 1730 432.
640 1683 682 1718 ant
690 1675 716 1717 L.
727 1674 775 1718 duo
785 1673 910 1716 Burmann.
921 1686 1040 1736 reqnumvc
1048 1672 1132 1721 Gude

75 1758 110 1788 m.
120 1757 166 1790 sec.
176 1770 208 1780 -
216 1743 270 1800 433.
281 1745 368 1805 furoris
381 1744 440 1792 alter
451 1743 549 1790 Mentel.
562 1760 574 1788 a
587 1759 617 1788 m.
631 1759 667 1806 pr.
680 1769 711 1777 -
722 1741 776 1798 434.
790 1739 866 1786 dolore
878 1742 965 1786 Medic.
976 1757 1029 1788 cnm
1042 1744 1130 1804 majore

74 1813 127 1860 fere
139 1817 210 1862 codd.
222 1830 295 1878 parte.
306 1816 367 1863 Male
379 1831 464 1864 tamen.
474 1843 506 1853 -
515 1815 568 1872 435.
579 1832 619 1862 ora
629 1815 717 1862 alieubi
727 1814 773 1876 legi
783 1813 852 1860 video
863 1815 888 1858 in
897 1812 973 1874 vulqg.
984 1838 1016 1848 -
1024 1812 1078 1868 436.
1089 1814 1132 1857 Vi·

72 1882 157 1930 'rorum
169 1887 292 1934 doctorum
304 1892 328 1934 in
340 1889 385 1936 hoc
398 1887 452 1936 loco
464 1889 668 1951 inter-pungendo,
681 1885 870 1948 interpretando,
883 1896 918 1940 et,
932 1888 974 1930 etsi
983 1883 1042 1930 nihil
1054 1886 1132 1930 sanius

76 1973 128 2003 esse
138 1971 214 2020 potest
226 1962 263 2019 (v.
277 1973 325 2006 not.
333 1965 356 2020 )‚
370 1961 530 2017 emendando,
543 1974 622 2008 aestum
636 1960 689 2006 vide
701 1975 738 2020 ap.
752 1959 845 2010 Burm.;
857 1973 910 2002 nam
921 1955 1013 2018 singula
1025 1967 1132 2017 repetere

74 2029 175 2090 longum
187 2044 210 2077 et
222 2032 305 2079 inutile
319 2046 386 2080 esset.
398 2036 422 2080 Si
434 2036 530 2096 ingenio
542 2033 657 2080 utendum
669 2044 741 2088 esset,
751 2030 831 2076 saltem
844 2029 987 2090 metaphorae
1000 2031 1133 2074 immanen-

76 2099 136 2143 dum
153 2113 214 2156 erat,
232 2115 255 2147 et
270 2101 385 2150 cumulato
401 2113 460 2151 sorte
477 2106 589 2150 remittam
603 2117 652 2150 erat
669 2100 866 2165 coniectandum:
883 2111 909 2144 ut
924 2099 1065 2145 beneficium
1080 2115 1134 2144 curn

76 2171 170 2218 foenore
182 2173 325 2220 reddituram
336 2191 360 2222 se
370 2176 492 2239 spondeat.
506 2178 612 2222 Proxime
628 2177 726 2220 accessit
737 2176 763 2220 in
774 2171 866 2218 schedis
877 2172 914 2216 Jo.
925 2170 1080 2226 Scliraderus,
1093 2171 1134 2232 qui

77 2258 134 2288 cum
144 2241 187 2289 alia
198 2257 283 2302 tentat,
294 2259 343 2292 tum
352 2247 397 2295 hoc
409 2265 414 2294 :
429 2248 502 2308 Quom
514 2247 568 2292 milii
576 2251 597 2294 sr'
606 2248 706 2302 dederit,
718 2243 834 2292 cumulata
845 2251 916 2296 sorte,
931 2241 1057 2305 relinquen
1072 2240 1137 2303 quod

76 2317 191 2361 nonsatis
199 2318 313 2382 intelligo.
321 2321 608 2383 Discrepantiascodicum
620 2322 697 2381 primo
707 2317 760 2364 loco
767 2315 902 2364 videamus:
913 2314 968 2360 milti
977 2323 999 2373 tu
1010 2314 1033 2358 d.
1044 2311 1134 2358 Zulich.

79 2402 94 2431 a
107 2402 138 2430 m.
151 2403 197 2434 sec.
209 2406 262 2435 cnm
275 2392 361 2438 dederit
375 2391 491 2439 cumulata
503 2402 573 2439 morte
585 2410 604 2438 r.
617 2392 718 2447 Medic,
733 2389 798 2453 quod
812 2390 890 2436 lleins.
903 2400 1011 2451 pzaestere
1026 2384 1136 2447 putabat,

81 2459 140 2514 etsi,
151 2476 231 2508 sensus
243 2466 284 2526 qui
296 2467 326 2510 sit
336 2466 461 2511 verborum
472 2466 622 2520 commodus,
633 2480 682 2509 non
694 2463 802 2524 subjecit.
812 2461 899 2507 Eadem
913 2460 982 2505 lectio
994 2460 1019 2502 in
1031 2455 1136 2501 Parthas.

81 2537 108 2572 et
119 2529 200 2592 Puget.
214 2545 249 2589 et,
262 2533 392 2591 cumulata,
405 2539 475 2582 etiam
484 2536 543 2582 alter
552 2537 645 2596 lllenag.
659 2547 683 2580 et
692 2535 777 2580 Mores.
790 2543 843 2578 tert.
855 2533 883 2576 ln
891 2548 927 2593 pr.
938 2531 1022 2574 Moret.
1033 2524 1138 2572 cumula-

80 2693 163 2746 latius
182 2719 265 2769 genus
282 2723 332 2774 pro
352 2707 505 2778 angustiore
524 2728 529 2755 :
554 2717 584 2755 ut

2 2837 3 2840 Ἴ
81 2772 136 2843 457
149 2795 227 2831 voces.
236 2783 460 2855 -430.facilem
468 2784 584 2858 sapam,

2 2909 3 2922 χ
81 2854 298 2927 profectionem,
317 2867 533 2937 navigationem,
555 2882 586 2915 ex

82 2938 228 2990 commoda
241 2956 412 3014 tempestate,
430 2965 482 3016 qua
499 2945 586 3012 facilis

84 3011 133 3064 illa
145 3015 193 3065 sit:
206 3023 410 3091 ventosferentes
418 3027 517 3094 passim
525 3043 589 3095 poe·

2 3149 3 3154 ¹
85 3105 119 3143 1ae
132 3112 182 3163 pro
191 3100 323 3151 secundis.
333 3104 383 3154 Res
391 3115 457 3154 nota
469 3125 475 3152 :
489 3123 513 3153 v.
523 3105 588 3152 Bur-

2 3233 4 3246 }
86 3193 230 3242 mannum,
244 3197 323 3248 quem
336 3185 454 3247 mireris,
468 3196 521 3233 tarn
534 3183 590 3231 ina·

2 3302 3 3328 ἶ
86 3275 149 3308 nem
162 3274 272 3326 operam
287 3262 314 3312 in
331 3262 462 3314 Harduini
479 3262 589 3312 somniis

2 3382 4 3410 ἰ
86 3336 242 3392 refellendis
255 3345 354 3413 passim
365 3362 475 3415 ponere.
487 3371 520 3380 -
529 3342 589 3408 431.

88 3417 152 3470 Non
163 3421 220 3488 jam
234 3423 368 3494 conjugii,
384 3425 461 3493 cujus
476 3439 550 3492 spem
567 3434 593 3473 et

90 3501 246 3570 opinionem
258 3505 291 3554 ab
303 3505 382 3555 initio
395 3504 459 3555 mihi
472 3502 594 3555 ostende·

2 3623 4 3652 .
89 3580 154 3644 bat,
171 3580 249 3634 fidem
269 3597 297 3634 ut
314 3597 413 3646 servet,
430 3603 494 3648 oro,
510 3601 594 3653 quan·

92 3659 239 3730 doquidem
251 3663 324 3716 illam
331 3661 437 3738 fefellit
443 3665 507 3734 jam.
528 3663 594 3714 Gra-

2 3782 6 3812 .·
92 3741 161 3792 viter
173 3743 293 3814 singula!

90 3857 92 3860 -
129 3821 191 3884 433.
209 3823 269 3890 434.
290 3826 357 3876 Petit
379 3835 482 3895 tempus
503 3820 537 3874 od
557 3820 595 3873 le·

2 3947 4 3976 q
94 3900 221 3953 niendam
241 3908 338 3956 amoris
353 3907 407 3956 vim
427 3905 595 3976 primumque

2 4029 3 4034 ,
95 3984 225 4050 impetum
237 3984 432 4057 frangendum,
449 3985 535 4036 donec
552 3982 596 4034 ille

2 4107 6 4138 ,Ι
97 4063 595 4138 cumtemporemdoloremsubsidat5

634 2705 669 2754 cf.
683 2700 761 2752 Ovid.
779 2701 797 2751 l.
816 2719 838 2751 c.
852 2717 877 2749 v.
900 2715 946 2767 ¹77
965 2713 1043 2766 sqqt
1064 2691 1138 2763 quod

634 2785 723 2834 lacere
743 2797 836 2853 graves
858 2779 972 2829 affectus
989 2774 1090 2834 solent;
1113 2786 1140 2824 et

636 2865 694 2932 ipsa
711 2880 787 2912 mora
807 2858 935 2909 discimus
952 2868 978 2906 et
1000 2853 1138 2906 adsuesci-

636 2961 709 3006 mus,
718 2941 830 2992 adversa
842 2938 978 3008 perferre3
992 2933 1070 2984 docte
1083 2933 1140 2984 dic-

637 3038 693 3074 tum
705 3036 743 3074 est
757 3021 850 3072 dolore
862 3037 922 3070 eum
932 3018 957 3066 vi
969 3014 1073 3084 aliqua,
1082 3032 1139 3065 mo-

638 3103 730 3152 derate
743 3101 851 3163 dolere,
863 3098 997 3168 patienter
1009 3095 1097 3154 ferre3
1111 3104 1140 3143 ut

639 3182 792 3250 oppositum
810 3180 860 3239 sit,
878 3176 1049 3244 impatienter
1060 3173 1140 3223 ferre.
1202 3212 1207 3220 ,

677 3259 737 3324 436.
746 3259 834 3323 Quam
842 3256 969 3326 gratiam,
980 3250 1053 3322 quod
1060 3251 1143 3302 bene'·

641 3337 743 3402 ficium,
760 3339 781 3387 si
794 3336 857 3386 mihi
875 3334 1044 3404 prestiteris,
1058 3327 1142 3400 usqu'e

642 3416 676 3470 ad
699 3429 811 3468 mortem
835 3427 911 3485 grata
935 3431 999 3473 ero;
1025 3408 1080 3463 liaec
1105 3421 1144 3460 est

642 3498 773 3550 sententia
785 3493 857 3546 nude
868 3495 1021 3558 enuntiata,
1030 3504 1056 3543 et
1068 3509 1145 3543 orna·

643 3581 705 3643 tius,
716 3574 924 3628 cumulatissime
933 3591 1017 3644 usque
1030 3571 1064 3624 ad
1074 3588 1145 3622 mor-

644 3677 697 3715 tem
725 3661 837 3733 gratiam
867 3659 990 3710 referem.
1015 3659 1091 3720 Hoc,
1115 3669 1146 3706 ut

644 3757 741 3816 poeta,
757 3740 849 3794 extulit
861 3762 866 3791 ι
880 3736 1045 3790 cumulatam
1059 3734 1146 3785 nemit-

646 3836 700 3874 tam
725 3842 775 3894 pro
800 3821 934 3873 cumulate
962 3817 1095 3873 referam,
1120 3825 1147 3865 et

646 3915 745 3968 morte,
767 3914 829 3954 ante
851 3912 982 3962 mortem,
1004 3906 1148 3962 autequam

646 3985 760 4046 moriar,
778 3983 815 4033 ita
827 3993 857 4030 ut
869 3981 896 4030 in
908 3987 993 4028 morte
1005 3973 1084 4044 plene
1102 3968 1148 4022 ills

645 4081 762 4135 repensa
778 4063 826 4122 sit;
842 4060 938 4131 vulgo:
952 4073 1001 4130 per
1012 4065 1096 4106 totam
1109 4050 1150 4104 ri·
