2656 4592
279 351 535 420 'assinos
558 353 712 416 uranu
737 345 798 416 iv.

32 483 135 546 Aurea
145 501 347 569 purpuream
358 476 524 542 subnectit
537 475 639 548 fibula
649 492 786 541 vestem.
852 475 855 479 ’

31 591 61 652 N
64 611 100 652 ec
112 576 175 652 non
185 589 220 660 et
231 585 364 676 Phrygii
376 585 528 662 comites,
543 601 576 649 et
590 584 683 648 laetus
697 585 802 664 Iulus,
821 635 823 646 ,

986 407 989 410 -
1007 349 1069 444 ’493

1030 589 1072 653 rto

31 691 202 758 Incedunt.
218 694 293 780 Ipse
305 709 381 755 ante
395 690 475 754 alios
487 689 730 778 pulcherrimus
743 691 849 754 omnis
877 701 882 728 ³

34 800 138 864 Infert
149 821 182 863 se
197 799 323 863 socium
336 801 467 876 AEneas,
482 813 581 885 atque
592 797 722 883 agmina
730 795 857 885 jungit:

30 905 153 987 QualiS,
166 903 225 968 ubi
236 903 411 968 hibernam
424 899 558 992 Lyciam
570 885 759 990 Xanthique
771 901 895 965 fluenta

30 1013 171 1091 Deserit,
185 1035 222 1076 ac
235 1011 357 1074 Delum
369 1000 552 1074 maternam
565 1010 677 1074 invisit
687 1009 821 1097 Apollo,
867 1033 869 1036 ’

30 1122 258 1207 Instauratque
271 1118 406 1197 choros,
419 1119 580 1206 mixtique
593 1116 706 1180 altaria
718 1116 842 1180 circum

1035 1130 1076 1186 145

30 1229 209 1314 Cretesque
223 1226 441 1316 Dryopesque
454 1225 601 1308 fremunt
612 1223 759 1312 pictique
772 1220 961 1310 Agathyrsi,
975 1233 978 1240 ’

28 1379 105 1433 Pion,
115 1386 182 1439 quem
191 1375 260 1431 vide,¹
274 1387 297 1420 et
305 1375 392 1420 Medic.
404 1375 476 1422 etalii
486 1376 613 1421 Helnsiani.
624 1375 738 1420 nodantur
746 1383 768 1420 et
776 1391 832 1421 auro
841 1375 918 1437 Sprot.
932 1391 959 1419 ex
972 1375 1079 1438 Interpo-

28 1448 126 1494 latione.
134 1447 252 1507 Ingratum
263 1440 290 1490 τὸ
299 1447 345 1490 oui.
355 1470 387 1480 -
400 1445 449 1502 ido.
465 1449 530 1505 Tyrii
536 1461 556 1490 e.
567 1447 633 1489 Rom.
644 1459 668 1490 et
675 1444 783 1490 nonnulli
791 1446 874 1500 Pierii3
885 1444 946 1490 forte
956 1462 984 1490 ex
992 1463 1015 1491 v.
1027 1445 1080 1492 162.

27 1529 52 1564 et
58 1515 152 1581 pulcher
160 1514 227 1564 Iulus
236 1519 313 1578 Sprot.
323 1529 345 1562 et
354 1532 398 1578 pro
408 1533 457 1563 var.
468 1515 522 1562 lect.
530 1533 567 1578 pr.
578 1517 674 1572 flama,
686 1517 728 1564 sed
738 1515 803 1561 loon
812 1516 1007 1562 accommodatius
1016 1516 1040 1560 h.
1048 1517 1079 1570 l..

27 1600 56 1634 ut
74 1587 134 1633 bene
144 1588 224 1632 Burin.
241 1587 356 1633 observat.
366 1612 398 1620 -
410 1585 460 1644 144.
481 1584 552 1631 Delon
564 1584 617 1641 alii,
630 1586 673 1631 sed
684 1585 796 1647 VirgiIius
809 1587 981 1630 enuntiationes
996 1585 1080 1631 latInas

26 1662 54 1704 in
64 1659 101 1704 his
112 1670 182 1713 amat,
193 1671 219 1704 ut
228 1659 309 1704 Heius.
318 1658 408 1703 'docuit
421 1683 453 1692 —
465 1657 515 1713 145.
526 1660 698 1720 irutourantque
708 1657 774 1702 Letd.
786 1672 827 1701 un.
837 1672 843 1700 ι
855 1658 886 1701 ita
895 1669 932 1700 res
942 1655 1080 1700 transferre·

26 1741 69 1774 tur
81 1728 110 1772 ad
122 1729 196 1772 Cretes
211 1737 234 1772 et
249 1729 292 1772 Dr.
307 1730 458 1790 irutruxitque
468 1729 559 1789 Hugen.
577 1741 621 1788 que
636 1738 690 1787 post
701 1727 766 1770 intorti
781 1725 847 1776 deest
862 1724 929 1769 alteri
944 1724 1036 1785 Menag.
1048 1736 1080 1759 -’-

30 1798 84 1855 146.
97 1799 188 1844 Curetes
196 1799 343 1864 Dryopesque
353 1816 389 1862 pr.
402 1799 498 1858 Hamb.,
512 1797 671 1845 memorabiIIs
683 1799 754 1844 lectio
763 1814 770 1853 ;
782 1799 826 1842 nisi
836 1795 901 1859 quod
910 1795 939 1840 ab
949 1793 1080 1856 interpola-

27 1942 114 1975 aureo
122 1924 227 1989 retiola,
239 1925 312 1995 quod
320 1926 421 1997 colligit
431 1943 531 1990 comas,

26 2022 90 2073 quae
103 2004 199 2055 Graecis
211 2003 315 2073 apodriti
324 2003 465 2074 (usitatius
477 2000 533 2071 apol·

25 2087 100 2144 βυλος
110 2083 120 2152 )
132 2083 237 2136 dicitur.
254 2083 404 2135 Reticulum
414 2098 454 2136 est
464 2085 530 2136 aliis.

24 2162 164 2228 Fibulam,
173 2161 274 2232 mpo'rrr,
283 2183 339 2214 non
346 2166 397 2215 nisi
407 2166 434 2214 in
444 2163 533 2215 tunica

24 2245 74 2296 vel
93 2243 233 2315 chlamyde
250 2245 340 2296 locum
357 2243 482 2295 habuisse
495 2261 534 2294 sa-

24 2327 79 2391 tis,
101 2336 183 2394 puto,
208 2335 332 2375 constat:
354 2325 445 2392 itaque
465 2323 491 2373 h.
515 2321 532 2372 l.

24 2415 126 2457 vestem
147 2404 314 2476 chlamydem
337 2404 533 2474 intelligemus,

22 2484 310 2556 venatoribusgestari
318 2483 432 2535 solitam.
440 2480 536 2533 Fibula

24 2579 123 2619 autem
143 2567 170 2616 in
196 2565 314 2617 humeris
339 2564 482 2636 colligebat
505 2582 535 2614 ac

22 2644 166 2698 retinebat
176 2645 309 2710 tunicam,
323 2646 404 2696 etiam
412 2643 537 2715 Chlamy-

22 2727 111 2778 dem:
127 2723 198 2778 lianc
219 2720 354 2776 interduni
370 2726 397 2775 in
416 2737 535 2795 pectore.

22 2807 87 2857 Nec
97 2816 187 2855 tamen
196 2803 256 2856 talis
264 2803 346 2856 fibula
354 2805 421 2857 bene
429 2805 537 2856 subnec-

18 2897 83 2934 tere
99 2901 159 2932 eam
174 2881 258 2932 videri
271 2895 369 2952 potest.
387 2883 536 2935 Dicendum

19 2966 138 3031 itaque,
157 2958 266 3010 fibulam
280 2960 324 3012 hic
337 2979 393 3013 esse
406 2963 433 3012 in
446 2962 536 3014 balteo

18 3061 77 3096 seu
87 3038 218 3109 cingulo,
234 3056 287 3107 quo
300 3041 391 3091 tunica
403 3043 536 3112 succingi-

18 3137 90 3175 tur:
107 3129 138 3168 ut
151 3117 322 3181 inf.v,312,
335 3118 361 3168 3.
371 3119 405 3169 cf.
417 3119 470 3183 XI,
484 3119 537 3186 776

18 3219 51 3256 et
68 3209 129 3250 not.
149 3196 236 3268 Supra
248 3198 272 3260 l,
286 3196 338 3248 320
350 3197 449 3248 nodum
462 3196 537 3248 dixe·

17 3294 86 3336 rat:
101 3279 228 3350 nodoque
238 3277 311 3328 sinus
323 3275 431 3328 collecta
441 3277 537 3353 fluen-

19 3375 82 3421 tes;
98 3358 128 3408 h.
145 3357 340 3410 e.halteo.Uhi
351 3357 384 3409 cf.
393 3369 448 3407 not.
460 3358 538 3423 Nam,

18 3455 57 3494 ut
81 3438 170 3490 fibula
194 3439 349 3490 inferiorem
365 3439 446 3489 vestis
465 3456 539 3489 oram

19 3519 202 3589 substringat
223 3518 316 3583 altius,
336 3530 366 3567 ut
388 3535 419 3568 ea
436 3517 541 3569 elevata

19 3603 76 3664 sit,
96 3600 187 3649 nostri
202 3599 283 3663 moris
303 3616 360 3650 esse
376 3608 480 3668 potest,
497 3599 540 3648 vix

19 3680 151 3748 antiqui.

33 3799 37 3806 .
67 3759 132 3823 ¹4¹·
153 3758 539 3829 rt'yi.pulcl1errimus,VenerIs

19 3857 148 3891 munere
166 3851 240 3908 puta.
254 3838 300 3890 lib.
319 3840 345 3902 I,
358 3837 409 3907 589
422 3855 480 3908 sqq.
494 3855 541 3912 ap·

20 3917 227 3988 minnjunqit,
238 3917 415 3986 Trojanornm
424 3935 485 3968 cuni
493 3917 542 3988 Ty·

20 4001 92 4062 riis,
108 3998 150 4048 ait
167 3999 255 4048 Burin.
274 3997 380 4064 Scilicet
398 3995 541 4048 dicendum

21 4090 85 4146 est,
99 4093 162 4130 esse
176 4077 374 4151 exquisitiorem
385 4089 471 4149 poetae
482 4079 542 4138 for-¹

582 1943 667 1976 mam:
681 1925 796 1995 jurrpere
808 1939 902 1992 apmen
918 1919 960 1972 vel
972 1920 1082 1992 agmina

581 2023 631 2074 pro
642 2004 787 2074 adjungere
797 2019 825 2052 se
835 2019 897 2052 cum
907 2002 1011 2072 agmine
1021 2017 1081 2050 suo.

581 2085 630 2134 inf.
638 2084 688 2146 XI,
701 2082 748 2149 145
759 2084 852 2134 Contra
860 2082 936 2132 turba
944 2080 1083 2152 Phrygum

583 2163 688 2214 veniens
695 2161 853 2234 plangentia
864 2162 987 2232 jungunt
997 2159 1083 2231 agmi-

583 2263 634 2308 na,
648 2243 804 2314 adjungunt.
813 2241 984 2312 Comparatio
993 2253 1083 2292 autern

583 2325 621 2374 ita
639 2323 682 2373 lit:
706 2323 758 2394 ipse
776 2321 859 2392 infert
868 2339 892 2373 se
904 2320 980 2386 talis,
997 2313 1084 2391 qualis

585 2401 669 2472 insert
678 2421 703 2456 se
714 2401 812 2472 Apollo
825 2403 873 2462 -'-;
891 2401 951 2471 Ipse
961 2398 1085 2472 graditur

584 2481 712 2532 —Houd
722 2479 807 2532 aliter.
1048 2503 1049 2508 ¹

624 2559 873 2629 143—149.Locus
881 2559 1011 2632 exquisita
1020 2556 1085 2609 doc·

585 2641 656 2691 trina
671 2639 819 2711 expolitus:
833 2641 929 2691 AEneas
948 2655 1086 2708 compara·

586 2732 629 2771 tur
648 2737 708 2770 cum
727 2718 865 2789 Apolline,
878 2720 947 2769 festo
964 2717 1007 2768 die
1019 2735 1086 2787 pro-

587 2799 684 2852 deunte
705 2799 739 2850 ad
758 2798 854 2850 choros
873 2797 1026 2850 ducendos:
1040 2802 1102 2862 re,¹

588 2882 622 2934 ad
634 2896 769 2946 veterum,
782 2883 903 2954 inprimis
916 2881 1085 2946 Graecorum,

586 2979 693 3014 sensum
705 2964 824 3012 omnium
833 2962 946 3012 maxime
960 2971 1085 3030 augustam

586 3055 616 3092 ut
624 3061 682 3112 sup.
695 3044 721 3106 1,
735 3042 786 3110 498
796 3040 866 3092 Dido
879 3039 1087 3110 comparabatur

586 3140 647 3172 cum
660 3123 756 3174 Diana.
770 3117 865 3180 ‚Hieme
882 3122 982 3172 Pataris
1000 3121 1086 3190 Lyciae
1105 3156 1109 3171 .

587 3209 692 3266 exacta,
713 3215 838 3254 narratur
859 3201 924 3252 deus
936 3199 1017 3251 'adire
1038 3201 1088 3251 Dc-

588 3279 660 3344 lum,
688 3280 770 3332 'verno
798 3294 932 3352 ternpore,
956 3282 1086 3331 festorum

589 3355 749 3413 sollennium
759 3361 802 3414 die
811 3363 934 3411 instante.
945 3361 1088 3410 Instituun-

589 3451 633 3490 tur
645 3438 720 3489 rhori
731 3441 760 3490 'in
770 3438 814 3490 dei
825 3438 968 3501 honorem
981 3438 1028 3490 sed
1043 3457 1088 3492 au·

588 3520 690 3592 gustius
703 3531 755 3585 est,
767 3518 840 3590 quod
850 3521 906 3590 ipse
916 3517 981 3570 deus
990 3518 1087 3570 choros

589 3611 675 3672 parat.
690 3600 835 3652 instaurare
847 3619 908 3651 cum
920 3599 1032 3660 dilectu;
1048 3612 1089 3652 est
1123 3655 1129 3676 ¹,

590 3681 660 3732 enim
678 3697 736 3731 voc.
754 3679 908 3751 religiosum
926 3691 951 3730 et
972 3697 1085 3732 sacrum.

589 3760 702 3811 Ducitur
713 3758 810 3810 chorus
824 3759 857 3811 ab
871 3760 916 3824 iis,
933 3761 978 3830 qui
993 3759 1033 3810 vel
1045 3778 1088 3810 sa-

590 3857 635 3890 cra
652 3850 761 3903 curant,
781 3837 821 3890 vel
838 3841 945 3909 frugum
957 3838 1087 3908 primitias

583 3917 685 3970 'Delum
696 3931 854 3990 apportant:
869 3931 929 3968 sunt
939 3917 1087 3979 Cretenses,

589 3999 709 4070 Dryopes
727 4011 752 4050 et
770 3998 911 4070 Agathyrsi
930 3997 1089 4070 setuper·

589 4076 678 4141 berei,
693 4079 711 4131 ii
718 4078 844 4150 fremunt
853 4078 926 4130 circa
938 4093 1024 4140 aram,
1038 4073 1088 4126 sal·

1058 4203 1063 4227 l
