2718 4598
247 245 309 309 306
611 234 876 299 EXCURSUS
900 233 914 296 1

244 367 272 416 in
284 363 388 434 Hygini
396 358 497 431 sabulis
508 375 540 409 ex
551 356 684 409 veteribus
697 354 831 427 tragoediis
841 367 982 425 excerpta3
1002 373 1064 407 uam
1076 360 1163 427 major
1181 360 1288 431 operis,

244 441 292 494 sed
303 441 402 502 luxati,
418 440 516 509 partim
529 439 557 487 in
576 437 726 506 epitomen,
738 436 836 504 partim
847 437 875 485 in
887 448 1029 505 excerpta,
1041 435 1161 503 redacti,
1174 458 1238 509 pars
1256 459 1288 491 ex

245 521 309 573 orbe
320 521 470 572 Graecoram
480 516 594 589 mythico
607 528 647 567 est
657 517 858 580 consarcinata,
868 528 898 567 ut
907 517 1058 586 inspicienti
1069 517 1149 570 facile
1161 533 1287 590 apparet;

245 605 317 654 lacto
338 602 409 652 enim
424 618 440 650 a
457 596 618 669 genealogiis
644 594 756 646 deorum
779 595 855 645 initio
873 614 922 666 per
943 594 1072 646 Cadmeas
1094 615 1125 648 ac
1144 597 1288 650 Thebauas

243 681 350 733 fabulas
363 679 398 731 ad
409 678 604 750 Argonautica,
625 675 782 726 Heracleam
794 689 820 726 et
830 675 927 727 Troica
939 693 971 733 ex
982 693 1055 726 more
1067 675 1217 747 procedit(
1234 679 1253 748 ).

279 762 332 828 Qui
350 769 410 830 post
433 756 491 809 illos
515 756 648 826 scriptores
676 757 771 806 iterum
795 768 894 806 veteres
915 755 1042 827 mythos,
1064 755 1189 825 adeoque
1208 759 1287 808 etiam

243 841 388 909 Trojanum
408 838 523 901 bellum,
551 837 627 886 novis
656 835 753 886 libellis
782 834 962 905 repetebant,
994 854 1055 886 cum
1086 836 1286 906 antiquissimos

243 924 386 991 scriptores
398 922 489 990 sequi,
503 931 530 969 et
542 918 704 988 tragicorum
721 935 752 966 ac
771 915 914 986 lyricorum
925 927 1128 986 ceterorumque
1145 927 1287 986 poetarum

244 1014 393 1053 commenta
402 1020 433 1051 ac
446 1001 519 1050 lusus
536 997 658 1049 sollerter
673 995 771 1047 abillis
784 994 934 1048 discernere
948 995 1094 1061 deberent,
1107 995 1202 1048 omnia
1220 997 1287 1046 inter

243 1101 270 1134 se
279 1083 456 1144 miscuerunt,
470 1093 606 1147 totamque
617 1076 685 1128 adeo
695 1087 814 1128 veterum
826 1075 977 1148 mythorum
989 1079 1120 1128 rationem
1130 1076 1286 1137 turbarunt,

242 1173 271 1212 ut
292 1162 319 1211 in
333 1161 467 1231 plerisque
486 1156 594 1209 difficile
612 1158 646 1206 sit
668 1157 836 1226 perspicere,
859 1153 923 1226 quid
940 1174 971 1207 ac
991 1168 1120 1225 quantum
1136 1157 1235 1207 veteris
1246 1153 1287 1204 sel

241 1238 417 1311 philosophiae
430 1237 471 1289 vel
483 1236 618 1306 religionis
634 1235 677 1286 rel
698 1234 815 1285 historia
826 1235 869 1286 vel
881 1237 962 1305 prisci
977 1237 1105 1287 sermonis
1118 1236 1151 1286 iis
1165 1234 1286 1296 subesse,

242 1318 405 1371 credendum
424 1320 464 1368 sit.
484 1316 566 1385 Cujus
589 1317 746 1385 corruptelas
773 1328 895 1367 auctores
920 1315 1038 1367 habendi
1060 1317 1184 1387 inprimis
1208 1315 1286 1368 iidem

242 1409 303 1448 sunt
321 1396 506 1460 Grammatici,
526 1396 571 1464 qui
593 1396 798 1446 commentarios
825 1397 853 1446 in
873 1407 974 1446 veteres
993 1408 1086 1465 poetas
1113 1396 1283 1465 scripserunt.

155 1533 158 1536 ,
241 1478 311 1528 Dum
323 1478 393 1528 enim
405 1475 444 1526 illi
457 1473 491 1525 ad
503 1473 690 1525 illustrandam
700 1473 818 1544 aliquam
833 1473 970 1539 fabulam,
986 1477 1088 1537 omnia,
1102 1493 1161 1544 quae
1175 1492 1286 1544 usquam

240 1556 374 1626 legerant,
393 1554 466 1605 nullo
483 1553 585 1622 Judicio
608 1554 788 1625 collegerunt,
802 1567 828 1605 et
846 1573 878 1605 er
893 1573 947 1604 uno
959 1555 1019 1606 loco
1036 1557 1064 1606 in
1076 1567 1185 1606 centum
1203 1555 1283 1616 alios,

240 1635 320 1686 modo
342 1634 439 1687 additis
461 1633 595 1683 nonnullis
617 1632 697 1684 modo
721 1635 830 1698 recisis,
852 1634 1059 1694 transtulerunt;
1082 1632 1195 1704 perditis
1216 1651 1284 1684 nunc

174 1745 177 1752 »
240 1715 355 1785 antiquis
377 1714 569 1784 scriptoribus,
594 1713 664 1764 unde
685 1712 847 1778 hauserant,
863 1715 915 1785 ipsi
934 1714 968 1766 ab
985 1733 1017 1766 eo
1032 1713 1096 1765 inde
1113 1727 1236 1783 tempore
1248 1715 1286 1764 la·

241 1793 365 1848 bularum
378 1808 518 1861 auctores,
531 1794 632 1846 indocti
644 1796 744 1866 pariter
763 1808 790 1847 et
802 1795 947 1860 levissimi,
961 1797 1026 1846 facti
1040 1794 1125 1864 sunt(
1143 1796 1162 1866 ).

198 1864 202 1876 ¹
274 1877 360 1926 Etiam
384 1873 624 1944 Philosophorum,
646 1875 829 1945 Sophistarum
856 1895 887 1927 ac
905 1869 1175 1946 llbetorumsopera
1196 1875 1285 1946 aliqua

235 1957 291 2010 fuit
304 1956 331 2004 in
345 1952 546 2024 corrumpendis
558 1953 655 2024 mythis
671 1965 696 2003 et
705 1952 823 2006 historiis
839 1957 1041 2025 antiquissimis3
1057 1953 1165 2006 illorum
1179 1955 1285 2025 quidem

239 2038 267 2088 in
279 2033 428 2107 theogoniis
446 2035 557 2085 maixime
575 2033 686 2103 aliisque
706 2033 817 2084 deorum
830 2036 928 2086 fabulis
947 2036 1088 2105 allegorice
1107 2038 1285 2106 interpretau-

239 2114 280 2164 dis
301 2113 356 2184 (3);
379 2132 411 2165 ex
432 2131 485 2183 quo
510 2112 591 2164 semel
615 2111 790 2184 Pythagoras,
814 2112 981 2178 HeraclituS,
1002 2127 1029 2164 et
1046 2113 1229 2184 Xenophanes
1252 2115 1285 2166 ad
1344 2157 1345 2178 ,

238 2191 445 2264 mythologiam,
458 2205 587 2261 tanquam
598 2189 739 2262 theologiae
750 2190 860 2262 aliquod
871 2205 984 2263 systema
993 2191 1126 2243 subtiliter
1138 2193 1285 2260 conditum,
1344 2179 1345 2259 l

239 2271 431 2335 offendissent3
444 2268 538 2321 horum
551 2281 638 2322 autem
650 2272 678 2320 in
689 2269 801 2321 heroum
813 2271 893 2322 rebus
906 2283 932 2322 et
942 2271 1058 2340 Trojano
1068 2273 1192 2343 inprimis
1204 2272 1284 2337 bello,

238 2349 301 2400 dum
314 2348 538 2402 declamationum
552 2362 710 2421 argumenta
721 2349 783 2401 inde
801 2363 928 2420 caperent
940 2362 966 2402 et
978 2349 1084 2402 laudem
1097 2367 1173 2402 exeo
1192 2364 1284 2421 capta-

238 2443 296 2482 rent
315 2433 376 2483 vani
394 2429 533 2495 homines,
553 2431 575 2480 si
590 2428 739 2496 haberent,
762 2448 819 2500 qua
838 2429 932 2482 contra
953 2449 994 2481 res
1018 2432 1203 2482 vetustissimas
1224 2431 1283 2484 lidei
1343 2461 1344 2464 =

237 2509 413 2578 probabiliter
435 2508 487 2560 dici
510 2507 671 2560 riderentur.
695 2509 830 2561 Habemus
852 2509 919 2561 adeo
938 2510 1032 2562 Dionis
1049 2508 1141 2580 Chrys.
1163 2513 1282 2562 oratiun-

238 2588 325 2640 culam
335 2588 368 2639 de
386 2588 467 2657 Troja
476 2607 613 2658 utinquam
626 2603 722 2660 capta,
736 2608 789 2660 qua
806 2590 908 2642 mireris
918 2589 1063 2641 nonnullos
1077 2588 1111 2641 ad
1124 2589 1282 2642 elevandam

237 2670 333 2720 veteris
348 2657 468 2720 historiae
489 2669 585 2737 fldem,
607 2673 728 2741 inprimis
750 2672 778 2722 in
798 2670 878 2722 rebus
901 2672 1037 2740 Trojanis,
1061 2671 1108 2721 uti.
1129 2670 1169 2720 Ex
1190 2670 1282 2723 eodem

236 2767 332 2819 genere
345 2762 405 2799 sunt
417 2747 572 2802 Philostrati
584 2753 705 2803 Heroica.

271 2828 335 2878 Ausi
348 2831 427 2880 etiam
439 2829 491 2900 ipsi
502 2828 635 2894 historici,
650 2833 696 2900 qui
709 2842 828 2882 veterum
839 2830 940 2883 scilicet
951 2830 1122 2881 historiarum
1139 2829 1222 2882 iidem
1231 2835 1281 2882 suis
1341 2857 1342 2860 ¹

236 2909 400 2979 temporibus
408 2921 434 2962 et
441 2909 621 2962 solutorerum
628 2910 805 2984 gerendarum
817 2913 885 2962 mori
894 2929 925 2962 ac
939 2909 1124 2963 consuetudini
1133 2927 1282 2962 accommo-

235 2987 298 3039 dare
311 2989 451 3053 volebant,
471 3007 513 3040 res
527 2991 656 3058 Trojanas
669 2991 836 3058 npeppmslac
848 2992 963 3041 formam
981 2989 1115 3060 redigere,
1129 3002 1176 3040 aut
1194 2989 1281 3042 diver·
1341 3013 1342 3022 ¹

234 3087 323 3120 sarum
335 3073 518 3122 narrationum
530 3082 640 3121 naturas
656 3089 687 3121 eo
701 3071 813 3122 consilio
826 3073 950 3135 miscere,
964 3082 994 3119 ut
1007 3071 1092 3137 major
1104 3069 1281 3138 probabilitas

234 3166 309 3199 novae
321 3151 481 3202 narrationis
494 3150 644 3213 exsisteret,
658 3169 681 3199 v.
696 3170 718 3201 c.
736 3163 766 3201 ut
778 3152 890 3202 Romani
909 3150 1004 3221 populi
1021 3150 1171 3220 originibus
1192 3170 1208 3202 a
1219 3152 1280 3200 Tro-

187 3249 195 3269 ι’
231 3230 300 3296 Ιιἐιιιίε
313 3229 399 3284 ductis
413 3229 590 3280 consulerent.
603 3230 751 3282 Demetrius
760 3243 849 3282 autem
861 3228 1000 3300 Scepsius,
1014 3226 1024 3277 i
1036 3223 1075 3278 alr
1085 3224 1182 3296 Tpai‘ais
1192 3228 1282 3282 diisse-

230 3327 273 3372 μον
287 3307 471 3374 ι’ξηκσιίμινος,
485 3321 514 3358 ut
534 3307 629 3360 Strabo
642 3309 836 3379 xl11‚p.609‚
850 3308 1043 3360 Grammaticus
1059 3305 1161 3358 Crateti
1174 3321 1200 3359 et
1212 3309 1281 3359 Aris·

233 3386 327 3438 tarcho
340 3387 457 3457 aequalis,
465 3389 493 3438 in
505 3387 673 3457 Scepsiorum
685 3389 797 3458 gratiam
807 3387 890 3439 multa
902 3391 929 3438 iu
940 3388 1019 3439 rebus
1029 3386 1154 3454 Trojanis
1163 3389 1241 3440 aliter
1252 3407 1280 3440 ac

198 3466 202 3476 ⁴
234 3469 314 3518 ceteri
326 3468 480 3520 tradiderat.
491 3487 516 3519 v.
528 3467 623 3520 Strabo
634 3469 651 3518 l.
661 3487 684 3518 c.
696 3468 805 3520 Librum
815 3470 875 3520 XVI
885 3481 910 3520 et
922 3470 1007 3520 XXIV
1015 3465 1121 3518 laudari
1133 3468 1227 3521 videas
1238 3487 1277 3538 ap.

232 3547 328 3599 athen.
342 3550 385 3609 1v,
402 3569 428 3621 p.
444 3549 492 3618 173
502 3549 531 3598 r.
549 3548 596 3618 175
609 3550 639 3599 a.
1274 3537 1278 3551 '

268 3627 333 3677 Cum
343 3629 398 3695 jam
412 3630 513 3680 Graecia
525 3648 541 3680 a
550 3630 675 3680 Romanis
689 3629 717 3678 in
730 3632 882 3682 servitutem
894 3629 1004 3682 redacta
1016 3646 1077 3680 cum
1088 3629 1184 3680 ceteris
1197 3627 1278 3679 liber·

234 3707 293 3757 tatis
306 3706 383 3758 bonis
405 3711 484 3775 etiam
500 3720 629 3760 accurata
642 3708 768 3762 doctrine
788 3710 927 3778 habitum,
939 3709 1048 3761 tandem
1061 3709 1141 3760 etiam
1153 3725 1276 3768 sensum,

263 3875 296 3931 (r)
308 3873 362 3916 Vid.
376 3873 432 3916 ibid.
445 3889 468 3932 p.
481 3873 534 3932 945.
808 3879 841 3938 (3)
853 3878 912 3924 lbid.
923 3894 947 3939 p.
958 3877 1002 3938 93²
1013 3892 1048 3938 sq.

262 3945 296 4001 (a)
309 3943 367 3990 ibid.
380 3959 404 4004 p.
418 3957 462 4003 929
472 3957 498 4006 sq
1066 3973 1068 3978 .
