2656 4592
235 257 1267 310 Q

524 379 887 470 EXCURSUS
923 388 959 470 Ιδ

403 538 457 602 De
470 535 601 602 Didone
613 539 741 628 ejusqrae
752 537 915 604 amoribus
928 556 963 604 et
975 558 1087 608 oetate.

225 659 317 757 Con,
330 694 351 742 si
363 690 517 742 historicam
525 687 602 739 fidem
611 691 743 759 sequaris,
756 689 868 742 Didonis
877 705 939 744 aetas
951 693 1111 764 plusquam
1123 693 1191 746 CCC
1200 697 1265 746 annis

224 795 241 827 a
250 775 334 841 Trojae
346 769 448 823 excidio
458 771 599 837 AEneaeque
611 769 745 820 erroribus
756 771 873 822 abluisse
884 770 965 842 vulgo
978 785 1108 823 narretur
1123 773 1211 842 (quod
1219 775 1265 844 jan

224 873 240 906 a
251 855 340 906 Servio
357 848 628 903 observatumrideas
648 849 682 900 ad
693 867 717 898 v.
732 849 823 920 459.);
836 849 917 901 modo
930 854 959 902 in
979 851 1139 904 accusando
1155 852 1266 903 modain

222 932 373 987 excusando
386 942 481 1002 poeta,
495 931 541 999 qui
552 927 663 980 Didonis
676 930 810 981 amoribus
825 932 934 985 AEneam
948 930 1101 1000 implicuit,
1111 931 1191 981 multi
1203 931 1267 981 docti

222 1017 272 1067 viri
284 1015 382 1086 passim
395 1029 503 1082 operam
514 1028 588 1062 suam
600 1023 754 1079 posuerunt.
765 1010 816 1061 Sed
825 1009 895 1060 hanc
904 1010 1122 1080 disputationem
1131 1023 1265 1080 antequam

222 1097 395 1166 attingamus,
415 1091 481 1158 alia,
500 1107 584 1160 eaque
598 1102 689 1140 nostro
707 1090 813 1160 quidem
832 1091 935 1158 judicio
953 1093 1081 1162 gravior,
1101 1094 1214 1160 quaestio
1234 1103 1267 1140 est

222 1173 401 1246 expedienda,
415 1189 494 1241 quam
507 1172 633 1221 intactam
643 1172 700 1222 fere
712 1171 827 1240 relinqui
839 1169 946 1235 videas,
960 1171 1028 1241 quid
1040 1171 1155 1224 tandem
1168 1183 1266 1243 poetam

222 1255 256 1306 ad
265 1254 336 1306 hane
345 1251 532 1322 cogitationem
546 1267 577 1300 ac
590 1248 729 1300 consilium
742 1248 882 1300 adduxisse
895 1249 980 1300 videri
995 1253 1102 1321 possit,
1115 1263 1148 1300 ut
1162 1250 1266 1300 Didonis

223 1349 325 1385 amores
338 1334 365 1382 in
378 1347 484 1382 carmen
500 1347 577 1379 suum
593 1329 721 1380 inferret?
739 1347 837 1380 casune
857 1347 890 1380 an
902 1331 1007 1381 ratione
1027 1350 1063 1382 an
1077 1329 1204 1399 exemplo
1222 1328 1266 1378 hoe

220 1413 388 1484 potissimum
407 1407 527 1480 episodio
547 1425 609 1458 usus
628 1410 678 1474 sit,
697 1426 757 1459 cum
775 1408 828 1459 alia
845 1409 914 1460 forte
927 1428 989 1460 cum
1001 1423 1160 1480 temporum
1171 1410 1266 1460 ratione

220 1495 304 1564 magis
314 1504 494 1558 eonsentanea
503 1488 538 1542 ad
549 1507 657 1541 manuni
669 1491 774 1541 essent?

255 1575 315 1624 Jam
334 1571 399 1641 quid
414 1582 496 1640 poeta
513 1571 540 1620 in
559 1581 616 1620 tota
636 1568 686 1621 hac
706 1571 808 1620 ratione
821 1581 949 1640 sequutus
968 1567 1016 1634 sit,
1029 1569 1097 1621 dum
1114 1572 1227 1622 AEneam
1238 1567 1267 1619 ad

220 1652 316 1724 Africa
328 1651 391 1704 litus
403 1661 559 1720 tempestate
572 1651 737 1700 atrocissima
749 1661 839 1702 actum
858 1648 994 1716 admovit,
1005 1663 1032 1702 et
1043 1669 1130 1720 supra
1141 1664 1182 1702 est
1193 1667 1266 1720 expo-

221 1735 316 1796 situm,
329 1746 355 1784 et
367 1734 412 1796 iis,
425 1733 472 1801 qui
482 1729 626 1801 Odysseam
640 1732 728 1782 animo
741 1743 846 1794 tenent,
860 1730 1005 1782 obscurum
1015 1748 1074 1782 esse
1087 1733 1192 1800 nequit.
1205 1730 1266 1780 Cum

221 1815 291 1866 enirn
303 1813 401 1885 Ulyssis
414 1827 517 1865 errores
529 1829 590 1862 cum
602 1830 632 1862 ex
645 1811 703 1863 aliis
715 1811 839 1882 periculis
852 1829 883 1864 ac
893 1813 999 1864 casibus
1015 1825 1073 1864 tum
1087 1831 1120 1864 ex
1129 1813 1266 1882 naufragio

220 1895 333 1946 maxime
348 1907 373 1944 et
388 1893 516 1961 ejectione
525 1891 624 1962 Ulyssis
636 1893 664 1942 in
676 1893 795 1963 ignotam
807 1904 918 1956 terram,
934 1891 1049 1942 multum
1066 1891 1172 1944 hahere
1185 1893 1267 1943 suari·

220 1974 281 2024 tatis
294 1973 444 2042 variarique
455 1972 635 2023 narrationem
644 1971 762 2038 videret,
773 1989 833 2023 cum
846 1973 867 2022 is
880 1972 934 2025 alia
944 1972 1007 2023 loca
1018 1985 1125 2024 tantum
1139 1975 1267 2044 attigisse,

220 2053 279 2105 aliis
292 2052 456 2124 aliquamdiu
468 2053 623 2106 immoratus
634 2069 690 2104 esse
703 2051 850 2113 diecretnr;
864 2053 914 2102 nisi
927 2054 1045 2121 jejunam
1057 2065 1086 2104 et
1098 2071 1196 2122 parum
1209 2071 1266 2103 sua·

219 2153 279 2186 vem
295 2153 369 2187 suam
381 2133 461 2184 vellet
479 2125 535 2184 esse
554 2135 735 2184 narrationem
756 2132 788 2184 de
808 2133 894 2184 AEneae
913 2134 1105 2204 navigatione,
1123 2132 1178 2184 hoc
1200 2133 1265 2184 idem

220 2215 272 2265 sibi
283 2214 350 2266 vidit
362 2231 419 2266 esse
432 2211 614 2283 sequendum,
627 2224 656 2263 ut
668 2213 777 2263 AEneam
796 2214 881 2264 ventis
903 2231 934 2263 ac
953 2211 1084 2282 procellis
1103 2231 1119 2264 a
1131 2229 1213 2263 eursu
1224 2211 1266 2262 de·

218 2297 317 2364 jectum
329 2297 499 2347 inremotam
512 2306 626 2358 terrain,
638 2293 671 2344 de
685 2310 738 2362 qua
749 2311 820 2344 nova
832 2311 862 2344 ac
875 2293 943 2343 mira
956 2291 1081 2362 quaetlam
1094 2295 1201 2345 narrari
1210 2311 1266 2363 pos·

219 2387 294 2441 sent,
307 2375 457 2446 expelleret.
471 2373 538 2425 Cum
558 2386 646 2425 autem
664 2375 691 2423 in
704 2373 771 2423 mari
789 2371 1004 2436 mediterraneo,
1024 2391 1040 2422 a
1051 2373 1163 2424 Troade
1178 2390 1264 2425 versus

218 2453 337 2519 ltaliam,
350 2455 483 2524 navigatio
494 2451 585 2518 fieret,
596 2455 619 2503 si
638 2469 729 2503 omnes
747 2455 836 2502 animo
848 2451 966 2502 litorales
983 2450 1080 2523 plagas
1093 2469 1263 2522 percenseas,

197 2533 292 2585 ·nnlla
310 2533 389 2585 facile
411 2535 588 2604 opportunior
607 2545 678 2584 terra
695 2535 806 2604 eogitari
829 2544 934 2602 potest,
953 2550 1052 2601 quam,
1073 2552 1128 2602 qua
1148 2551 1211 2584 usus
1230 2545 1264 2584 est

217 2626 314 2683 poeta,
329 2610 563 2682 Carthaginiensis.
583 2615 643 2664 Jarn
661 2614 776 2682 primum
795 2611 868 2682 quod
883 2611 1000 2663 australe
1017 2615 1192 2682 potissimum
1209 2613 1262 2662 litus

218 2689 292 2740 adire
305 2701 447 2758 tempestas
455 2693 544 2761 coegit
556 2691 681 2758 AEneam,
693 2692 794 2742 factum
806 2693 903 2761 partim
913 2702 1057 2760 poetarum
1070 2692 1197 2762 exemplo
1208 2709 1263 2760 par-

217 2770 265 2820 tim
276 2780 416 2820 ventorum
432 2783 536 2821 natura.
550 2770 619 2821 Nam
637 2773 665 2821 in
682 2774 762 2822 maris
774 2771 852 2840 hujus
866 2770 953 2842 plagis
971 2774 1118 2838 austrinis,
1131 2773 1204 2822 infra
1221 2770 1263 2840 Cy-

217 2846 309 2902 cladas
329 2847 421 2900 saltem
443 2867 475 2900 ae
495 2848 614 2915 Cretam,
633 2851 792 2921 gravissimae
814 2850 847 2902 ab
870 2850 995 2921 aquilone
1013 2863 1097 2902 vento
1120 2853 1263 2902 excitantur

216 2942 403 3001 tempestates,
423 2929 573 3000 durantque
593 2943 665 2982 certo
686 2931 748 2984 anni
767 2944 884 3002 tempore
906 2931 982 2982 llatus
1003 2933 1060 3000 ejus
1080 2933 1206 2982 continui
1223 2948 1263 3001 per

167 3071 169 3076 Ι
216 3011 307 3082 plures
324 3010 397 3074 dies,
411 3010 445 3060 ob
457 3010 509 3062 hoc
528 3013 615 3081 ipsum
635 3011 699 3063 dicti
718 3013 813 3062 etesiae.
828 3010 960 3061 Videntur
970 3009 999 3060 hi
1011 3009 1097 3062 iidem
1109 3012 1211 3074 fuisse,
1224 3009 1263 3079 qui

216 3092 369 3143 Menelaum
387 3090 437 3140 XX
452 3089 509 3143 dies
527 3091 562 3143 ad
574 3091 690 3142 Pharum
708 3091 858 3144 retinebant
876 3089 971 3163 Odyss.
992 3093 1024 3155 ol,
1039 3091 1102 3142 360.
1123 3093 1173 3142 His
1185 3092 1263 3142 ventis

217 3172 275 3242 quis
287 3172 397 3222 miretur
410 3189 471 3235 eos,
487 3173 533 3240 qui
553 3190 569 3222 a
579 3171 685 3224 Troade
697 3171 826 3222 Graeciam
836 3171 878 3222 vel
897 3171 1001 3222 ltaliam
1020 3183 1166 3242 peterent,
1178 3188 1262 3222 versus

215 3250 312 3303 Airirae
328 3250 407 3301 litora
423 3250 553 3320 propelli!
573 3252 666 3320 Itaque
687 3251 792 3303 Craecos
809 3271 825 3303 a
836 3253 918 3320 Troja
937 3251 1066 3316 reduces,
1084 3270 1149 3302 cum
1168 3252 1263 3303 Maleas

217 3331 385 3381 circumvecti
398 3340 553 3398 tempestate
562 3349 578 3380 n
586 3347 664 3380 eursu
677 3330 772 3400 dejecti
785 3343 888 3394 essent,
898 3347 989 3380 omnes
1002 3329 1059 3381 lere
1070 3330 1107 3382 ad
1114 3329 1167 3382 has
1179 3342 1263 3402 partes

217 3419 290 3458 actos
303 3426 359 3460 esse
371 3406 470 3460 videas.
484 3409 621 3461 Menelaus
642 3409 748 3480 quidem
765 3411 908 3481 AEgyptum
920 3409 1002 3474 adiit,
1015 3408 1034 3459 l.
1048 3427 1071 3460 c.
1086 3422 1114 3461 et
1125 3409 1223 3481 Odyss.
1236 3429 1264 3472 γ,

216 3486 282 3546 3οο;
301 3487 374 3537 Paris
392 3499 418 3538 et
435 3486 505 3539 hanc
525 3501 551 3540 et
562 3488 721 3553 Phoenicen,
740 3480 846 3560 Ulysses
866 3487 1088 3558 Lotophagorum
1108 3489 1227 3539 insulam
1240 3491 1263 3537 in

214 3566 301 3637 Libyae
314 3566 408 3630 litore,
420 3569 587 3641 Meningem,
597 3589 622 3621 r.
636 3569 732 3641 Odyss.
747 3591 770 3636 r,
784 3572 817 3622 80
829 3588 886 3640 sqq.
905 3567 985 3638 Apud
998 3567 1178 3638 Apollonium
1189 3569 1265 3619 etiam

214 3647 286 3717 Argo
298 3663 331 3696 ex
341 3646 416 3696 lonio
431 3650 499 3700 mari
516 3666 607 3700 versus
621 3649 716 3701 Africa
729 3650 809 3701 litora
820 3650 975 3720 proripitur.
989 3645 1016 3697 Si
1033 3649 1127 3716 itaque
1140 3647 1265 3717 Virgilius

213 3738 353 3779 ventorum
366 3738 490 3792 naturas,
506 3742 645 3798 poetarum
663 3730 811 3800 exemplum
825 3741 979 3798 ceterasque
992 3729 1113 3778 rationes
1126 3731 1206 3798 sequi
1218 3747 1266 3779 vo·

214 3803 303 3874 lebat,
315 3804 351 3855 ad
361 3806 456 3857 Africae
469 3806 530 3858 litus
550 3808 640 3860 classis
652 3810 770 3879 Trojana
790 3817 846 3862 erat
866 3806 1020 3860 deferenda.
1035 3805 1105 3857 Cum
1117 3826 1185 3858 vero
1203 3806 1266 3858 reli·

215 3903 272 3956 quae
285 3886 384 3954 passim
395 3897 501 3955 partes,
511 3884 637 3960 AEgyptns
648 3908 679 3940 ac
691 3889 789 3961 Libya,
802 3901 889 3942 essent
901 3888 935 3940 ab
947 3888 1066 3938 Homero
1080 3899 1107 3938 et
1118 3887 1264 3958 Apollonio

216 3975 367 4031 occupatae,
382 3963 495 4014 feliciter
509 3980 587 4034 poeta
601 3970 628 4018 in
646 3967 892 4038 Carthaginiensem
904 3985 977 4018 oram
995 3965 1101 4016 inridit.
1115 3966 1184 4031 Quae
1196 3967 1265 4016 enim

218 4043 394 4110 opportunior
406 4055 476 4098 terra
488 4048 690 4101 commemorari
701 4060 824 4120 poterat,
838 4065 918 4120 quarn
930 4043 1082 4116 Carthago,
1096 4063 1160 4097 cum
1169 4045 1267 4097 Roma-
