2694 4574
8 265 10 312 l

212 277 262 373 r.
296 272 592 374 vraoron
623 229 932 366 Minonis

353 531 806 670 AENEIDOS

298 844 519 948 tinen
558 818 861 946 sarnus.

67 1138 1105 1180 mmmmmmmhmmmmmmmMm

409 1333 761 1406 ARGU'MENTUM·

67 1546 182 1648 Troia
192 1599 304 1668 capta,
316 1581 597 1662 AEneas,hnchisae
603 1595 641 1644 et
651 1583 781 1643 Veneris
791 1581 876 1645 illius
884 1631 892 1662 ‚
901 1589 951 1647 vir
960 1589 1114 1672 singulari¹

68 1677 179 1756 pietate
191 1677 327 1758 parique
339 1672 525 1734 fortitudine
541 1671 707 1756 praeditu's,
723 1693 821 1753 quum
835 1677 949 1736 erroris
960 1681 1011 1758 sui
1026 1701 1109 1742 anno

69 1766 199 1846 septimo
217 1785 277 1846 per
294 1783 380 1823 mare
393 1761 595 1845 Tyrrhenum
615 1783 632 1820 a
652 1759 756 1822 Sicilia
773 1763 807 1822 in
825 1763 949 1826 Italiam
967 1772 1109 1852 navigat,

69 1849 256 1932 immissaab
266 1851 437 1933 AEolorege
445 1867 613 1922 ¹ventorum
621 1871 635 1928 ,·
643 1865 755 1931 rogatu
765 1853 783 1910 J
785 1855 915 1930 uuonis,
925 1859 1108 1936 gravissima

63 1953 253 2021 -tempestate
263 1939 303 1999 ad
312 1940 464 2022 Libyeum
475 1939 551 2000 litus
562 1937 748 2034 appellitur,
762 1940 892 2021 1-169:
907 1962 1111 2030 egressusque

70 2027 101 2086 in
116 2042 247 2105 terram,
268 2045 388 2112 septem
405 2031 526 2112 ingenti
543 2027 763 2110 magnitudine
780 2050 888 2091 cervos
904 2035 1113 2118 sagittispro·

71 2121 195 2195 sternit,
210 2111 462 2202 singulosquein
477 2115 617 2202 singulas
631 2139 726 2178 naves
743 2119 814 2196 (tot
827 2122 912 2179 enim
925 2141 962 2181 ex
976 2122 1115 2205 dispersa

71 2207 366 2290 classecollegerjat)
378 2207 544 2291 aequaliter
559 2207 738 2268 distribuit:
755 2201 859 2268 socios
870 2208 999 2286 deinde,
1014 2211 1116 2294 longis

70 2295 135 2374 jam
154 2295 314 2357 erroribus
332 2293 700 2378 fatigatos‚·spe·futurae
721 2293 836 2376 quietis
855 2293 896 2353 ad
916 2294 1120 2362 tolerandum,

73 2382 159 2466 quod
174 2384 332 2468 reliquum
347 2397 412 2445 erat
426 2383 542 2444 laboris
558 2381 722 2456 hortatur,
739 2414 778 2426 -
793 2401 860 2441 aaa.
877 2382 999 2444 Interea
1012 2387 1119 2448 Venus

73 2473 173 2532 AEneae
194 2474 244 2531 sui
263 2469 536 2554 Trojanorumque
555 2483 699 2550 caussam
719 2467 804 2552 apud
824 2471 937 2531 Jovem
955 2466 1033 2555 agit,
1054 2495 1120 2536 om-

73 2559 225 2642 niumque
239 2559 456 2620 calamitatum
473 2559 600 2620 illarum
616 2573 760 2644 saussam
773 2560 791 2618 J
794 2561 892 2618 unoni
903 2561 1052 2644 imputat.
1066 2564 1121 2624 Ju-

74 2649 156 2729 piter
175 2662 301 2724 contra,
319 2663 456 2726 reserata
471 2646 721 2721 latorum-serie,
737 2665 792 2730 spe
808 2645 908 2709 felicis
924 2651 1122 2730 posteritatis

76 2739 287 2819 potentiaeque
299 2740 529 2814 Romanorum,
544 2736 620 2801 filiae
631 2735 774 2797 dolorem
788 2736 984 2814 consolatur,
997 2773 1038 2786 -
1051 2738 1119 2818 304.

8 2845 10 2868 t
76 2825 172 2905 Cujus
180 2825 650 2900 orationsconfirmata.venus,
659 2827 761 2886 AEneae
772 2843 844 2902 suo,
857 2825 1001 2887 locorum
1012 2831 1121 2910 ignaro

75 2928 108 2973 et
123 2913 325 2996 exploranda
339 2916 476 2996 regionis
495 2935 605 2975 caussa
621 2913 685 2975 huc
704 2913 779 2974 illue
796 2913 969 2991 oberranti,
985 2936 1051 2976 sese
1067 2915 1122 2974 oh·

78 3005 159 3062 riam
173 3001 310 3086 praebet,
327 3024 485 3086 navesque
497 3003 652 3085 dispersas
668 3003 769 3062 salvas
783 3022 851 3062 esse
865 3005 1004 3079 nuntiat3
1022 3017 1138 3064 osten-t

81 3087 186 3172 (litque
200 3111 267 3150 non
278 3090 391 3172 procul
403 3091 489 3150 illinc
506 3089 614 3151 abesse
629 3089 868 3171 Carthaginem,
888 3111 985 3172 quam
999 3106 1076 3151 tunc
1090 3093 1124 3150 in

81 3180 116 3237 iis
127 3177 206 3240 locis
218 3178 377 3242 condebat
387 3180 486 3257 Dido,
498 3216 537 3226 -
547 3177 616 3260 409.
629 3179 738 3240 AEneas
750 3181 872 3262 itaque,
884 3181 995 3242 matris
1009 3177 1126 3240 henefi-

80 3269 144 3343 ci0,
158 3289 235 3328 cava
249 3267 335 3330 nube
349 3271 486 3347 cinctus,
500 3271 564 3329 una'
574 3290 647 3328 cum
660 3267 777 3329 Achate
787 3265 1010 3349 Carthaginem
1022 3270 1128 3348 ingres

72 3354 182 3415 ditur:
196 3354 253 3417 ubi
268 3371 299 3417 et
310 3360 411 3418 socios
423 3357 525 3419 salvos
537 3359 668 3440 reperit,
683 3371 715 3416 et
727 3378 745 3416 a
756 3355 881 3416 Didone
892 3355 1028 3436 henigne
1042 3355 1126 3414 exei-

82 3447 181 3526 pitur,
197 3480 230 3494 -
249 3445 318 3506 656.
338 3449 445 3530 Venus
463 3462 583 3522 tamen,
602 3445 688 3529 quod
707 3466 808 3528 neque
826 3446 965 3505 Junonio
984 3443 1129 3526 ‘hospitio

69 3553 181 3614 „neque
194 3533 350 3596 ¹muliebri
368 3538 587 3597 inconstantia
608 3535 681 3594 satis
699 3533 831 3609 fideret,
843 3534 945 3614 sopito
967 3535 1000 3591 in
1021 3525 1127 3592 idalia

80 3618 160 3681 lucis
178 3623 330 3700 Ascanio,
350 3646 410 3706 pro
429 3646 466 3685 eo
484 3624 674 3706 Cupidinem
694 3621 871 3697 substituit,
893 3621 948 3703 qui
966 3623 1047 3680 inter
1065 3641 1131 3685 ame.

81 3709 191 3802 plexus
204 3728 236 3774 et
251 3713 361 3776 oscula
373 3713 635 3794 latenterreginae
647 3733 787 3774 amorem
798 3712 933 3797 inspirat
943 3711 1055 3804 AEneae.
