2742 4586
360 253 595 334 AENEIDOS
619 255 773 320 LIBER
797 257 845 320 ΙΙ.

75 382 145 444 Aut
157 378 326 444 terebrare
339 398 433 441 cavas
446 379 531 441 uteri
544 394 577 441 et
589 395 715 444 tentare
727 377 888 444 latebras.

75 483 249 551 Scinditur
260 486 424 550 incertum
437 482 545 548 studia
557 486 591 548 in
604 487 765 549 contraria
776 486 902 574 volgus.
1024 519 1033 544 t

122 592 256 655 Primus
269 589 315 654 ibi
327 605 402 654 ante
416 591 538 670 omnis,
552 613 670 678 magna
681 593 858 656 comitante
871 609 1012 673 caterva,
1096 609 1126 666 40

77 702 237 764 Laocoon
250 696 370 762 ardens
382 719 510 761 summa
522 695 667 763 decurrit
678 697 719 762 ab
731 722 820 779 arce;

77 807 119 870 Et
132 804 266 892 procul,
281 826 301 867 o
313 803 438 882 miseri,
453 825 526 891 quae
539 821 627 868 tanta
640 805 778 885 insania,
793 806 902 872 cives?

76 913 221 978 Creditis
233 929 366 978 avectos
378 911 502 976 hostis?
513 929 570 976 aut
582 912 648 977 ulla
660 913 781 1001 putatis
800 989 803 995 .

76 1022 176 1085 Dona
189 1041 301 1085 carere
314 1018 398 1083 dolis
411 1019 583 1082 Danaum?
595 1020 641 1083 sic
654 1036 752 1083 notus
765 1019 897 1084 Ulixes?

76 1129 144 1190 Aut
155 1126 221 1191 hoc
234 1125 352 1190 inclusi
364 1125 454 1212 ligno
467 1123 675 1214 occultantur
686 1125 816 1206 Achivi,

76 1234 144 1296 Aut
156 1230 229 1296 haec
241 1232 276 1294 iu
289 1247 418 1296 nostros
430 1229 586 1295 fabricata
600 1248 649 1295 est
663 1230 815 1296 machina
823 1255 952 1314 muros„

78 1339 275 1426 inspectura
287 1335 418 1415 domoS,
433 1355 639 1426 venturaque
652 1335 795 1426 desuper
806 1337 897 1420 urbi3
929 1367 931 1374 ·

77 1447 145 1509 Aut
156 1443 275 1532 aliquis
288 1442 366 1507 latet
378 1465 487 1522 error3
501 1465 588 1532 equo
601 1467 643 1508 ne
656 1443 794 1524 credite,
808 1446 939 1508 Teucri.

78 1549 252 1639 Quidquid
265 1547 299 1612 id
313 1565 375 1628 est,
389 1550 491 1613 timeo
504 1549 635 1613 Danaos
648 1566 681 1613 et
693 1548 780 1614 dona
793 1539 938 1614 ferentis.
1031 1552 1035 1560 '

78 1659 131 1722 Sic
144 1657 245 1735 fatus,
259 1653 374 1720 validis
388 1656 556 1742 ingentem
567 1655 692 1720 viribus
704 1654 831 1720 hastam
1096 1680 1126 1726 50

79 1873 109 1883 -
118 1848 253 1910 disjunctiva
268 1863 320 1912 quoe
334 1847 368 1895 lu'c
379 1863 427 1893 esse
436 1845 523 1902 debuit,
532 1844 591 1892 'mox
603 1860 693 1892 tamen:
705 1872 737 1883 —
750 1847 852 1912 Anu'qua
862 1857 935 1893 tumen
946 1849 1082 1914 exemplam
1097 1861 1125 1900 ve

79 1919 161 1964 haben
173 1923 322 1971 inveniuntur.
334 1923 382 1968 Nec
395 1919 493 1975 dubito,
505 1934 531 1964 ve
542 1935 591 1965 esse
603 1919 769 1966 scribendum:
781 1921 824 1965 etsi
833 1921 917 1982 passim
929 1922 971 1967 viri
982 1921 1044 1969 docti
1054 1941 1125 1987 repu-

79 2001 153 2051 gnant
164 2002 187 2035 et
196 2005 240 2053 que
248 1990 386 2053 disjunctive
396 1991 452 2052 poni
463 1991 535 2034 aiunt.
544 1990 601 2033 Nam
610 1989 700 2035 diversa
708 1988 771 2034 haud
782 1988 853 2035 dubie
865 1991 926 2034 inter
934 2005 957 2034 se
968 2005 1126 2053 apponuntur.

78 2060 111 2105 lta
122 2070 146 2104 et
156 2053 178 2104 tii
188 2084 220 2094 -
228 2055 249 2106 tii
262 2060 343 2123 Odyts.
354 2060 370 2105 1.
384 2077 404 2106 c.
421 2059 459 2115 411.
471 2067 523 2103 unte
534 2057 589 2104 altos
599 2058 689 2120 aliquot
703 2061 812 2103 Picriani.
824 2060 852 2102 At
872 2058 941 2104 Goth.
952 2057 1023 2105 alter:
1039 2065 1126 2123 primus

79 2129 111 2174 du'
111 2135 234 2193 Juvenum,
244 2131 352 2178 notabilis
361 2131 440 2179 lectio.
451 2133 487 2176 Sic
498 2132 560 2176 enim
570 2130 654 2175 durum
665 2129 733 2185 illud,
743 2130 807 2192 quod
820 2127 854 2191 uqi
862 2139 914 2174 ante
928 2145 1002 2176 omnes
1012 2132 1126 2180 inhaerere

80 2202 221 2258 videbatur,
238 2203 354 2249 sublatum
368 2215 427 2250 esset
435 2221 443 2258 ;¹
454 2215 477 2248 et
490 2204 561 2264 possit
570 2201 615 2247 hoc
626 2218 654 2248 ex
663 2201 737 2262 glossa
747 2203 865 2263 irrepsisse
874 2201 963 2256 videri;
978 2204 1127 2264 jungendum

80 2273 140 2318 adeo
148 2275 271 2334 :juvenum
283 2289 363 2338 moprta
373 2289 393 2319 c.
406 2282 495 2318 caterva
502 2297 532 2306 -
542 2270 579 2327 41.
592 2271 720 2328 Luuchoon,
732 2271 847 2327 Laochon,
856 2269 967 2325 Medoen,
979 2271 1078 2326 ἰαιιεοη,
1088 2273 1127 2318 hie

82 2354 105 2387 et
117 2342 189 2398 infra,
200 2343 358 2390 aberrationes
368 2343 437 2390 codd.
448 2345 554 2389 Leucoon
562 2343 752 2404 Medicsemper.
761 2344 818 2389 Etv.
830 2341 881 2387 230.
889 2343 1017 2386 Iaocountu
1026 2341 1124 2389 Dorvill.

81 2437 112 2446 -—
120 2411 159 2468 41,
171 2412 263 2474 infamia
277 2412 336 2459 alter
351 2414 443 2477 Meuag.
461 2412 561 2459 sollenni
571 2415 689 2459 varietate.
703 2413 854 2458 Burmannus.
866 2435 898 2448 -
906 2409 944 2466 43.
956 2419 997 2456 aut
1008 2409 1046 2456 itta
1056 2411 1125 2457 Goth.

82 2481 177 2529 alteret
193 2495 246 2530 tert.
259 2511 291 2520 -
304 2484 342 2541 44.
356 2495 380 2530 et
393 2489 425 2531 sic
438 2486 530 2547 Meuag.
547 2500 583 2546 pr.
598 2509 629 2519 -
644 2483 730 2541 45111
746 2501 792 2531 sec.
811 2485 895 2528 Moret.
914 2481 999 2528 nctuso
1015 2482 1126 2529 Wallian.

80 2576 112 2586 —
122 2549 161 2608 46.
175 2553 225 2599 Aut
242 2553 297 2600 hcc.
309 2557 369 2602 Vide
379 2571 408 2600 an
421 2553 593 2601 accomodatius
605 2556 650 2600 sit:
666 2545 734 2618 uque
748 2554 802 2600 huc.
815 2555 873 2598 Nam
884 2568 928 2614 pro
937 2552 1033 2598 diversis
1045 2552 1128 2600 haberi

81 2637 211 2686 nequeunt.
222 2651 254 2660 -
263 2626 300 2688 47.
314 2626 392 2673 domus
406 2626 471 2672 Leid.
480 2624 563 2681 --dllv
578 2641 618 2669 nec
634 2641 654 2670 c.
670 2624 766 2688 aliquot.
782 2626 868 2670 Donati
883 2625 1019 2669 auctoritate
1038 2639 1050 2668 a
1066 2638 1127 2669 uon-

81 2693 152 2740 nullis
168 2695 229 2741 male
248 2696 412 2758 distinguitur:
428 2696 483 2742 taret
497 2713 561 2742 enur
571 2712 643 2759 equo;
659 2699 703 2742 Ne.
720 2714 744 2743 v.
763 2697 845 2741 Heius.v
860 2707 884 2740 et
899 2695 960 2740 Pier.
976 2718 1008 2730 —-
1022 2693 1060 2755 49.
1079 2693 1126 2740 hoec

80 2762 141 2808 dotto
157 2761 306 2811 Ριπ111.-
321 2767 356 2812 50.
375 2763 456 2812 validis
473 2775 605 2830 contorquet
618 2765 703 2812 viribus
718 2782 764 2812 sec.
781 2767 865 2810 Moret.
892 2817 895 2820 ¹

118 2933 579 3008 doDeLaocoonteuinfiaorsqq.
630 2935 741 3000 fraude,
766 2936 902 3005 exquisite.
926 2962 960 2972 -
981 2932 1023 3002 49.
1048 2934 1080 2982 Η.
1103 2952 1125 2988 e·

79 3013 253 3081 primusunte
263 3019 441 3087 omnes,quia
450 3019 580 3087 sequitur,
629 3016 717 3068 habeo
741 3015 848 3066 Danaos
870 3026 1007 3084 suspectos
1031 3013 1127 3074 etiam,
1171 3063 1174 3068 ,

81 3110 178 3163 maqnu
200 3095 342 3147 comitante
360 3107 478 3162 caterua,
501 3115 581 3166 quam
630 3115 691 3148 cum
703 3097 773 3147 ultro
784 3096 903 3146 offerunt
916 3093 995 3144 dona.

83 3171 189 3223 turbam
212 3173 256 3226 ille
280 3175 466 3228 decurtantem
489 3176 581 3226 ardens
667 3174 707 3226 50.
728 3173 830 3228 Validis
842 3172 942 3240 1111111111Ι
953 3188 1003 3241 pro
1015 3171 1126 3241 maguis.

82 3251 123 3300 ira
141 3254 331 3306 antevertebat.
351 3255 380 3306 cf
397 3256 485 3305 Burm.
505 3253 561 3304 Arx
571 3291 580 3318 ,

83 3325 205 3396 Πὸργαμος
233 3330 302 3402 dape.
327 3334 398 3386 unde
423 3347 581 3405 prospectus

83 3427 175 3462 versus
185 3410 256 3462 litus.

107 3489 148 3553 46.
160 3489 195 3539 Ut
203 3491 238 3540 sit
245 3508 295 3560 pro
307 3493 373 3543 turri
383 3493 448 3542 rotis
456 3493 581 3562 subjectis

86 3586 161 3618 muro
173 3568 310 3623 admoveri
322 3573 414 3636 sulita,
427 3584 456 3621 ut
469 3572 583 3624 demisso

86 3659 167 3716 ponte
180 3666 304 3703 escensus
321 3651 367 3702 liat
381 3653 410 3702 in
429 3669 541 3702 murum.
550 3679 584 3690 ·-

85 3728 126 3795 47.
141 3729 189 3792 Ut,
209 3731 255 3800 qui
273 3731 369 3782 inclusi
387 3742 462 3795 sunt,
484 3749 515 3782 ex
536 3749 581 3796 ea,

85 3818 252 3878 tanquamex
260 3810 479 3881 turri‚speculari
488 3811 581 3863 urbem

85 3900 110 3938 et
117 3888 234 3960 desuper
242 3909 274 3941 ex
281 3891 374 3943 altiore
385 3890 445 3943 loco
455 3895 483 3944 in
492 3909 581 3944 muros

85 3967 190 4023 desilire
217 3973 329 4042 possint.
354 3987 426 4044 error
446 3992 508 4026 mox
531 3992 581 4045 pro

630 3255 693 3305 Mox
704 3255 869 3304 ornatissime
879 3254 975 3302 iterum
987 3267 1086 3318 equum
1097 3250 1129 3300 li·

630 3351 727 3405 gneum
737 3331 864 3384 declarat.
877 3332 908 3380 ln
921 3327 988 3380 latus
998 3340 1024 3379 et
1035 3326 1128 3394 alvus,

632 3431 689 3483 quae
697 3415 725 3463 in
732 3429 815 3462 unum
821 3413 928 3480 juncta,
938 3421 1041 3460 nonest
1051 3428 1129 3481 argu-

632 3494 751 3546 tandum.
763 3494 915 3564 Jungumur
928 3510 943 3542 a
959 3493 1045 3561 poetis
1055 3509 1130 3563 syno-

632 3593 712 3646 nyma
723 3575 779 3625 sine
789 3573 861 3623 omni
874 3570 1027 3622 subtilitate.
1043 3571 1130 3622 Etiam

633 3652 778 3726 Tryphiod.
792 3653 823 3704 61
841 3653 903 3702 netu
915 3649 940 3700 δ’
953 3645 1076 3718 tripuuulrtt
1087 3645 1130 3714 uir

631 3731 670 3784 ini
687 3734 783 3801 nutvpiir
799 3731 910 3802 ἀραρυῖαν
927 3727 1038 3798 Γασσίρει.
1056 3731 1130 3782 Infra

631 3834 655 3866 v.
667 3815 714 3868 231
731 3819 831 3886 te'rpum
840 3815 958 3884 ponitur.
971 3814 1001 3862 In
1012 3811 1130 3880 partium

633 3914 663 3947 ac
686 3896 833 3946 formarum
854 3909 1033 3966 generumque
1057 3889 1129 3940 desi-

630 3977 757 4046 qnauone
772 3991 902 4027 summam
910 3971 1128 4026 libertatemom·
