<?xml version="1.0" encoding="UTF-8"?>
<!DOCTYPE html PUBLIC "-//W3C//DTD XHTML 1.0 Transitional//EN"
    "http://www.w3.org/TR/xhtml1/DTD/xhtml1-transitional.dtd">
<html xmlns="http://www.w3.org/1999/xhtml" xml:lang="en" lang="en">
 <head>
  <title>
</title>
<meta http-equiv="Content-Type" content="text/html;charset=utf-8" />
  <meta name='ocr-system' content='tesseract 3.04.00' />
  <meta name='ocr-capabilities' content='ocr_page ocr_carea ocr_par ocr_line ocrx_word'/>
</head>
<body>
  <div class='ocr_page' id='page_1' title='image "./pvirgiliusmaroq00barbgoog_0228.png"; bbox 0 0 2742 4586; ppageno 0'>
   <div class='ocr_carea' id='block_1_1' title="bbox 228 295 1021 382">
    <p class='ocr_par' dir='ltr' id='par_1_1' title="bbox 228 295 1021 382">
     <span class='ocr_line' id='line_1_1' title="bbox 228 295 1021 382; baseline 0 -16"><span class='ocrx_word' id='word_1_1' title='bbox 228 304 291 382; x_wconf 55' lang='grc' dir='ltr'>με</span> <span class='ocrx_word' id='word_1_2' title='bbox 475 303 508 365; x_wconf 78' lang='grc' dir='ltr'>Ρ.</span> <span class='ocrx_word' id='word_1_3' title='bbox 533 300 764 366; x_wconf 79' lang='lat' dir='ltr'>vinornu</span> <span class='ocrx_word' id='word_1_4' title='bbox 789 295 1021 366; x_wconf 71' lang='lat' dir='ltr'>Minurus</span> 
     </span>
    </p>
   </div>
   <div class='ocr_carea' id='block_1_2' title="bbox 677 576 815 590">
    <p class='ocr_par' dir='ltr' id='par_1_2' title="bbox 677 576 815 590">
     <span class='ocr_line' id='line_1_2' title="bbox 677 576 815 590; baseline 0 -2"><span class='ocrx_word' id='word_1_5' title='bbox 677 576 815 590; x_wconf 46' lang='lat' dir='ltr'>¹—ss</span> 
     </span>
    </p>
   </div>
   <div class='ocr_carea' id='block_1_3' title="bbox 225 737 1076 1390">
    <p class='ocr_par' dir='ltr' id='par_1_3' title="bbox 226 737 1059 967">
     <span class='ocr_line' id='line_1_3' title="bbox 226 737 1059 862; baseline -0.001 -25"><span class='ocrx_word' id='word_1_6' title='bbox 226 737 460 842; x_wconf 76' lang='lat' dir='ltr'>Courrcusuu</span> <span class='ocrx_word' id='word_1_7' title='bbox 472 793 603 850; x_wconf 75' lang='lat' dir='ltr'>omneS,</span> <span class='ocrx_word' id='word_1_8' title='bbox 616 771 802 862; x_wconf 84' lang='lat' dir='ltr'><strong>intentique</strong></span> <span class='ocrx_word' id='word_1_9' title='bbox 816 795 872 837; x_wconf 91' lang='lat' dir='ltr'>ora</span> <span class='ocrx_word' id='word_1_10' title='bbox 885 771 1059 851; x_wconf 62' lang='lat' dir='ltr'>tenebant,</span> 
     </span>
     <span class='ocr_line' id='line_1_4' title="bbox 227 877 942 967; baseline -0.007 -21"><span class='ocrx_word' id='word_1_11' title='bbox 227 877 310 946; x_wconf 89' lang='lat' dir='ltr'>Inde</span> <span class='ocrx_word' id='word_1_12' title='bbox 322 895 396 943; x_wconf 88' lang='lat' dir='ltr'>toro</span> <span class='ocrx_word' id='word_1_13' title='bbox 408 895 501 967; x_wconf 87' lang='lat' dir='ltr'>pater</span> <span class='ocrx_word' id='word_1_14' title='bbox 512 882 629 944; x_wconf 86' lang='lat' dir='ltr'>AEneas</span> <span class='ocrx_word' id='word_1_15' title='bbox 641 879 687 944; x_wconf 87' lang='lat' dir='ltr'>sic</span> <span class='ocrx_word' id='word_1_16' title='bbox 700 901 794 944; x_wconf 89' lang='lat' dir='ltr'>orsus</span> <span class='ocrx_word' id='word_1_17' title='bbox 806 879 847 943; x_wconf 87' lang='lat' dir='ltr'>ab</span> <span class='ocrx_word' id='word_1_18' title='bbox 860 877 942 944; x_wconf 91' lang='lat' dir='ltr'>alto:</span> 
     </span>
    </p>

    <p class='ocr_par' dir='ltr' id='par_1_4' title="bbox 225 983 1076 1390">
     <span class='ocr_line' id='line_1_5' title="bbox 271 983 1076 1073; baseline 0.002 -25"><span class='ocrx_word' id='word_1_19' title='bbox 271 984 463 1065; x_wconf 84' lang='lat' dir='ltr'>infandum,</span> <span class='ocrx_word' id='word_1_20' title='bbox 477 985 615 1072; x_wconf 80' lang='lat' dir='ltr'>Regina,</span> <span class='ocrx_word' id='word_1_21' title='bbox 625 984 723 1073; x_wconf 86' lang='lat' dir='ltr'>jubes</span> <span class='ocrx_word' id='word_1_22' title='bbox 736 1007 896 1048; x_wconf 86' lang='lat' dir='ltr'>renovare</span> <span class='ocrx_word' id='word_1_23' title='bbox 910 983 1076 1064; x_wconf 81' lang='lat' dir='ltr'>dolorem3</span> 
     </span>
     <span class='ocr_line' id='line_1_6' title="bbox 225 1089 944 1179; baseline 0 -25"><span class='ocrx_word' id='word_1_24' title='bbox 225 1091 384 1179; x_wconf 87' lang='lat' dir='ltr'>Trojanas</span> <span class='ocrx_word' id='word_1_25' title='bbox 397 1107 434 1155; x_wconf 90' lang='lat' dir='ltr'>ut</span> <span class='ocrx_word' id='word_1_26' title='bbox 446 1113 525 1178; x_wconf 88' lang='lat' dir='ltr'>opes</span> <span class='ocrx_word' id='word_1_27' title='bbox 538 1107 571 1154; x_wconf 89' lang='lat' dir='ltr'>et</span> <span class='ocrx_word' id='word_1_28' title='bbox 582 1089 792 1156; x_wconf 78' lang='lat' dir='ltr'>lamentabile</span> <span class='ocrx_word' id='word_1_29' title='bbox 804 1113 944 1178; x_wconf 81' lang='lat' dir='ltr'>regnum</span> 
     </span>
     <span class='ocr_line' id='line_1_7' title="bbox 226 1195 1040 1284; baseline -0.002 -24"><span class='ocrx_word' id='word_1_30' title='bbox 226 1197 381 1260; x_wconf 89' lang='lat' dir='ltr'>Eruerint</span> <span class='ocrx_word' id='word_1_31' title='bbox 393 1196 514 1275; x_wconf 88' lang='lat' dir='ltr'>Danai;</span> <span class='ocrx_word' id='word_1_32' title='bbox 528 1217 670 1284; x_wconf 88' lang='lat' dir='ltr'>quaeque</span> <span class='ocrx_word' id='word_1_33' title='bbox 682 1196 752 1283; x_wconf 88' lang='lat' dir='ltr'>ipse</span> <span class='ocrx_word' id='word_1_34' title='bbox 764 1195 945 1261; x_wconf 87' lang='lat' dir='ltr'>miserrima</span> <span class='ocrx_word' id='word_1_35' title='bbox 958 1195 1040 1274; x_wconf 89' lang='lat' dir='ltr'>vidi,</span> 
     </span>
     <span class='ocr_line' id='line_1_8' title="bbox 225 1302 1006 1390; baseline 0.003 -25"><span class='ocrx_word' id='word_1_36' title='bbox 225 1303 267 1375; x_wconf 84' lang='lat' dir='ltr'>Et</span> <span class='ocrx_word' id='word_1_37' title='bbox 279 1323 422 1390; x_wconf 90' lang='lat' dir='ltr'>quorum</span> <span class='ocrx_word' id='word_1_38' title='bbox 434 1323 509 1389; x_wconf 86' lang='lat' dir='ltr'>pars</span> <span class='ocrx_word' id='word_1_39' title='bbox 521 1324 638 1388; x_wconf 77' lang='lat' dir='ltr'>magna</span> <span class='ocrx_word' id='word_1_40' title='bbox 650 1302 709 1366; x_wconf 85' lang='lat' dir='ltr'>fui.</span> <span class='ocrx_word' id='word_1_41' title='bbox 722 1303 803 1384; x_wconf 88' lang='lat' dir='ltr'>Quis</span> <span class='ocrx_word' id='word_1_42' title='bbox 816 1303 892 1368; x_wconf 89' lang='lat' dir='ltr'>talia</span> <span class='ocrx_word' id='word_1_43' title='bbox 904 1303 1006 1368; x_wconf 89' lang='lat' dir='ltr'>fando</span> 
     </span>
    </p>
   </div>
   <div class='ocr_carea' id='block_1_4' title="bbox 259 1476 1276 1546">
    <p class='ocr_par' dir='ltr' id='par_1_5' title="bbox 259 1476 1276 1546">
     <span class='ocr_line' id='line_1_9' title="bbox 259 1476 1276 1546; baseline 0 -20"><span class='ocrx_word' id='word_1_44' title='bbox 259 1495 279 1526; x_wconf 81' lang='lat'>2.</span> <span class='ocrx_word' id='word_1_45' title='bbox 292 1479 329 1526; x_wconf 80' lang='lat' dir='ltr'>At</span> <span class='ocrx_word' id='word_1_46' title='bbox 344 1479 391 1526; x_wconf 79' lang='lat' dir='ltr'>nito</span> <span class='ocrx_word' id='word_1_47' title='bbox 404 1489 438 1528; x_wconf 83' lang='lat' dir='ltr'>est</span> <span class='ocrx_word' id='word_1_48' title='bbox 448 1480 535 1528; x_wconf 84' lang='lat' dir='ltr'>Medic.</span> <span class='ocrx_word' id='word_1_49' title='bbox 551 1481 629 1527; x_wconf 86' lang='lat' dir='ltr'>Pierii.</span> <span class='ocrx_word' id='word_1_50' title='bbox 642 1506 674 1530; x_wconf 56' lang='grc' dir='ltr'>τ-</span> <span class='ocrx_word' id='word_1_51' title='bbox 685 1480 708 1528; x_wconf 86' lang='grc'>3.</span> <span class='ocrx_word' id='word_1_52' title='bbox 720 1495 828 1539; x_wconf 70' lang='lat' dir='ltr'>renovare</span> <span class='ocrx_word' id='word_1_53' title='bbox 835 1480 903 1544; x_wconf 78' lang='lat' dir='ltr'>jubes</span> <span class='ocrx_word' id='word_1_54' title='bbox 914 1485 991 1546; x_wconf 64' lang='lat' dir='ltr'>regina</span> <span class='ocrx_word' id='word_1_55' title='bbox 999 1479 1081 1526; x_wconf 74' lang='lat' dir='ltr'>llamb.</span> <span class='ocrx_word' id='word_1_56' title='bbox 1093 1495 1129 1542; x_wconf 87' lang='lat' dir='ltr'>pr.</span> <span class='ocrx_word' id='word_1_57' title='bbox 1141 1505 1174 1516; x_wconf 86' lang='lat'>-</span> <span class='ocrx_word' id='word_1_58' title='bbox 1184 1476 1208 1535; x_wconf 66' lang='lat' dir='ltr'>ti·</span> <span class='ocrx_word' id='word_1_59' title='bbox 1226 1483 1276 1544; x_wconf 80' lang='lat' dir='ltr'>opis</span> 
     </span>
    </p>
   </div>
   <div class='ocr_carea' id='block_1_5' title="bbox 226 1553 545 1624">
    <p class='ocr_par' dir='ltr' id='par_1_6' title="bbox 226 1553 545 1624">
     <span class='ocr_line' id='line_1_10' title="bbox 226 1553 545 1624; baseline 0.006 -26"><span class='ocrx_word' id='word_1_60' title='bbox 226 1553 317 1616; x_wconf 66' lang='lat' dir='ltr'>llugen.</span> <span class='ocrx_word' id='word_1_61' title='bbox 327 1555 388 1600; x_wconf 83' lang='grc'>-5,</span> <span class='ocrx_word' id='word_1_62' title='bbox 402 1557 450 1624; x_wconf 72' lang='lat' dir='ltr'>ipse</span> <span class='ocrx_word' id='word_1_63' title='bbox 462 1555 545 1612; x_wconf 79' lang='lat' dir='ltr'>Franc.</span> 
     </span>
    </p>
   </div>
   <div class='ocr_carea' id='block_1_6' title="bbox 220 1703 725 4088">
    <p class='ocr_par' dir='ltr' id='par_1_7' title="bbox 220 1703 725 4088">
     <span class='ocr_line' id='line_1_11' title="bbox 261 1703 725 1776; baseline 0.011 -23"><span class='ocrx_word' id='word_1_64' title='bbox 261 1704 310 1754; x_wconf 89' lang='lat' dir='ltr'>Hic</span> <span class='ocrx_word' id='word_1_65' title='bbox 320 1716 346 1754; x_wconf 85' lang='lat' dir='ltr'>et</span> <span class='ocrx_word' id='word_1_66' title='bbox 353 1705 445 1763; x_wconf 76' lang='lat' dir='ltr'>tertius</span> <span class='ocrx_word' id='word_1_67' title='bbox 455 1703 523 1760; x_wconf 82' lang='lat' dir='ltr'>liber</span> <span class='ocrx_word' id='word_1_68' title='bbox 530 1705 686 1776; x_wconf 85' lang='lat' dir='ltr'>Episodium</span> <span class='ocrx_word' id='word_1_69' title='bbox 692 1705 725 1758; x_wconf 83' lang='lat' dir='ltr'>de</span> 
     </span>
     <span class='ocr_line' id='line_1_12' title="bbox 224 1781 724 1853; baseline 0.01 -23"><span class='ocrx_word' id='word_1_70' title='bbox 224 1781 311 1850; x_wconf 83' lang='lat' dir='ltr'>Trojae</span> <span class='ocrx_word' id='word_1_71' title='bbox 323 1783 427 1833; x_wconf 81' lang='lat' dir='ltr'>excidio</span> <span class='ocrx_word' id='word_1_72' title='bbox 435 1784 577 1853; x_wconf 84' lang='lat' dir='ltr'>AEueaeque</span> <span class='ocrx_word' id='word_1_73' title='bbox 590 1785 724 1836; x_wconf 86' lang='lat' dir='ltr'>erroribus</span> 
     </span>
     <span class='ocr_line' id='line_1_13' title="bbox 226 1861 725 1932; baseline 0.004 -20"><span class='ocrx_word' id='word_1_74' title='bbox 226 1861 455 1931; x_wconf 84' lang='lat' dir='ltr'>complectuntur,</span> <span class='ocrx_word' id='word_1_75' title='bbox 491 1861 565 1932; x_wconf 82' lang='lat' dir='ltr'>quod</span> <span class='ocrx_word' id='word_1_76' title='bbox 598 1863 725 1932; x_wconf 72' lang='lat' dir='ltr'>praeclare</span> 
     </span>
     <span class='ocr_line' id='line_1_14' title="bbox 224 1931 724 2011; baseline 0.004 -21"><span class='ocrx_word' id='word_1_77' title='bbox 224 1953 307 2010; x_wconf 85' lang='lat' dir='ltr'>poeta</span> <span class='ocrx_word' id='word_1_78' title='bbox 316 1941 443 2008; x_wconf 79' lang='lat' dir='ltr'>intexuit,</span> <span class='ocrx_word' id='word_1_79' title='bbox 454 1931 555 2011; x_wconf 69' lang='lat' dir='ltr'>¹quippe</span> <span class='ocrx_word' id='word_1_80' title='bbox 567 1960 627 1992; x_wconf 90' lang='lat' dir='ltr'>cum</span> <span class='ocrx_word' id='word_1_81' title='bbox 637 1943 724 1994; x_wconf 80' lang='lat' dir='ltr'>AEneae</span> 
     </span>
     <span class='ocr_line' id='line_1_15' title="bbox 224 2020 725 2090; baseline 0 -18"><span class='ocrx_word' id='word_1_82' title='bbox 224 2021 287 2072; x_wconf 88' lang='lat' dir='ltr'>fatis</span> <span class='ocrx_word' id='word_1_83' title='bbox 302 2020 422 2089; x_wconf 74' lang='lat' dir='ltr'>inprimis.</span> <span class='ocrx_word' id='word_1_84' title='bbox 442 2022 627 2090; x_wconf 82' lang='lat' dir='ltr'>conjunctum,</span> <span class='ocrx_word' id='word_1_85' title='bbox 644 2033 671 2073; x_wconf 88' lang='lat' dir='ltr'>et</span> <span class='ocrx_word' id='word_1_86' title='bbox 690 2020 725 2072; x_wconf 89' lang='lat' dir='ltr'>ad</span> 
     </span>
     <span class='ocr_line' id='line_1_16' title="bbox 223 2101 724 2166; baseline 0.004 -14"><span class='ocrx_word' id='word_1_87' title='bbox 223 2101 428 2156; x_wconf 80' lang='lat' dir='ltr'>admirationem</span> <span class='ocrx_word' id='word_1_88' title='bbox 441 2101 608 2166; x_wconf 81' lang='lat' dir='ltr'>excitandam</span> <span class='ocrx_word' id='word_1_89' title='bbox 628 2115 724 2154; x_wconf 88' lang='lat' dir='ltr'>natura</span> 
     </span>
     <span class='ocr_line' id='line_1_17' title="bbox 223 2180 723 2254; baseline -0.004 -20"><span class='ocrx_word' id='word_1_90' title='bbox 223 2200 273 2234; x_wconf 84' lang='lat' dir='ltr'>sua</span> <span class='ocrx_word' id='word_1_91' title='bbox 285 2195 311 2234; x_wconf 93' lang='lat' dir='ltr'>et</span> <span class='ocrx_word' id='word_1_92' title='bbox 322 2201 419 2254; x_wconf 77' lang='lat' dir='ltr'>magna</span> <span class='ocrx_word' id='word_1_93' title='bbox 428 2201 517 2235; x_wconf 89' lang='lat' dir='ltr'>rerum</span> <span class='ocrx_word' id='word_1_94' title='bbox 526 2183 595 2232; x_wconf 89' lang='lat' dir='ltr'>inter</span> <span class='ocrx_word' id='word_1_95' title='bbox 601 2180 723 2234; x_wconf 88' lang='lat' dir='ltr'>homines</span> 
     </span>
     <span class='ocr_line' id='line_1_18' title="bbox 223 2261 723 2334; baseline 0 -22"><span class='ocrx_word' id='word_1_96' title='bbox 223 2263 297 2314; x_wconf 87' lang='lat' dir='ltr'>fama</span> <span class='ocrx_word' id='word_1_97' title='bbox 313 2265 407 2316; x_wconf 84' lang='lat' dir='ltr'>eximie</span> <span class='ocrx_word' id='word_1_98' title='bbox 420 2276 520 2334; x_wconf 82' lang='lat' dir='ltr'>aptum.</span> <span class='ocrx_word' id='word_1_99' title='bbox 536 2261 617 2328; x_wconf 89' lang='lat' dir='ltr'>Quod</span> <span class='ocrx_word' id='word_1_100' title='bbox 634 2275 723 2314; x_wconf 86' lang='lat' dir='ltr'>autem</span> 
     </span>
     <span class='ocr_line' id='line_1_19' title="bbox 220 2340 721 2412; baseline -0.01 -18"><span class='ocrx_word' id='word_1_101' title='bbox 220 2341 311 2394; x_wconf 59' lang='lat' dir='ltr'>&#39;AEneae</span> <span class='ocrx_word' id='word_1_102' title='bbox 331 2343 463 2404; x_wconf 85' lang='lat' dir='ltr'>narrantis</span> <span class='ocrx_word' id='word_1_103' title='bbox 484 2353 574 2412; x_wconf 88' lang='lat' dir='ltr'>partes</span> <span class='ocrx_word' id='word_1_104' title='bbox 595 2340 721 2405; x_wconf 81' lang='lat' dir='ltr'>tradidit,</span> 
     </span>
     <span class='ocr_line' id='line_1_20' title="bbox 223 2421 721 2491; baseline -0.002 -19"><span class='ocrx_word' id='word_1_105' title='bbox 223 2423 252 2474; x_wconf 87' lang='lat' dir='ltr'>in</span> <span class='ocrx_word' id='word_1_106' title='bbox 274 2441 305 2473; x_wconf 92' lang='lat' dir='ltr'>eo</span> <span class='ocrx_word' id='word_1_107' title='bbox 325 2422 393 2473; x_wconf 92' lang='lat' dir='ltr'>illud</span> <span class='ocrx_word' id='word_1_108' title='bbox 413 2421 546 2474; x_wconf 88' lang='lat' dir='ltr'>commodi</span> <span class='ocrx_word' id='word_1_109' title='bbox 564 2434 721 2491; x_wconf 80' lang='lat' dir='ltr'><strong>assequutus</strong></span> 
     </span>
     <span class='ocr_line' id='line_1_21' title="bbox 223 2501 723 2572; baseline -0.002 -19"><span class='ocrx_word' id='word_1_110' title='bbox 223 2513 264 2553; x_wconf 88' lang='lat' dir='ltr'>est</span> <span class='ocrx_word' id='word_1_111' title='bbox 275 2514 369 2572; x_wconf 89' lang='lat' dir='ltr'>poeta,</span> <span class='ocrx_word' id='word_1_112' title='bbox 382 2514 411 2552; x_wconf 89' lang='lat' dir='ltr'>ut</span> <span class='ocrx_word' id='word_1_113' title='bbox 423 2515 480 2552; x_wconf 89' lang='lat' dir='ltr'>tota</span> <span class='ocrx_word' id='word_1_114' title='bbox 493 2504 611 2552; x_wconf 86' lang='lat' dir='ltr'>narratio</span> <span class='ocrx_word' id='word_1_115' title='bbox 623 2501 723 2570; x_wconf 81' lang='lat' dir='ltr'>habeat</span> 
     </span>
     <span class='ocr_line' id='line_1_22' title="bbox 223 2583 722 2653; baseline 0 -21"><span class='ocrx_word' id='word_1_116' title='bbox 223 2584 352 2651; x_wconf 90' lang='lat' dir='ltr'>majorem</span> <span class='ocrx_word' id='word_1_117' title='bbox 370 2583 568 2648; x_wconf 87' lang='lat' dir='ltr'>auctoritatem,</span> <span class='ocrx_word' id='word_1_118' title='bbox 585 2584 722 2653; x_wconf 74' lang='lat' dir='ltr'>magisque</span> 
     </span>
     <span class='ocr_line' id='line_1_23' title="bbox 222 2661 722 2725; baseline -0.002 -14"><span class='ocrx_word' id='word_1_119' title='bbox 222 2661 421 2714; x_wconf 80' lang='lat' dir='ltr'>miserationem</span> <span class='ocrx_word' id='word_1_120' title='bbox 440 2663 536 2725; x_wconf 76' lang='lat' dir='ltr'>faciat,</span> <span class='ocrx_word' id='word_1_121' title='bbox 555 2679 616 2712; x_wconf 89' lang='lat' dir='ltr'>cum</span> <span class='ocrx_word' id='word_1_122' title='bbox 633 2661 666 2712; x_wconf 87' lang='lat' dir='ltr'>ab</span> <span class='ocrx_word' id='word_1_123' title='bbox 690 2679 722 2712; x_wconf 89' lang='lat' dir='ltr'>eo</span> 
     </span>
     <span class='ocr_line' id='line_1_24' title="bbox 223 2742 724 2812; baseline 0 -21"><span class='ocrx_word' id='word_1_124' title='bbox 223 2753 392 2809; x_wconf 69' lang='lat' dir='ltr'>erponantur</span> <span class='ocrx_word' id='word_1_125' title='bbox 408 2759 465 2805; x_wconf 82' lang='lat' dir='ltr'>res,</span> <span class='ocrx_word' id='word_1_126' title='bbox 489 2742 536 2811; x_wconf 92' lang='lat' dir='ltr'>qui</span> <span class='ocrx_word' id='word_1_127' title='bbox 552 2759 643 2797; x_wconf 87' lang='lat' dir='ltr'>earum</span> <span class='ocrx_word' id='word_1_128' title='bbox 662 2757 724 2812; x_wconf 81' lang='lat' dir='ltr'>pars</span> 
     </span>
     <span class='ocr_line' id='line_1_25' title="bbox 222 2818 721 2891; baseline -0.004 -21"><span class='ocrx_word' id='word_1_129' title='bbox 222 2838 321 2891; x_wconf 74' lang='lat' dir='ltr'>mcqna</span> <span class='ocrx_word' id='word_1_130' title='bbox 338 2821 389 2870; x_wconf 85' lang='lat' dir='ltr'>fuit</span> <span class='ocrx_word' id='word_1_131' title='bbox 404 2821 474 2890; x_wconf 89' lang='lat' dir='ltr'>ipse;</span> <span class='ocrx_word' id='word_1_132' title='bbox 494 2818 618 2880; x_wconf 78' lang='lat' dir='ltr'>Delectus</span> <span class='ocrx_word' id='word_1_133' title='bbox 640 2836 721 2890; x_wconf 85' lang='lat' dir='ltr'>porro</span> 
     </span>
     <span class='ocr_line' id='line_1_26' title="bbox 221 2900 722 2970; baseline -0.002 -20"><span class='ocrx_word' id='word_1_134' title='bbox 221 2917 310 2954; x_wconf 85' lang='lat' dir='ltr'>rerum</span> <span class='ocrx_word' id='word_1_135' title='bbox 327 2901 366 2952; x_wconf 90' lang='lat' dir='ltr'>ita</span> <span class='ocrx_word' id='word_1_136' title='bbox 379 2900 486 2952; x_wconf 88' lang='lat' dir='ltr'>relictus</span> <span class='ocrx_word' id='word_1_137' title='bbox 504 2912 561 2952; x_wconf 87' lang='lat' dir='ltr'>erat</span> <span class='ocrx_word' id='word_1_138' title='bbox 573 2912 673 2970; x_wconf 81' lang='lat' dir='ltr'>poetae,</span> <span class='ocrx_word' id='word_1_139' title='bbox 693 2910 722 2950; x_wconf 93' lang='lat' dir='ltr'>ut</span> 
     </span>
     <span class='ocr_line' id='line_1_27' title="bbox 221 2981 722 3052; baseline -0.004 -20"><span class='ocrx_word' id='word_1_140' title='bbox 221 2983 343 3052; x_wconf 83' lang='lat' dir='ltr'>prolerre</span> <span class='ocrx_word' id='word_1_141' title='bbox 362 2993 465 3032; x_wconf 87' lang='lat' dir='ltr'>tantum</span> <span class='ocrx_word' id='word_1_142' title='bbox 484 3000 516 3034; x_wconf 88' lang='lat' dir='ltr'>ea</span> <span class='ocrx_word' id='word_1_143' title='bbox 538 2981 644 3044; x_wconf 88' lang='lat' dir='ltr'>liceret,</span> <span class='ocrx_word' id='word_1_144' title='bbox 664 2997 722 3049; x_wconf 85' lang='lat' dir='ltr'>quae</span> 
     </span>
     <span class='ocr_line' id='line_1_28' title="bbox 222 3060 722 3131; baseline 0 -21"><span class='ocrx_word' id='word_1_145' title='bbox 222 3061 265 3112; x_wconf 84' lang='lat' dir='ltr'>vel</span> <span class='ocrx_word' id='word_1_146' title='bbox 283 3073 389 3111; x_wconf 86' lang='lat' dir='ltr'>movent</span> <span class='ocrx_word' id='word_1_147' title='bbox 404 3063 525 3131; x_wconf 79' lang='lat' dir='ltr'>inprimis</span> <span class='ocrx_word' id='word_1_148' title='bbox 541 3060 582 3112; x_wconf 89' lang='lat' dir='ltr'>vel</span> <span class='ocrx_word' id='word_1_149' title='bbox 598 3070 722 3110; x_wconf 88' lang='lat' dir='ltr'>ornatum</span> 
     </span>
     <span class='ocr_line' id='line_1_29' title="bbox 222 3138 723 3210; baseline -0.004 -19"><span class='ocrx_word' id='word_1_150' title='bbox 222 3140 380 3204; x_wconf 81' lang='lat' dir='ltr'>admittunt;</span> <span class='ocrx_word' id='word_1_151' title='bbox 396 3142 517 3206; x_wconf 80' lang='lat' dir='ltr'>Tandem</span> <span class='ocrx_word' id='word_1_152' title='bbox 533 3143 591 3210; x_wconf 89' lang='lat' dir='ltr'>ipse</span> <span class='ocrx_word' id='word_1_153' title='bbox 612 3138 723 3191; x_wconf 89' lang='lat' dir='ltr'>audien-</span> 
     </span>
     <span class='ocr_line' id='line_1_30' title="bbox 221 3221 723 3294; baseline -0.004 -22"><span class='ocrx_word' id='word_1_154' title='bbox 221 3223 288 3272; x_wconf 87' lang='lat' dir='ltr'>tium</span> <span class='ocrx_word' id='word_1_155' title='bbox 298 3223 435 3274; x_wconf 85' lang='lat' dir='ltr'>confessus</span> <span class='ocrx_word' id='word_1_156' title='bbox 445 3233 506 3294; x_wconf 87' lang='lat' dir='ltr'>post</span> <span class='ocrx_word' id='word_1_157' title='bbox 519 3221 651 3272; x_wconf 84' lang='lat' dir='ltr'>sollennes</span> <span class='ocrx_word' id='word_1_158' title='bbox 660 3231 723 3290; x_wconf 80' lang='lat' dir='ltr'>epu&#39;·</span> 
     </span>
     <span class='ocr_line' id='line_1_31' title="bbox 221 3299 720 3372; baseline -0.004 -22"><span class='ocrx_word' id='word_1_159' title='bbox 221 3299 274 3372; x_wconf 87' lang='lat' dir='ltr'>las,</span> <span class='ocrx_word' id='word_1_160' title='bbox 288 3313 314 3352; x_wconf 93' lang='lat' dir='ltr'>et</span> <span class='ocrx_word' id='word_1_161' title='bbox 330 3300 442 3351; x_wconf 88' lang='lat' dir='ltr'>Didonis</span> <span class='ocrx_word' id='word_1_162' title='bbox 457 3303 485 3351; x_wconf 92' lang='lat' dir='ltr'>in</span> <span class='ocrx_word' id='word_1_163' title='bbox 501 3299 584 3352; x_wconf 80' lang='lat' dir='ltr'>AEnea</span> <span class='ocrx_word' id='word_1_164' title='bbox 597 3299 720 3350; x_wconf 86' lang='lat' dir='ltr'>haerentis</span> 
     </span>
     <span class='ocr_line' id='line_1_32' title="bbox 220 3379 722 3452; baseline -0.002 -21"><span class='ocrx_word' id='word_1_165' title='bbox 220 3381 324 3448; x_wconf 82' lang='lat' dir='ltr'>vultus,</span> <span class='ocrx_word' id='word_1_166' title='bbox 339 3379 435 3445; x_wconf 90' lang='lat' dir='ltr'>habet,</span> <span class='ocrx_word' id='word_1_167' title='bbox 453 3380 526 3452; x_wconf 91' lang='lat' dir='ltr'>quod</span> <span class='ocrx_word' id='word_1_168' title='bbox 541 3380 652 3452; x_wconf 79' lang='lat' dir='ltr'>legentis</span> <span class='ocrx_word' id='word_1_169' title='bbox 668 3381 722 3431; x_wconf 89' lang='lat' dir='ltr'>ani·</span> 
     </span>
     <span class='ocr_line' id='line_1_33' title="bbox 220 3459 722 3530; baseline 0 -20"><span class='ocrx_word' id='word_1_170' title='bbox 220 3477 294 3510; x_wconf 90' lang='lat' dir='ltr'>mum</span> <span class='ocrx_word' id='word_1_171' title='bbox 310 3459 509 3530; x_wconf 84' lang='lat' dir='ltr'>quodammodo</span> <span class='ocrx_word' id='word_1_172' title='bbox 529 3460 722 3512; x_wconf 65' lang='lat' dir='ltr'>alteratum·</span> 
     </span>
     <span class='ocr_line' id='line_1_34' title="bbox 221 3539 722 3611; baseline 0 -21"><span class='ocrx_word' id='word_1_173' title='bbox 221 3553 275 3591; x_wconf 90' lang='lat' dir='ltr'>tem</span> <span class='ocrx_word' id='word_1_174' title='bbox 283 3542 378 3610; x_wconf 86' lang='lat' dir='ltr'>ipsam,</span> <span class='ocrx_word' id='word_1_175' title='bbox 383 3542 439 3609; x_wconf 85' lang='lat' dir='ltr'>jam</span> <span class='ocrx_word' id='word_1_176' title='bbox 446 3552 611 3611; x_wconf 83' lang='lat' dir='ltr'>provectam,</span> <span class='ocrx_word' id='word_1_177' title='bbox 621 3539 722 3591; x_wconf 89' lang='lat' dir='ltr'>habere</span> 
     </span>
     <span class='ocr_line' id='line_1_35' title="bbox 222 3620 721 3690; baseline -0.004 -19"><span class='ocrx_word' id='word_1_178' title='bbox 222 3638 344 3690; x_wconf 84' lang='lat' dir='ltr'>quoque,</span> <span class='ocrx_word' id='word_1_179' title='bbox 373 3620 446 3690; x_wconf 92' lang='lat' dir='ltr'>quod</span> <span class='ocrx_word' id='word_1_180' title='bbox 473 3633 589 3680; x_wconf 78' lang='lat' dir='ltr'>mentem</span> <span class='ocrx_word' id='word_1_181' title='bbox 616 3632 721 3688; x_wconf 83' lang='lat' dir='ltr'>teneat,</span> 
     </span>
     <span class='ocr_line' id='line_1_36' title="bbox 220 3697 722 3772; baseline -0.006 -21"><span class='ocrx_word' id='word_1_182' title='bbox 220 3701 335 3772; x_wconf 81' lang='lat' dir='ltr'>putabat</span> <span class='ocrx_word' id='word_1_183' title='bbox 356 3701 498 3770; x_wconf 89' lang='lat' dir='ltr'>Trappius.</span> <span class='ocrx_word' id='word_1_184' title='bbox 523 3699 569 3750; x_wconf 87' lang='lat' dir='ltr'>Est</span> <span class='ocrx_word' id='word_1_185' title='bbox 585 3697 632 3751; x_wconf 85' lang='lat' dir='ltr'>hic</span> <span class='ocrx_word' id='word_1_186' title='bbox 654 3698 722 3748; x_wconf 91' lang='lat' dir='ltr'>liber</span> 
     </span>
     <span class='ocr_line' id='line_1_37' title="bbox 220 3780 721 3853; baseline -0.006 -22"><span class='ocrx_word' id='word_1_187' title='bbox 220 3781 291 3832; x_wconf 89' lang='lat' dir='ltr'>inter</span> <span class='ocrx_word' id='word_1_188' title='bbox 307 3781 513 3853; x_wconf 80' lang='lat' dir='ltr'>perfectissimas</span> <span class='ocrx_word' id='word_1_189' title='bbox 529 3780 617 3846; x_wconf 90' lang='lat' dir='ltr'>operis</span> <span class='ocrx_word' id='word_1_190' title='bbox 630 3789 721 3848; x_wconf 82' lang='lat' dir='ltr'>partes</span> 
     </span>
     <span class='ocr_line' id='line_1_38' title="bbox 220 3854 722 3930; baseline -0.008 -20"><span class='ocrx_word' id='word_1_191' title='bbox 220 3861 305 3930; x_wconf 85' lang='lat' dir='ltr'>ipsius</span> <span class='ocrx_word' id='word_1_192' title='bbox 313 3871 397 3928; x_wconf 79' lang='lat' dir='ltr'>poetae</span> <span class='ocrx_word' id='word_1_193' title='bbox 402 3855 505 3925; x_wconf 85' lang='lat' dir='ltr'>judicio</span> <span class='ocrx_word' id='word_1_194' title='bbox 513 3854 633 3915; x_wconf 60' lang='lat' dir='ltr'>habitum</span> <span class='ocrx_word' id='word_1_195' title='bbox 645 3857 722 3926; x_wconf 91' lang='lat' dir='ltr'>quip-</span> 
     </span>
     <span class='ocr_line' id='line_1_39' title="bbox 220 3937 720 4010; baseline -0.008 -18"><span class='ocrx_word' id='word_1_196' title='bbox 220 3957 255 4010; x_wconf 84' lang='lat' dir='ltr'>pe</span> <span class='ocrx_word' id='word_1_197' title='bbox 271 3958 349 4010; x_wconf 91' lang='lat' dir='ltr'>quem</span> <span class='ocrx_word' id='word_1_198' title='bbox 359 3957 420 3988; x_wconf 88' lang='lat' dir='ltr'>curn</span> <span class='ocrx_word' id='word_1_199' title='bbox 433 3947 528 4006; x_wconf 87' lang='lat' dir='ltr'>quarto</span> <span class='ocrx_word' id='word_1_200' title='bbox 542 3946 567 3986; x_wconf 94' lang='lat' dir='ltr'>et</span> <span class='ocrx_word' id='word_1_201' title='bbox 580 3947 652 3986; x_wconf 83' lang='lat' dir='ltr'>sexto</span> <span class='ocrx_word' id='word_1_202' title='bbox 664 3937 720 3988; x_wconf 90' lang='lat' dir='ltr'>Au-</span> 
     </span>
     <span class='ocr_line' id='line_1_40' title="bbox 222 4015 717 4088; baseline 0.002 -20"><span class='ocrx_word' id='word_1_203' title='bbox 222 4033 299 4088; x_wconf 76' lang='lat' dir='ltr'>gusto</span> <span class='ocrx_word' id='word_1_204' title='bbox 317 4018 467 4088; x_wconf 80' lang='lat' dir='ltr'>speciminis</span> <span class='ocrx_word' id='word_1_205' title='bbox 483 4015 543 4066; x_wconf 87' lang='lat' dir='ltr'>loco</span> <span class='ocrx_word' id='word_1_206' title='bbox 561 4015 717 4088; x_wconf 77' lang='lat' dir='ltr'>praelegerit.</span> 
     </span>
    </p>
   </div>
   <div class='ocr_carea' id='block_1_7' title="bbox 773 1701 1277 2096">
    <p class='ocr_par' dir='ltr' id='par_1_8' title="bbox 773 1701 1277 2096">
     <span class='ocr_line' id='line_1_41' title="bbox 775 1701 1274 1776; baseline -0.006 -20"><span class='ocrx_word' id='word_1_207' title='bbox 775 1725 799 1756; x_wconf 91' lang='lat' dir='ltr'>v.</span> <span class='ocrx_word' id='word_1_208' title='bbox 814 1723 872 1776; x_wconf 90' lang='lat' dir='ltr'>sup.</span> <span class='ocrx_word' id='word_1_209' title='bbox 883 1705 913 1755; x_wconf 84' lang='lat' dir='ltr'>T.</span> <span class='ocrx_word' id='word_1_210' title='bbox 925 1706 935 1754; x_wconf 98' lang='lat' dir='ltr'>l</span> <span class='ocrx_word' id='word_1_211' title='bbox 947 1705 1009 1756; x_wconf 81' lang='lat' dir='ltr'>Vita</span> <span class='ocrx_word' id='word_1_212' title='bbox 1017 1705 1049 1752; x_wconf 89' lang='lat' dir='ltr'>V.</span> <span class='ocrx_word' id='word_1_213' title='bbox 1061 1721 1083 1754; x_wconf 84' lang='lat' dir='ltr'>c.</span> <span class='ocrx_word' id='word_1_214' title='bbox 1098 1718 1137 1754; x_wconf 85' lang='lat'>12.</span> <span class='ocrx_word' id='word_1_215' title='bbox 1149 1701 1171 1772; x_wconf 84' lang='lat'>§.</span> <span class='ocrx_word' id='word_1_216' title='bbox 1185 1701 1220 1771; x_wconf 75' lang='grc'>46</span> <span class='ocrx_word' id='word_1_217' title='bbox 1234 1719 1274 1772; x_wconf 90' lang='lat' dir='ltr'>sq.</span> 
     </span>
     <span class='ocr_line' id='line_1_42' title="bbox 774 1784 1277 1854; baseline -0.008 -16"><span class='ocrx_word' id='word_1_218' title='bbox 774 1787 860 1852; x_wconf 88' lang='lat' dir='ltr'>Quem</span> <span class='ocrx_word' id='word_1_219' title='bbox 869 1798 957 1838; x_wconf 90' lang='lat' dir='ltr'>autem</span> <span class='ocrx_word' id='word_1_220' title='bbox 965 1805 997 1837; x_wconf 84' lang='lat' dir='ltr'>ex</span> <span class='ocrx_word' id='word_1_221' title='bbox 1007 1784 1204 1854; x_wconf 82' lang='lat' dir='ltr'>antiquioribus</span> <span class='ocrx_word' id='word_1_222' title='bbox 1212 1803 1277 1854; x_wconf 89' lang='lat' dir='ltr'>poe·</span> 
     </span>
     <span class='ocr_line' id='line_1_43' title="bbox 774 1865 1275 1936; baseline -0.002 -20"><span class='ocrx_word' id='word_1_223' title='bbox 774 1869 807 1918; x_wconf 89' lang='lat' dir='ltr'>tis</span> <span class='ocrx_word' id='word_1_224' title='bbox 824 1880 884 1919; x_wconf 89' lang='lat' dir='ltr'>ante</span> <span class='ocrx_word' id='word_1_225' title='bbox 897 1866 989 1918; x_wconf 89' lang='lat' dir='ltr'>oculos</span> <span class='ocrx_word' id='word_1_226' title='bbox 1002 1865 1128 1918; x_wconf 89' lang='lat' dir='ltr'>hahuerit</span> <span class='ocrx_word' id='word_1_227' title='bbox 1146 1865 1275 1936; x_wconf 76' lang='lat' dir='ltr'>Virgilius</span> 
     </span>
     <span class='ocr_line' id='line_1_44' title="bbox 774 1943 1277 2015; baseline -0.01 -17"><span class='ocrx_word' id='word_1_228' title='bbox 774 1949 802 1998; x_wconf 89' lang='lat' dir='ltr'>in</span> <span class='ocrx_word' id='word_1_229' title='bbox 813 1946 917 1999; x_wconf 88' lang='lat' dir='ltr'>excidio</span> <span class='ocrx_word' id='word_1_230' title='bbox 927 1947 1012 2015; x_wconf 83' lang='lat' dir='ltr'>Trojae</span> <span class='ocrx_word' id='word_1_231' title='bbox 1032 1943 1206 2015; x_wconf 82' lang='lat' dir='ltr'>exponendo,</span> <span class='ocrx_word' id='word_1_232' title='bbox 1220 1944 1277 1994; x_wconf 89' lang='lat' dir='ltr'>dis-</span> 
     </span>
     <span class='ocr_line' id='line_1_45' title="bbox 773 2023 1275 2096; baseline -0.008 -18"><span class='ocrx_word' id='word_1_233' title='bbox 773 2039 896 2096; x_wconf 88' lang='lat' dir='ltr'>putatum</span> <span class='ocrx_word' id='word_1_234' title='bbox 915 2024 954 2079; x_wconf 86' lang='lat' dir='ltr'>es&#39;t</span> <span class='ocrx_word' id='word_1_235' title='bbox 969 2028 998 2077; x_wconf 92' lang='lat' dir='ltr'>in</span> <span class='ocrx_word' id='word_1_236' title='bbox 1009 2026 1126 2076; x_wconf 84' lang='lat' dir='ltr'>Excursu</span> <span class='ocrx_word' id='word_1_237' title='bbox 1142 2023 1177 2076; x_wconf 88' lang='lat' dir='ltr'>ad</span> <span class='ocrx_word' id='word_1_238' title='bbox 1194 2023 1275 2092; x_wconf 88' lang='lat' dir='ltr'>hujus</span> 
     </span>
    </p>
   </div>
   <div class='ocr_carea' id='block_1_8' title="bbox 772 2103 1320 2177">
    <p class='ocr_par' dir='ltr' id='par_1_9' title="bbox 772 2103 1320 2177">
     <span class='ocr_line' id='line_1_46' title="bbox 772 2103 1320 2177; baseline -0.009 -19"><span class='ocrx_word' id='word_1_239' title='bbox 772 2105 835 2158; x_wconf 82' lang='lat' dir='ltr'>libri</span> <span class='ocrx_word' id='word_1_240' title='bbox 843 2107 928 2177; x_wconf 85' lang='lat' dir='ltr'>princ.</span> <span class='ocrx_word' id='word_1_241' title='bbox 938 2103 1277 2173; x_wconf 88' lang='lat' dir='ltr'>scilicetlliademparvam</span> <span class='ocrx_word' id='word_1_242' title='bbox 1318 2107 1320 2111; x_wconf 81' lang='grc'>’</span> 
     </span>
    </p>
   </div>
   <div class='ocr_carea' id='block_1_9' title="bbox 771 2183 1277 2736">
    <p class='ocr_par' dir='ltr' id='par_1_10' title="bbox 773 2183 1129 2256">
     <span class='ocr_line' id='line_1_47' title="bbox 773 2183 1129 2256; baseline -0.014 -18"><span class='ocrx_word' id='word_1_243' title='bbox 773 2203 833 2238; x_wconf 86' lang='lat' dir='ltr'>cum</span> <span class='ocrx_word' id='word_1_244' title='bbox 841 2184 976 2256; x_wconf 86' lang='lat' dir='ltr'>Euripidis</span> <span class='ocrx_word' id='word_1_245' title='bbox 985 2183 1129 2256; x_wconf 73' lang='lat' dir='ltr'>tragoediis.</span> 
     </span>
    </p>

    <p class='ocr_par' dir='ltr' id='par_1_11' title="bbox 771 2263 1277 2736">
     <span class='ocr_line' id='line_1_48' title="bbox 811 2263 1276 2326; baseline -0.004 -10"><span class='ocrx_word' id='word_1_246' title='bbox 811 2281 834 2316; x_wconf 90' lang='lat'>1.</span> <span class='ocrx_word' id='word_1_247' title='bbox 845 2265 946 2322; x_wconf 80' lang='lat' dir='ltr'>latenti</span> <span class='ocrx_word' id='word_1_248' title='bbox 958 2283 1004 2315; x_wconf 83' lang='lat' dir='ltr'>ora</span> <span class='ocrx_word' id='word_1_249' title='bbox 1018 2263 1156 2325; x_wconf 80' lang='lat' dir='ltr'>tenebant,</span> <span class='ocrx_word' id='word_1_250' title='bbox 1169 2274 1276 2326; x_wconf 80' lang='lat' dir='ltr'>ornate,</span> 
     </span>
     <span class='ocr_line' id='line_1_49' title="bbox 771 2342 1277 2408; baseline -0.01 -11"><span class='ocrx_word' id='word_1_251' title='bbox 771 2356 848 2397; x_wconf 89' lang='lat' dir='ltr'>erant</span> <span class='ocrx_word' id='word_1_252' title='bbox 863 2345 971 2408; x_wconf 83' lang='lat' dir='ltr'>intenti;</span> <span class='ocrx_word' id='word_1_253' title='bbox 987 2342 1124 2394; x_wconf 86' lang='lat' dir='ltr'>habebant</span> <span class='ocrx_word' id='word_1_254' title='bbox 1140 2342 1231 2406; x_wconf 83' lang='lat' dir='ltr'>vultus</span> <span class='ocrx_word' id='word_1_255' title='bbox 1249 2356 1277 2392; x_wconf 87' lang='lat' dir='ltr'>et</span> 
     </span>
     <span class='ocr_line' id='line_1_50' title="bbox 772 2423 1275 2478; baseline -0.006 -2"><span class='ocrx_word' id='word_1_256' title='bbox 772 2423 864 2478; x_wconf 87' lang='lat' dir='ltr'>oculos</span> <span class='ocrx_word' id='word_1_257' title='bbox 888 2424 1003 2475; x_wconf 83' lang='lat' dir='ltr'>intentos</span> <span class='ocrx_word' id='word_1_258' title='bbox 1027 2433 1054 2473; x_wconf 90' lang='lat' dir='ltr'>et</span> <span class='ocrx_word' id='word_1_259' title='bbox 1076 2439 1220 2472; x_wconf 88' lang='lat' dir='ltr'>conversos</span> <span class='ocrx_word' id='word_1_260' title='bbox 1245 2423 1275 2476; x_wconf 91' lang='lat' dir='ltr'>in</span> 
     </span>
     <span class='ocr_line' id='line_1_51' title="bbox 772 2498 1276 2565; baseline -0.014 -8"><span class='ocrx_word' id='word_1_261' title='bbox 772 2503 889 2558; x_wconf 75' lang='lat' dir='ltr'>AEuearn.</span> <span class='ocrx_word' id='word_1_262' title='bbox 907 2503 970 2553; x_wconf 83' lang='lat' dir='ltr'>Mox</span> <span class='ocrx_word' id='word_1_263' title='bbox 992 2519 1018 2551; x_wconf 79' lang='lat' dir='ltr'>r.</span> <span class='ocrx_word' id='word_1_264' title='bbox 1044 2519 1058 2553; x_wconf 85' lang='lat'>2</span> <span class='ocrx_word' id='word_1_265' title='bbox 1080 2498 1149 2550; x_wconf 86' lang='lat' dir='ltr'>altus</span> <span class='ocrx_word' id='word_1_266' title='bbox 1170 2511 1276 2565; x_wconf 84' lang='lat' dir='ltr'>tantum</span> 
     </span>
     <span class='ocr_line' id='line_1_52' title="bbox 773 2580 1276 2635; baseline -0.012 -2"><span class='ocrx_word' id='word_1_267' title='bbox 773 2595 857 2635; x_wconf 90' lang='lat' dir='ltr'>ornat.</span> <span class='ocrx_word' id='word_1_268' title='bbox 880 2583 913 2633; x_wconf 85' lang='lat' dir='ltr'>Et</span> <span class='ocrx_word' id='word_1_269' title='bbox 932 2594 1009 2635; x_wconf 89' lang='lat' dir='ltr'>erant</span> <span class='ocrx_word' id='word_1_270' title='bbox 1029 2580 1189 2631; x_wconf 84' lang='lat' dir='ltr'>tricliniares</span> <span class='ocrx_word' id='word_1_271' title='bbox 1211 2580 1276 2631; x_wconf 87' lang='lat' dir='ltr'>lecti</span> 
     </span>
     <span class='ocr_line' id='line_1_53' title="bbox 771 2658 1277 2736; baseline -0.01 -22"><span class='ocrx_word' id='word_1_272' title='bbox 771 2661 974 2736; x_wconf 72' lang='lat' dir='ltr'>magnificentia</span> <span class='ocrx_word' id='word_1_273' title='bbox 984 2678 1079 2714; x_wconf 85' lang='lat' dir='ltr'>caussa</span> <span class='ocrx_word' id='word_1_274' title='bbox 1089 2659 1149 2721; x_wconf 82' lang='lat' dir='ltr'>alti3</span> <span class='ocrx_word' id='word_1_275' title='bbox 1161 2658 1277 2710; x_wconf 83' lang='lat' dir='ltr'>accede·</span> 
     </span>
    </p>
   </div>
   <div class='ocr_carea' id='block_1_10' title="bbox 771 2742 962 2814">
    <p class='ocr_par' dir='ltr' id='par_1_12' title="bbox 771 2742 962 2814">
     <span class='ocr_line' id='line_1_54' title="bbox 771 2742 962 2814; baseline -0.01 -19"><span class='ocrx_word' id='word_1_276' title='bbox 771 2743 838 2801; x_wconf 84' lang='lat' dir='ltr'>haut</span> <span class='ocrx_word' id='word_1_277' title='bbox 849 2742 962 2814; x_wconf 81' lang='lat' dir='ltr'>pulvini.</span> 
     </span>
    </p>
   </div>
   <div class='ocr_carea' id='block_1_11' title="bbox 807 2821 1363 2893">
    <p class='ocr_par' dir='ltr' id='par_1_13' title="bbox 807 2821 1363 2893">
     <span class='ocr_line' id='line_1_55' title="bbox 807 2821 1363 2893; baseline -0.014 -17"><span class='ocrx_word' id='word_1_278' title='bbox 807 2822 832 2876; x_wconf 85' lang='lat'>3.</span> <span class='ocrx_word' id='word_1_279' title='bbox 855 2822 896 2872; x_wconf 87' lang='lat' dir='ltr'>Cf.</span> <span class='ocrx_word' id='word_1_280' title='bbox 916 2821 1044 2893; x_wconf 74' lang='lat' dir='ltr'>Odysst,</span> <span class='ocrx_word' id='word_1_281' title='bbox 1069 2836 1099 2875; x_wconf 82' lang='lat' dir='ltr'>ra</span> <span class='ocrx_word' id='word_1_282' title='bbox 1121 2837 1181 2890; x_wconf 86' lang='lat' dir='ltr'>sqq.</span> <span class='ocrx_word' id='word_1_283' title='bbox 1202 2830 1228 2882; x_wconf 83' lang='lat' dir='ltr'>st</span> <span class='ocrx_word' id='word_1_284' title='bbox 1247 2839 1275 2880; x_wconf 79' lang='lat' dir='ltr'>a,</span> <span class='ocrx_word' id='word_1_285' title='bbox 1362 2845 1363 2850; x_wconf 64' lang='lat'>=</span> 
     </span>
    </p>
   </div>
   <div class='ocr_carea' id='block_1_12' title="bbox 773 2900 1274 2972">
    <p class='ocr_par' dir='ltr' id='par_1_14' title="bbox 773 2900 1274 2972">
     <span class='ocr_line' id='line_1_56' title="bbox 773 2900 1274 2972; baseline -0.014 -17"><span class='ocrx_word' id='word_1_286' title='bbox 773 2904 832 2970; x_wconf 71' lang='lat'>⁹4¹·</span> <span class='ocrx_word' id='word_1_287' title='bbox 852 2903 916 2969; x_wconf 69' lang='lat'>242,</span> <span class='ocrx_word' id='word_1_288' title='bbox 936 2903 984 2954; x_wconf 83' lang='lat' dir='ltr'>sed</span> <span class='ocrx_word' id='word_1_289' title='bbox 1004 2905 1032 2957; x_wconf 89' lang='lat' dir='ltr'>in</span> <span class='ocrx_word' id='word_1_290' title='bbox 1050 2900 1162 2972; x_wconf 73' lang='lat' dir='ltr'>Virgilio</span> <span class='ocrx_word' id='word_1_291' title='bbox 1183 2901 1274 2958; x_wconf 79' lang='lat' dir='ltr'>omnia</span> 
     </span>
    </p>
   </div>
   <div class='ocr_carea' id='block_1_13' title="bbox 772 2981 1363 3133">
    <p class='ocr_par' dir='ltr' id='par_1_15' title="bbox 772 2981 1363 3133">
     <span class='ocr_line' id='line_1_57' title="bbox 772 2981 1363 3050; baseline -0.017 -15"><span class='ocrx_word' id='word_1_292' title='bbox 772 2983 922 3044; x_wconf 77' lang='lat' dir='ltr'>ornatiora3</span> <span class='ocrx_word' id='word_1_293' title='bbox 933 2994 963 3032; x_wconf 90' lang='lat' dir='ltr'>ut</span> <span class='ocrx_word' id='word_1_294' title='bbox 972 2999 996 3032; x_wconf 86' lang='lat' dir='ltr'>v.</span> <span class='ocrx_word' id='word_1_295' title='bbox 1008 2981 1024 3046; x_wconf 77' lang='grc'>4</span> <span class='ocrx_word' id='word_1_296' title='bbox 1035 2992 1127 3031; x_wconf 89' lang='lat' dir='ltr'>ornate</span> <span class='ocrx_word' id='word_1_297' title='bbox 1137 2997 1188 3050; x_wconf 89' lang='lat' dir='ltr'>pro</span> <span class='ocrx_word' id='word_1_298' title='bbox 1198 3001 1203 3030; x_wconf 90' lang='lat'>:</span> <span class='ocrx_word' id='word_1_299' title='bbox 1213 2996 1277 3029; x_wconf 89' lang='lat' dir='ltr'>nar·</span> <span class='ocrx_word' id='word_1_300' title='bbox 1362 3011 1363 3018; x_wconf 20' lang='grc' dir='ltr'><strong>κ</strong></span> 
     </span>
     <span class='ocr_line' id='line_1_58' title="bbox 772 3061 1363 3133; baseline -0.02 -19"><span class='ocrx_word' id='word_1_301' title='bbox 772 3063 872 3127; x_wconf 79' lang='lat' dir='ltr'>raudo,</span> <span class='ocrx_word' id='word_1_302' title='bbox 882 3074 912 3113; x_wconf 92' lang='lat' dir='ltr'>ut</span> <span class='ocrx_word' id='word_1_303' title='bbox 922 3079 1032 3133; x_wconf 74' lang='lat' dir='ltr'>requam</span> <span class='ocrx_word' id='word_1_304' title='bbox 1047 3061 1193 3130; x_wconf 80' lang='lat' dir='ltr'>Trojanum</span> <span class='ocrx_word' id='word_1_305' title='bbox 1203 3075 1276 3110; x_wconf 88' lang='lat' dir='ltr'>ever·</span> <span class='ocrx_word' id='word_1_306' title='bbox 1362 3095 1363 3102; x_wconf 71' lang='grc'>,</span> 
     </span>
    </p>
   </div>
   <div class='ocr_carea' id='block_1_14' title="bbox 772 3140 1363 3294">
    <p class='ocr_par' dir='ltr' id='par_1_16' title="bbox 772 3129 1363 3294">
     <span class='ocr_line' id='line_1_59' title="bbox 772 3140 1275 3206; baseline -0.005 -12"><span class='ocrx_word' id='word_1_307' title='bbox 772 3143 853 3194; x_wconf 84' lang='lat' dir='ltr'>terint</span> <span class='ocrx_word' id='word_1_308' title='bbox 869 3141 983 3206; x_wconf 75' lang='lat' dir='ltr'>Achivi,</span> <span class='ocrx_word' id='word_1_309' title='bbox 1003 3141 1081 3205; x_wconf 84' lang='lat' dir='ltr'>dixit,</span> <span class='ocrx_word' id='word_1_310' title='bbox 1095 3140 1229 3204; x_wconf 83' lang='lat' dir='ltr'>eruerint,</span> <span class='ocrx_word' id='word_1_311' title='bbox 1248 3154 1275 3194; x_wconf 85' lang='lat' dir='ltr'>et</span> 
     </span>
     <span class='ocr_line' id='line_1_60' title="bbox 774 3209 1363 3294; baseline -0.003 -20"><span class='ocrx_word' id='word_1_312' title='bbox 774 3224 900 3294; x_wconf 81' lang='lat' dir='ltr'>Trojanas</span> <span class='ocrx_word' id='word_1_313' title='bbox 923 3239 1000 3292; x_wconf 78' lang='lat' dir='ltr'>opes,</span> <span class='ocrx_word' id='word_1_314' title='bbox 1022 3233 1047 3272; x_wconf 89' lang='lat' dir='ltr'>et</span> <span class='ocrx_word' id='word_1_315' title='bbox 1071 3237 1151 3290; x_wconf 74' lang='lat' dir='ltr'>reqno</span> <span class='ocrx_word' id='word_1_316' title='bbox 1175 3209 1274 3288; x_wconf 84' lang='lat' dir='ltr'>a&#39;djeeit</span> <span class='ocrx_word' id='word_1_317' title='bbox 1362 3259 1363 3266; x_wconf 25' lang='lat' dir='ltr'>a</span> 
     </span>
    </p>
   </div>
   <div class='ocr_carea' id='block_1_15' title="bbox 770 3295 1275 4081">
    <p class='ocr_par' dir='ltr' id='par_1_17' title="bbox 770 3295 1275 4081">
     <span class='ocr_line' id='line_1_61' title="bbox 771 3295 1274 3372; baseline -0.002 -21"><span class='ocrx_word' id='word_1_318' title='bbox 771 3300 923 3372; x_wconf 83' lang='lat' dir='ltr'>epitheton,</span> <span class='ocrx_word' id='word_1_319' title='bbox 941 3296 1125 3362; x_wconf 83' lang='lat' dir='ltr'>lamentabile,</span> <span class='ocrx_word' id='word_1_320' title='bbox 1140 3295 1220 3368; x_wconf 86' lang='lat' dir='ltr'>quod</span> <span class='ocrx_word' id='word_1_321' title='bbox 1234 3299 1274 3350; x_wconf 90' lang='lat' dir='ltr'>la·</span> 
     </span>
     <span class='ocr_line' id='line_1_62' title="bbox 770 3375 1275 3432; baseline -0.006 -1"><span class='ocrx_word' id='word_1_322' title='bbox 770 3379 915 3432; x_wconf 90' lang='lat' dir='ltr'>mentabile</span> <span class='ocrx_word' id='word_1_323' title='bbox 927 3379 1035 3430; x_wconf 83' lang='lat' dir='ltr'>exitium</span> <span class='ocrx_word' id='word_1_324' title='bbox 1051 3375 1158 3428; x_wconf 74' lang='lat' dir='ltr'>hahuit.⁴</span> <span class='ocrx_word' id='word_1_325' title='bbox 1173 3376 1275 3432; x_wconf 82' lang='lat' dir='ltr'>Eadem</span> 
     </span>
     <span class='ocr_line' id='line_1_63' title="bbox 772 3457 1272 3531; baseline -0.01 -19"><span class='ocrx_word' id='word_1_326' title='bbox 772 3461 900 3531; x_wconf 85' lang='lat' dir='ltr'>expressit</span> <span class='ocrx_word' id='word_1_327' title='bbox 911 3458 1010 3511; x_wconf 83' lang='lat' dir='ltr'>Statius</span> <span class='ocrx_word' id='word_1_328' title='bbox 1027 3475 1075 3508; x_wconf 88' lang='lat' dir='ltr'>suo</span> <span class='ocrx_word' id='word_1_329' title='bbox 1095 3474 1170 3508; x_wconf 88' lang='lat' dir='ltr'>more</span> <span class='ocrx_word' id='word_1_330' title='bbox 1186 3457 1272 3510; x_wconf 87' lang='lat' dir='ltr'>Theb.</span> 
     </span>
     <span class='ocr_line' id='line_1_64' title="bbox 771 3540 930 3608; baseline -0.006 -20"><span class='ocrx_word' id='word_1_331' title='bbox 771 3540 812 3606; x_wconf 81' lang='lat' dir='ltr'>V,</span> <span class='ocrx_word' id='word_1_332' title='bbox 826 3541 858 3590; x_wconf 76' lang='lat'>28</span> <span class='ocrx_word' id='word_1_333' title='bbox 871 3556 930 3608; x_wconf 87' lang='lat' dir='ltr'>sqq.</span> 
     </span>
     <span class='ocr_line' id='line_1_65' title="bbox 807 3617 1274 3689; baseline -0.009 -19"><span class='ocrx_word' id='word_1_334' title='bbox 807 3617 1274 3689; x_wconf 76' lang='lat' dir='ltr'>flsq.ReluctaturAEneasnarratio-</span> 
     </span>
     <span class='ocr_line' id='line_1_66' title="bbox 770 3697 1273 3769; baseline -0.004 -19"><span class='ocrx_word' id='word_1_335' title='bbox 770 3717 885 3769; x_wconf 84' lang='lat' dir='ltr'>nemque</span> <span class='ocrx_word' id='word_1_336' title='bbox 897 3699 1031 3768; x_wconf 87' lang='lat' dir='ltr'>principio</span> <span class='ocrx_word' id='word_1_337' title='bbox 1042 3697 1219 3767; x_wconf 87' lang='lat' dir='ltr'>deprecatur:</span> <span class='ocrx_word' id='word_1_338' title='bbox 1232 3699 1273 3748; x_wconf 92' lang='lat' dir='ltr'>ni-</span> 
     </span>
     <span class='ocr_line' id='line_1_67' title="bbox 770 3777 1273 3830; baseline -0.004 -2"><span class='ocrx_word' id='word_1_339' title='bbox 770 3781 853 3830; x_wconf 89' lang='lat' dir='ltr'>mium</span> <span class='ocrx_word' id='word_1_340' title='bbox 865 3778 935 3830; x_wconf 90' lang='lat' dir='ltr'>enim</span> <span class='ocrx_word' id='word_1_341' title='bbox 954 3777 1005 3828; x_wconf 69' lang='lat' dir='ltr'>silai</span> <span class='ocrx_word' id='word_1_342' title='bbox 1018 3777 1135 3830; x_wconf 85' lang='lat' dir='ltr'>animum</span> <span class='ocrx_word' id='word_1_343' title='bbox 1152 3777 1186 3827; x_wconf 84' lang='lat' dir='ltr'>iri</span> <span class='ocrx_word' id='word_1_344' title='bbox 1200 3794 1273 3827; x_wconf 89' lang='lat' dir='ltr'>eom-</span> 
     </span>
     <span class='ocr_line' id='line_1_68' title="bbox 770 3857 1272 3922; baseline -0.01 -12"><span class='ocrx_word' id='word_1_345' title='bbox 770 3858 974 3922; x_wconf 79' lang='lat' dir='ltr'>motumharum</span> <span class='ocrx_word' id='word_1_346' title='bbox 987 3857 1171 3908; x_wconf 84' lang='lat' dir='ltr'>calamitatum</span> <span class='ocrx_word' id='word_1_347' title='bbox 1185 3875 1272 3909; x_wconf 86' lang='lat' dir='ltr'>recor-</span> 
     </span>
     <span class='ocr_line' id='line_1_69' title="bbox 771 3935 1271 4007; baseline -0.006 -18"><span class='ocrx_word' id='word_1_348' title='bbox 771 3939 892 4001; x_wconf 84' lang='lat' dir='ltr'>datione,</span> <span class='ocrx_word' id='word_1_349' title='bbox 910 3955 1021 4007; x_wconf 81' lang='lat' dir='ltr'>quesne</span> <span class='ocrx_word' id='word_1_350' title='bbox 1037 3935 1131 3998; x_wconf 80' lang='lat' dir='ltr'>Achivi</span> <span class='ocrx_word' id='word_1_351' title='bbox 1145 3935 1271 4005; x_wconf 79' lang='lat' dir='ltr'>quidem,</span> 
     </span>
     <span class='ocr_line' id='line_1_70' title="bbox 770 4014 1272 4081; baseline -0.004 -11"><span class='ocrx_word' id='word_1_352' title='bbox 770 4017 853 4070; x_wconf 84' lang='lat' dir='ltr'>cladis</span> <span class='ocrx_word' id='word_1_353' title='bbox 867 4030 1001 4081; x_wconf 89' lang='lat' dir='ltr'>auctores,</span> <span class='ocrx_word' id='word_1_354' title='bbox 1016 4017 1071 4066; x_wconf 90' lang='lat' dir='ltr'>sine</span> <span class='ocrx_word' id='word_1_355' title='bbox 1084 4014 1200 4067; x_wconf 87' lang='lat' dir='ltr'>lacrimis</span> <span class='ocrx_word' id='word_1_356' title='bbox 1211 4034 1272 4068; x_wconf 66' lang='lat' dir='ltr'>nar«.</span> 
     </span>
    </p>
   </div>
   <div class='ocr_carea' id='block_1_16' title="bbox 0 0 1376 4586">
    <p class='ocr_par' dir='ltr' id='par_1_18' title="bbox 0 0 1376 4586">
     <span class='ocr_line' id='line_1_71' title="bbox 0 0 1376 4586; baseline 0 1"><span class='ocrx_word' id='word_1_357' title='bbox 0 0 1376 4586; x_wconf 95' lang='lat' dir='ltr'> </span> 
     </span>
    </p>
   </div>
  </div>
 </body>
</html>
