2656 4592
329 305 563 372 AENEIDOS
587 308 738 376 LIBER
761 315 823 377 IV.

1031 307 1090 410 5't7

57 420 208 514 lidcipite
219 424 303 506 haec,
317 430 537 516 meritumque
549 432 641 498 malis
653 433 812 500 advertite
825 460 961 522 numen,

55 532 99 594 Et
111 550 237 597 nostras
249 532 360 598 audite
372 559 497 623 preces.
511 538 543 602 Si
556 555 688 625 tangere
700 559 815 628 portus

58 636 237 702 infandum
249 657 360 727 caput,
374 663 412 706 ac
424 644 519 707 terris
530 643 651 707 adnare
664 669 797 715 necesse
811 668 875 730 est;
926 671 927 676 ’

56 745 98 807 Et
111 746 156 808 sic
170 745 234 809 fata
248 747 338 811 Jovis
350 765 507 834 poscunt3
519 748 573 813 hic
585 751 744 815 terminus
757 750 873 819 haeret:

56 853 98 914 At
110 850 199 914 bello
211 850 344 917 audacis
356 854 471 941 populi
483 871 616 919 vexatus
629 872 662 920 et
672 858 786 936 armis,

1050 869 1095 925 645

88 1027 141 1072 611.
157 1032 249 1073 evertite
261 1029 343 1085 multi;
357 1031 399 1077 sed
415 1030 516 1079 alienum
533 1050 545 1078 a
562 1032 607 1079 loci
621 1039 743 1081 sententia.
760 1036 860 1099 Accipite
878 1037 940 1084 lroec:
955 1043 1098 1106 animumque

57 1096 123 1142 mah's
133 1097 244 1144 excludite
256 1104 323 1146 tontis
335 1101 373 1146 ed.
385 1103 445 1149 Ven.
462 1102 491 1148 ab
507 1103 680 1165 interpolatore.
694 1105 819 1152 -613.1.
836 1123 917 1169 corpus
932 1109 1025 1172 Menag;
1036 1128 1071 1174 pr.
1085 1129 1098 1158 e

54 1168 140 1229 glossa.
153 1178 175 1214 et
192 1177 208 1214 t.
221 1171 324 1216 Perrhae.
336 1197 368 1206 -
377 1173 431 1229 614.
447 1175 480 1219 Et
494 1178 526 1220 sie
544 1175 604 1221 bene
621 1177 700 1222 Heius.
717 1180 833 1240 reposuit,
845 1167 1018 1240 optimis'codd.
1030 1185 1100 1228 etiam

55 1243 169 1288 Pierienis
183 1245 330 1299 auctoribus,
343 1248 411 1291 etiam
422 1247 497 1292 Nonio
510 1259 532 1294 et
543 1248 677 1294 Macrobio:
689 1248 758 1311 vulgo
771 1251 802 1294 Et
816 1253 842 1294 si.
856 1251 933 1295 Heius.
947 1254 1009 1313 conj.
1027 1253 1055 1296 ld
1069 1256 1096 1298 si.

53 1311 82 1355 ln
94 1327 130 1372 pr.
141 1314 250 1359 Rottend.
263 1331 307 1377 pro
320 1333 368 1363 var.
379 1315 433 1363 lect.
445 1330 507 1364 erat:
524 1319 556 1363 Et
565 1322 587 1364 si
595 1319 650 1382 fata
662 1330 743 1383 petunt
758 1323 835 1367 lovis:
846 1320 881 1366 ln'e
892 1330 915 1365 et
929 1330 944 1366 t.
956 1322 1049 1368 -615.
1067 1323 1100 1368 Et

54 1379 116 1426 bello
124 1381 212 1428 Medie-
225 1399 278 1428 am.
291 1402 327 1447 pr.

96 1488 108 1513 Χ

51 1524 234 1580 intellexeram
244 1551 249 1580 :
260 1531 295 1581 ei.
308 1531 371 1596 xil,
391 1532 455 1598 646,
473 1546 499 1585 et
516 1535 553 1584 sie

51 1605 112 1655 fere
127 1604 230 1659 Servius
242 1612 328 1679 primo
341 1611 409 1662 loco.
426 1613 462 1662 At
478 1615 553 1663 Pom·

52 1703 119 1755 pon.
130 1683 189 1737 Sub.
201 1688 293 1739 Manes
302 1689 397 1741 Sielioei
406 1701 487 1742 vocat.
496 1694 552 1744 Nec

51 1776 144 1814 tamen
156 1764 249 1833 video,
263 1767 327 1838 quid
340 1781 425 1833 vetet,
440 1772 498 1822 deos
514 1770 552 1821 ul·

51 1855 121 1896 tores
131 1843 220 1898 Elinoe
231 1850 361 1918 accipere.
371 1879 407 1888 -
416 1851 449 1900 61
458 1867 478 1900 r.
498 1850 553 1901 Ad·

50 1923 150 1993 eipite,
163 1925 304 1988 advertite,
314 1929 403 1979 audite
413 1928 446 1980 de
458 1929 552 1981 eadem

52 2022 92 2054 re.
115 2023 212 2057 numen
228 2018 359 2073 vestrum,
371 2006 398 2058 h.
416 2007 439 2059 ε.
454 2011 506 2059 vim
520 2027 551 2058 ac

49 2095 214 2154 potestatem
230 2085 341 2138 deorum
356 2089 502 2139 inferorum
513 2088 552 2138 nl·

48 2163 170 2215 eiseendi
191 2165 291 2231 melos,
313 2168 438 2218 advertite
454 2166 531 2219 malis
541 2205 550 2232 ,

50 2257 147 2296 contra
162 2247 298 2316 improbos
311 2261 337 2300 et
352 2250 448 2318 impios
460 2249 552 2318 Troja-

47 2342 116 2389 nos,
128 2326 265 2391 meritum,
279 2329 378 2398 quippe
391 2330 436 2399 qui
449 2347 552 2380 merue-

50 2416 115 2454 runt
125 2417 240 2456 vestrum
247 2424 354 2471 numen,
362 2407 391 2457 h.
405 2428 427 2460 e.
435 2427 551 2478 poenam,

47 2504 69 2536 a
82 2482 132 2534 diis
144 2484 275 2536 mulorum
289 2486 420 2538 ultoribus
434 2488 552 2560 infligen-

50 2564 124 2616 dam.
141 2565 300 2636 Exquisitior
312 2569 380 2618 ratio
393 2586 473 2637 quam
489 2569 558 2633 illa,·

50 2644 184 2695 aduertene
205 2645 307 2710 vultus,
326 2665 419 2711 eures,
431 2648 551 2712 animos,

52 2736 83 2775 ut
95 2723 171 2774 ovid.
183 2726 243 2775 Vlll
252 2727 314 2777 Met.
328 2727 388 2794 482.
542 2719 544 2723 ¹

89 2803 140 2854 612
154 2821 211 2874 sqq.
229 2804 357 2857 Eximiarn
373 2819 456 2878 poetae
469 2820 552 2860 artem

52 2886 81 2934 in
93 2883 283 2953 subjungendis
300 2886 437 2952 dimonis,
455 2889 551 2957 quibus

50 2964 141 3014 AEneae
154 2962 222 3025 lata,
235 2974 296 3030 post
306 2964 447 3016 adventum
461 2969 489 3016 in
503 2967 553 3018 lta·

50 3044 132 3104 liam,
159 3057 220 3090 mox
248 3053 398 3111 temporum
423 3047 554 3096 seriorum

51 3131 163 3172 eventus
185 3118 309 3190 bellaque
326 3121 394 3171 inter
409 3122 504 3172 Poenos
527 3134 554 3173 et

50 3201 187 3251 Romanos
192 3212 277 3270 gesta,
285 3201 421 3270 ingeniose
431 3202 559 3263 intexuit,-

52 3294 83 3332 ut
91 3291 166 3332 tanto
174 3280 257 3350 magis
265 3279 435 3350 popularium
443 3297 552 3332 suorum

51 3361 156 3412 animos
180 3358 328 3410 adverteret
347 3371 373 3410 et
391 3358 551 3421 deleotnret;

45 3444 107 3510 jam
118 3439 164 3492 alii
172 3438 305 3491 viderunt.
319 3441 444 3491 Dirurum
455 3457 518 3490 vero
527 3452 552 3490 et

52 3521 275 3588 imprecationum
293 3519 401 3568 omnino
417 3521 553 3570 inventum

51 3611 79 3650 et
92 3615 170 3649 usum
186 3616 202 3649 a
213 3599 299 3668 poetis
315 3597 412 3648 Grecis
434 3600 553 3668 aceepit,

50 3679 186 3748 inquibus
199 3681 323 3750 frequens
339 3692 393 3743 est,
403 3691 496 3749 utpote
511 3697 554 3730 ve·

50 3759 220 3812 hementibns
234 3759 375 3813 affectibus
389 3759 457 3811 bene
471 3760 552 3809 inser·

51 3840 136 3890 viens.
146 3841 273 3910 Exempla
284 3840 346 3892 vide
356 3859 398 3910 ap,
410 3837 530 3892 Cordum.

88 3918 139 3970 612
148 3919 249 3985 -614,
260 3919 328 3971 Ante
339 3919 513 3971 oeulosfnere
521 3937 552 3970 ex

50 3999 154 4070 Oilyss.¹
162 4021 169 4049 ι
176 4037 183 4062 ,
191 3999 240 4053 532
250 3999 393 4070 seqqdirae
399 3998 553 4076 Polyphemi

601 1536 628 1584 in
638 1535 755 1606 Ulyssem
766 1557 771 1583 :
787 1534 874 1584 Ἀλλίἵ
883 1533 902 1584 ei
909 1536 1031 1604 peip'ieei.
1045 1551 1095 1589 etr.

601 1614 764 1666 Gravitatem
782 1616 908 1664 orationis
922 1627 986 1665 notu
999 1618 1027 1666 in
1042 1613 1101 1668 ver·¹

601 1694 641 1745 bis
658 1695 781 1766 singulis,
795 1705 836 1756 ut,
855 1694 999 1763 Infandum
1019 1708 1100 1766 capnt

600 1793 650 1843 pro
659 1792 732 1836 eum,
746 1773 817 1824 terris
826 1770 937 1837 atinate,
948 1791 996 1843 pro
1008 1793 1098 1844 perve-

600 1855 657 1904 nire
668 1851 702 1903 ad
718 1851 829 1902 ltaliam.
851 1868 908 1920 sup.
930 1852 954 1914 l,
973 1851 1032 1904 538.
1047 1852 1098 1904 leue

598 1934 680 2006 pauci
701 1932 787 1984 vestris
804 1931 958 1984 adnavimus
976 1931 1034 1983 oris.
1056 1932 1099 1983 ln'e

601 2009 831 2074 remansione,
844 2021 892 2061 est.
910 2007 981 2061 Serv.
994 2012 1041 2062 «Si
1051 2011 1100 2062 lioe

600 2102 636 2144 est
645 2086 809 2142 immutabile
816 2109 825 2147 ,·
837 2091 962 2157 quoniam
975 2109 1100 2161 agrorum

600 2171 705 2224 termini
715 2169 815 2223 moveri
824 2173 968 2238 nequeunt.
983 2170 1099 2221 «Melius

601 2249 638 2299 sic
648 2249 791 2299 constitues
803 2269 808 2297 ι
821 2259 847 2298 et
856 2248 878 2298 si
888 2266 933 2310 eo,
944 2247 971 2297 h.
981 2267 1004 2299 e.
1015 2249 1042 2299 in
1050 2251 1101 2300 ltu-

599 2325 677 2390 liam‚
697 2328 813 2377 fatorum
831 2337 856 2376 et
876 2343 994 2377 errorum
1012 2328 1100 2378 AEneae

601 2409 742 2458 terminum
752 2425 783 2457 ac
793 2405 885 2471 linem,
904 2409 1044 2476 pervenire
1058 2409 1101 2458 AE·

601 2505 678 2538 neam
690 2486 771 2538 fatale
791 2485 955 2551 est5l1oeret‚
976 2485 1054 2538 lixum
1074 2498 1101 2538 et

602 2566 763 2618 destinatum
786 2578 833 2616 est.
862 2565 959 2618 Saltem
984 2565 1036 2617 hoe
1066 2565 1100 2618 ab

602 2664 726 2717 agrorum
743 2646 861 2697 terminis
879 2647 1004 2715 petitum
1017 2645 1100 2698 verbo

600 2727 759 2778 Lucretiuno
777 2725 822 2776 tib.
842 2726 891 2788 Vl,
908 2725 950 2778 65.
962 2722 1045 2795 finita
1056 2744 1102 2795 po·

601 2818 674 2861 testas
686 2807 798 2878 denique
816 2806 912 2877 cuique
928 2807 1050 2875 Quanam
1068 2807 1103 2858 sit

601 2887 702 2938 ratione
713 2897 793 2956 atque
800 2881 852 2935 alte
861 2885 986 2935 terminus
993 2884 1099 2935 lioerens.

636 2965 801 3018 615-621.
827 2964 961 3014 Revocata
982 2975 1043 3011 sunt
1066 2962 1101 3014 atl

602 3044 650 3096 hes
665 3043 738 3093 diros
757 3061 802 3105 ea,
823 3059 880 3110 quae
897 3040 943 3091 lib.
957 3042 1005 3090 Vll
1024 3059 1099 3111 seqq.

602 3134 797 3185 memorantur,
815 3120 916 3172 bellum
928 3138 987 3171 cum
999 3121 1099 3174 Latinis

603 3212 629 3250 et
641 3201 718 3250 sociis
730 3199 850 3263 Rutulis,
863 3201 950 3250 AEneae
964 3201 1098 3269 profectio

602 3279 636 3330 ad
644 3279 805 3343 Evandrum,
812 3278 902 3330 anxilii
910 3278 1017 3349 petendi
1026 3298 1099 3330 eaus-

602 3377 640 3423 sa,
648 3357 742 3409 relicto
750 3360 778 3408 in
787 3360 879 3410 eastris
887 3359 1010 3423 Ascanio,
1021 3373 1100 3429 quern

602 3442 703 3493 interea
712 3452 849 3510 oppugnat
858 3440 963 3490 Turnus
974 3457 1034 3490 eum
1044 3459 1098 3491 ma·

602 3540 654 3592 gno
671 3521 849 3589 Troianorum
868 3532 964 3590 strage.
986 3519 1100 3590 Reliqua

602 3621 618 3653 a
636 3619 660 3651 v.
676 3600 727 3652 618
744 3599 779 3651 ad
793 3611 905 3650 mortem
921 3599 1008 3650 AEneae
1025 3617 1099 3670 spec·

601 3694 671 3743 tunt;
682 3698 797 3749 nemque
808 3681 830 3730 is
839 3681 926 3744 tertio,
939 3691 968 3730 ut
978 3670 1098 3750 plerique

601 3761 726 3824 tradunt,
739 3778 755 3812 a
765 3758 865 3811 loedere
876 3777 936 3810 eum
945 3759 1044 3810 Latinis
1055 3778 1098 3810 an-

601 3860 652 3907 no,
669 3858 761 3912 pugna
775 3857 835 3891 eum
851 3838 994 3910 Tyrrhenis
1012 3840 1098 3902 foeta,

602 3923 629 3971 in
650 3921 773 3971 Numisio
788 3918 894 3968 flumine
916 3916 1003 3987 periit.
1026 3918 1097 3967 conf.

603 4017 661 4070 sup.
674 4000 699 4064 1,
720 3998 766 4050 261
787 4015 827 4068 sq.
845 4007 871 4047 et
889 3995 998 4046 Excurs.
1016 3996 1098 4047 Iliad

879 4085 920 4136 35.
