2724 4580
234 290 295 378 161
363 252 417 358 .’
478 290 512 355 1.
537 268 1022 353 vmmmiulnoms

230 425 387 505 Personat
398 430 522 492 aurata,
536 410 650 476 docuit
661 429 734 498 quac
745 424 917 470 maxumus
929 401 1027 465 Atlas.

232 525 296 592 Hic
307 525 394 590 canit
406 535 568 586 errantem
580 518 706 592 lunam,
720 511 865 598 solisque
876 507 1024 583 lahores;

142 709 144 714 ¹
230 625 329 696 Unde
342 628 515 694 hominum
528 643 645 711 genus,
660 636 693 683 et
704 615 867 707 pecudes3
880 609 970 676 uude
985 607 1105 686 imber,
1120 622 1154 670 et
1165 602 1270 695 ignem

230 739 421 812 Arcturum,
434 729 628 820 pluviasque
641 722 787 813 Hyadas,
801 719 1016 810 geminosque
1029 713 1186 791 Triones3

263 922 316 986 741.
335 919 411 966 docuit
426 931 493 980 quem
510 913 596 960 Medic.
611 927 665 958 cum
674 921 740 972 parte
750 905 819 954 codd.
833 907 912 951 lleins.
922 919 967 950 nec
978 917 1026 949 non
1035 903 1153 948 Romanus
1163 917 1217 948 eum
1226 902 1274 950 aliis
1329 936 1337 952 .
1349 905 1350 934 ἲ

230 993 351 1040 Pierianis.
363 990 436 1033 Etiam
448 986 555 1038 Servius3
571 997 623 1045 quoe
639 978 778 1042 legendum,
790 991 839 1021 non
849 990 923 1039 quem.
934 975 1010 1020 docuit
1019 988 1088 1036 qtmm
1102 965 1177 1018 Graes.
1193 970 1273 1016 Atlans

230 1065 359 1118 Romanus,
372 1071 396 1106 et
407 1060 439 1104 sic
449 1053 546 1102 Mentel.
559 1077 590 1089 -
600 1051 652 1114 742.
665 1051 787 1111 Scripsisse
796 1046 923 1092 nonnullos
935 1048 966 1100 is,
982 1047 1072 1091 Pierius
1081 1054 1170 1088 monet.
1183 1042 1276 1087 Scilicet

232 1131 266 1178 hic
278 1133 329 1194 ejus
340 1129 393 1174 loco
404 1128 513 1191 positum.
531 1125 607 1185 Atque
627 1123 645 1166 is
657 1120 753 1183 quidem
770 1117 865 1178 (lopas)
883 1117 946 1160 canit
958 1127 1002 1161 etc.
1012 1139 1044 1150 -
1060 1111 1112 1174 743.
1130 1111 1190 1156 unde
1206 1127 1275 1174 penus
1349 1173 1350 1176 Ἰ

231 1193 344 1247 hominum
355 1207 378 1244 et
387 1196 500 1261 pecudum
508 1219 540 1229 -
550 1192 632 1238 Hamb.
648 1208 683 1253 pr.
695 1188 803 1252 pecudes,
815 1203 887 1250 aqua,
899 1184 969 1229 imber
976 1192 1000 1229 et
1011 1187 1025 1228 i.
1036 1182 1073 1229 cd.
1083 1183 1144 1227 Ven.
1157 1179 1207 1226 scil.
1218 1196 1276 1244 aqua
1349 1223 1350 1230 ,

230 1287 259 1318 er
270 1269 352 1331 glossa.
365 1276 388 1312 et
399 1269 454 1330 iqnts
466 1267 541 1326 Sprot.
554 1275 577 1309 et
587 1259 696 1307 hottend.
707 1269 759 1304 tert.
776 1265 799 1302 et
806 1257 916 1320 pecudes,
926 1269 996 1318 penus
1007 1253 1065 1297 unde
1071 1252 1179 1314 ferarum
1190 1251 1275 1294 Medic.

229 1342 309 1386 Pierii.
321 1337 417 1400 2744.
434 1335 570 1398 Plt'odusqne
588 1331 683 1391 Hyadas
699 1329 779 1392 plures
791 1345 828 1390 ap.
842 1329 937 1381 Heius,
950 1338 972 1371 et
989 1324 1037 1369 duo
1049 1323 1117 1368 Goth.
1134 1321 1276 1384 Plyudasque
1349 1371 1350 1374 Ἴ

150 1442 152 1446 -
231 1409 314 1468 hyades
324 1409 361 1454 ed.
374 1410 434 1453 Ven.
444 1405 596 1466 Pleiadasque
605 1399 943 1460 Parrhas.,scilicetquoniam
952 1394 1008 1440 alias
1019 1391 1165 1455 Plemdcsque
1173 1392 1275 1450 Hyades·
1349 1430 1350 1444 ,

230 1495 273 1544 que
280 1481 348 1542 jungi
357 1477 442 1525 norant
450 1480 511 1539 (sup.
522 1477 605 1536 Georg.
616 1474 634 1519 l.
650 1470 699 1518 138.
710 1469 777 1516 lliad.
788 1486 814 1520 s,
825 1467 878 1524 486.
891 1465 959 1512 ovid.
998 1477 1028 1511 et.
1040 1464 1104 1518 xm,
1119 1461 1163 1523 293
1171 1463 1193 1520 ):
1204 1463 1273 1508 invito
1349 1520 1350 1532 χ

229 1561 319 1603 metro,
336 1548 442 1610 planem
456 1549 506 1590 AEn.
521 1546 565 1600 111,
577 1542 635 1598 516,
650 1542 692 1586 ubi
703 1540 766 1585 idem
777 1553 857 1585 versus
871 1539 960 1583 recurri
976 1570 983 1593 ,
1004 1545 1081 1580 actum
1091 1531 1216 1586 videmus3
1230 1529 1273 1576 vid.
1349 1543 1350 1546 ¹

231 1618 310 1664 Heins-
321 1618 351 1664 ad
364 1636 384 1664 e.
394 1617 411 1662 l.
423 1626 549 1679 septemque
562 1616 642 1660 onnes
651 1610 777 1672 hamburg.
787 1608 854 1655 alter.

232 1767 312 1818 affert
323 1764 512 1839 Pomponius.)
528 1765 651 1816 crinitus.-
664 1781 728 1833 pro·
775 1761 909 1814 Atlantem
915 1757 1274 1824 evicinisMauritaniaemon·

230 1847 305 1916 prius
329 1849 350 1898 is
372 1845 579 1898 citharoedorum
601 1842 727 1904 habitus,

181 1916 184 1921 ’
232 1941 336 1976 comam
370 1926 465 1987 alere;
505 1923 574 1975 forte
596 1920 728 1991 Apollinis

231 2004 360 2074 exemplu
369 2004 526 2056 Traduxisse
536 2015 625 2053 tamen
634 2018 665 2051 ex
672 2001 725 2050 suis

231 2084 396 2152 temporibus
409 2083 443 2134 ad
455 2095 545 2134 vetera
553 2079 658 2131 videtur
671 2079 729 2128 Vir·

232 2160 318 2231 gilius.
330 2172 470 2234 personat,
484 2161 556 2212 canit
567 2157 669 2210 cithara
681 2175 727 2224 ea,

233 2258 292 2312 qnoe
324 2242 439 2306 docuit,
476 2243 609 2293 cecinerat
637 2238 729 2308 prior,

232 2319 315 2394 Atlas.
325 2320 366 2373 Sic
378 2323 465 2390 poetis
474 2338 581 2383 sonare,
593 2331 620 2370 et
630 2318 730 2380 docere,

234 2395 357 2451 nntoim.
379 2398 505 2450 Praeclare
519 2409 545 2467 et
555 2395 608 2447 hoo
621 2394 655 2446 ad
665 2395 731 2444 'illo-

234 2493 294 2526 rum
328 2490 494 2548 temporum,
525 2477 621 2545 quibus
646 2476 731 2524 omnis

235 2551 405 2624 philosophia
429 2567 530 2605 naturae
553 2554 731 2623 qualicunque

236 2633 460 2702 contemplatione
473 2633 673 2696 continebatur,
692 2651 733 2684 ra-

236 2713 733 2784 tiones,quodcarminisargumentum

237 2809 268 2842 ex
280 2793 453 2863 cosmogonia
472 2803 499 2852 et
513 2811 544 2843 ex
562 2790 677 2862 physicis
689 2791 735 2861 pe-

237 2872 314 2924 titum
335 2884 382 2922 est.
401 2871 482 2938 Quod
489 2884 584 2923 nutem
599 2871 734 2922 Atlantem

238 2962 330 3000 cantus
349 2953 504 3022 magistrum
515 2952 595 3018 facit,
614 2950 734 3004 fabulam

238 3029 348 3099 alicujus
355 3043 440 3101 poetae
446 3030 529 3081 Graeci
538 3031 735 3099 exquisitiorem

237 3107 440 3173 retlolet,veluti
451 3107 524 3178 quod
533 3107 624 3159 Eetvl
632 3107 734 3160 Silenus

206 3239 208 3242 ,
237 3186 348 3257 physica
357 3187 479 3240 docebat.
491 3187 592 3238 Atlanti
598 3187 678 3258 vulgo
690 3189 735 3239 tri·

237 3265 304 3317 buta
324 3265 440 3332 siderum
456 3267 553 3318 notitia
574 3285 604 3317 ac
625 3266 732 3335 sphaerae

237 3345 382 3395 inventum.
408 3347 442 3396 cf.
467 3347 554 3416 lntpp.
579 3345 657 3397 ovid.
688 3347 730 3396 IV.

237 3421 301 3473 Met.
319 3424 367 3476 631
389 3438 457 3476 etc:
478 3425 512 3476 ad
530 3424 654 3495 Apollod.
668 3427 730 3476 Not.

238 3519 264 3571 p.
278 3503 327 3553 681
342 3521 381 3573 sq.
392 3503 464 3556 Idem
481 3505 549 3554 inter
562 3507 662 3574 primos
674 3504 733 3573 phi·

239 3581 366 3650 losophos
401 3597 553 3636 recensetur
575 3603 592 3635 e
614 3585 733 3654 Diogene

239 3661 324 3714 Laert.
338 3665 365 3714 in
377 3683 486 3734 prooem.
497 3665 666 3733 Quamquam
677 3664 733 3716 haec

240 3744 329 3793 omnia
341 3742 375 3793 ad
392 3743 477 3794 solum
494 3745 660 3794 astronomiae
681 3755 734 3793 stu·

238 3819 313 3872 diurn
329 3824 422 3874 referri
438 3834 558 3891 possunt.
578 3820 644 3871 Cum
656 3822 734 3892 lopas

237 3902 347 3972 Tyrius,
359 3921 429 3954 nunc
441 3903 552 3964 Poenus,
573 3899 734 3953 citharoedus

239 3980 405 4036 nduceodus
427 3992 495 4032 esset
507 3999 524 4030 a
534 3991 632 4053 poeta,
659 3993 734 4034 acute

777 1841 848 1892 tibus
855 1850 992 1891 auctorem
1002 1838 1158 1899 carminum,
1172 1852 1274 1904 quaeca-

777 1931 869 1984 neret,
889 1922 913 1971 ei
925 1919 1068 1971 arcessivit.
1088 1914 1221 1964 maximus
1229 1913 1276 1962 At-

776 1998 820 2051 las.
827 1999 956 2063 mavul,
966 1997 1014 2049 136
1020 1990 1274 2056 murmurium,-

775 2077 893 2130 aetherios
905 2077 1014 2128 humero
1026 2073 1075 2146 qui
1088 2071 1201 2124 sustinet
1209 2087 1273 2120 axes.

776 2158 822 2209 Est
835 2170 923 2209 autem
939 2148 1093 2225 simpliciter
1109 2151 1212 2202 dictum
1228 2166 1275 2219 pro

778 2227 897 2310 magnus.
909 2233 1072 2287 Sic'maxima
1084 2233 1166 2282 Juno.
1178 2242 1205 2282 et
1217 2225 1275 2281 alia.

816 2315 975 2386 741-746.
999 2313 1139 2362 Errantem
1160 2307 1275 2372 lunam,
1349 2333 1350 2336 ¹

779 2417 829 2468 pro
843 2395 913 2447 lunae
924 2411 1019 2444 errores
1034 2409 1081 2443 seu
1093 2407 1195 2442 cursus.
1213 2386 1277 2440 Solis
1349 2429 1350 2436 ,

780 2475 893 2552 laborm,
904 2473 1038 2537 defectus,
1048 2487 1195 2539 eorumque
1205 2484 1277 2520 caus·

780 2573 831 2608 sas.
844 2554 940 2624 Georg.
951 2554 990 2616 Il,
1002 2551 1063 2621 478.
1079 2549 1206 2618 Defectus
1220 2544 1277 2598 solis

781 2635 865 2686 varim
887 2632 1009 2704 luneque
1029 2626 1134 2680 labores.
1153 2627 1278 2679 Attamen

781 2713 847 2766 Solis
857 2712 955 2764 labores
969 2723 995 2763 et
1006 2711 1057 2780 ipsi
1071 2707 1105 2760 de
1124 2725 1205 2759 cursu
1217 2705 1278 2758 solis

784 2795 868 2864 accipi
881 2804 1001 2863 possunt.
1014 2789 1098 2840 imber
1106 2798 1133 2837 et
1144 2787 1236 2858 lynce,
1252 2786 1278 2837 h.

783 2894 805 2926 e.
828 2872 949 2944 fulgura,
979 2890 1011 2922 ex
1031 2868 1142 2920 nubium
1169 2867 1278 2920 afflictu.

782 2954 908 3005 Amiano
936 2950 1014 3003 stella
1037 2949 1126 3019 posita
1148 2949 1176 2998 in
1205 2950 1278 3020 signo
1349 2993 1350 3016 ζ

783 3035 885 3096 Bootae,
906 3044 933 3084 et
944 3031 1049 3101 Hyades
1058 3027 1140 3079 stellae
1151 3029 1180 3078 in
1192 3030 1279 3080 fronte
1349 3021 1350 3032 ¹

782 3114 872 3164 Tauri.
886 3112 920 3162 cf.
932 3109 1003 3162 Serv.
1015 3106 1087 3160 adh.
1098 3105 1116 3156 l.
1125 3107 1283 3178 pernicique

785 3191 904 3242 Triones:
918 3201 979 3240 sunt
990 3187 1080 3239 Helice
1090 3198 1116 3237 et
1127 3185 1279 3256 Cynosura,

781 3271 850 3320 Ursa
860 3271 946 3338 major
958 3280 984 3318 et
996 3267 1096 3332 minor,
1108 3265 1220 3317 teriones
1227 3265 1278 3330 ,'h.

782 3367 804 3399 e.
815 3348 915 3414 boves,
929 3347 1005 3398 dictae
1017 3345 1057 3414 (v.
1073 3343 1108 3396 ad
1117 3343 1215 3415 Georg.
1229 3346 1264 3394 111
1271 3379 1280 3407 ,

782 3427 862 3499 381),
889 3428 952 3497 quia
970 3426 1004 3477 ab
1028 3425 1144 3493 antiquis
1166 3422 1281 3474 homini-

781 3505 831 3558 bus
849 3506 898 3556 sub
917 3506 1012 3568 bourn,
1029 3506 1093 3574 jugo
1111 3504 1281 3571 junctorum,
1349 3503 1350 3508 ’

781 3586 869 3636 forma
896 3585 984 3635 sidera
1010 3582 1066 3634 haec
1087 3581 1282 3652 comprehensa

783 3666 864 3716 fuisse
882 3664 1006 3715 videntur
1016 3685 1023 3725 ;
1047 3661 1111 3712 hinc
1123 3661 1238 3729 iisdem,
1256 3671 1282 3713 et
1349 3667 1350 3718 l

784 3743 916 3795 interdum
935 3744 1031 3812 majori
1052 3743 1125 3792 Ursae
1148 3741 1216 3806 soli,
1237 3739 1282 3810 (ut

783 3821 876 3894 Odyss.
895 3842 922 3882 s,
937 3823 1017 3894 273),
1035 3821 1165 3871 tributum
1183 3836 1281 3872 nomen

784 3900 883 3968 ἅμαξα,
890 3899 1052 3972 plaustrum5
1066 3913 1092 3950 et
1099 3899 1163 3951 hinc
1176 3901 1280 3963 Bootes,

785 3983 830 4051 qui
854 3980 969 4049 deiude,
990 3983 1119 4034 Ursarum
1141 3981 1235 4033 formis
1257 3989 1281 4031 et
