2694 4574
336 294 570 359 AENEIDOS
594 296 746 360 LIBER
770 295 795 360 I.
878 285 881 290 ¹

59 417 152 480 Prima
163 412 256 504 quod
269 413 311 480 ad
324 416 458 505 Trojam
469 439 530 504 pro
543 419 624 482 caris
637 435 779 506 gesserat
790 421 899 509 Argis.

60 520 205 586 Necdum
218 522 318 584 etiam
330 543 451 585 caussae
464 523 585 586 irarum
597 525 739 612 saevique
751 524 882 591 dolores

60 626 242 692 Exciderant
253 628 382 706 anim03
395 643 505 690 manet
517 629 580 691 alta
592 637 704 692 mente
715 647 883 718 repostum

58 732 212 831 Judiciupt
227 731 366 810 Paridis,
380 727 564 821 spretaeque
576 733 693 822 injuria
706 735 836 814 formae,
849 803 851 808 ,

59 840 94 902 Et
104 861 200 926 genus
213 838 373 916 invisum,
386 854 418 902 et
430 839 514 925 rapti
527 838 725 926 Ganymedis
738 839 896 906 honores:

60 946 110 1008 His
120 945 259 1010 adcensa
271 966 384 1031 super,
394 943 531 1031 jactatos
545 965 677 1031 aequore
690 960 760 1008 toto

58 1052 162 1130 Troas,
175 1050 331 1137 reliquias
343 1052 494 1113 Danaum
505 1064 604 1137 atque
617 1049 750 1114 immitis
764 1049 881 1114 Achilli
887 1099 898 1130 ‚-
972 1091 974 1096 ·
1054 1067 1084 1116 tu

57 1217 128 1262 dubito
144 1217 265 1262 Maronem
277 1215 347 1261 fuisse
363 1214 507 1261 sublaturum
524 1232 602 1263 versus
615 1217 651 1263 ²3.
664 1216 699 1273 24.
711 1241 742 1252 -—
753 1215 788 1272 ali.
805 1217 873 1281 Apris
888 1218 974 1265 Medic.
991 1227 1084 1284 pesserr't

56 1289 127 1333 Moret.
139 1305 178 1350 qu.
187 1289 263 1350 primo
276 1289 353 1332 Jortin
362 1289 456 1348 (Traets
464 1289 491 1330 T.
502 1288 524 1330 ll
533 1305 556 1350 p.
568 1304 608 1350 ¹77
619 1291 626 1346 )
639 1288 716 1334 reddit
726 1305 732 1333 τ
741 1291 863 1350 princeps,
873 1290 927 1335 dux.
939 1317 971 1326 -
981 1294 1017 1338 25.
1028 1307 1083 1339 nec-

57 1359 150 1420 dumjam
160 1358 241 1419 fragm.
251 1358 336 1402 tioret.
349 1361 445 1420 soevique
453 1356 539 1403 labores
549 1359 617 1403 Pierii
629 1359 732 1420 longob.
743 1369 796 1404 cum
805 1359 894 1422 aliquot
900 1359 951 1406 aIIIs
957 1375 985 1406 ex
994 1362 1083 1424 vulgari

56 1432 220 1490 permutatione.
235 1427 276 1474 scd
285 1427 372 1474 dolores
381 1428 477 1490 proprie
489 1431 575 1474 irarum
587 1431 693 1491 inprimis
702 1429 859 1476 muliebrium.
871 1431 901 1476 ci.
912 1434 989 1478 Burm.
1001 1459 1033 1469 -
1043 1435 1081 1480 26.
1105 1443 1107 1448 ⁴

55 1502 178 1546 Exctilerent
186 1517 247 1546 unus
259 1500 325 1545 leid.
337 1503 360 1544 in
372 1504 434 1546 inter
446 1499 494 1546 atta
504 1514 526 1546 et
540 1510 612 1546 mente
618 1505 666 1564 jam
680 1503 769 1548 Pierius
780 1501 911 1547 sustulerat.
921 1527 953 1537 -
966 1503 1001 1550 28.
1014 1508 1084 1566 raptis

55 1572 146 1614 Ilum-
153 1585 224 1634 penus
234 1573 329 1614 mulsum
337 1569 366 1613 ad
375 1569 447 1615 solam
454 1572 538 1616 Priami
550 1575 685 1632 progeniem
694 1572 781 1617 referre
790 1571 890 1617 malebat
902 1570 997 1634 aliquis:
1005 1575 1088 1620 uescio'

54 1657 95 1704 quo
106 1656 156 1686 cum
168 1641 255 1685 Iructu.
265 1665 295 1675 -
304 1639 340 1684 30.
359 1649 426 1704 atque
437 1640 527 1702 aliquot
538 1644 563 1686 in
572 1642 641 1688 codd.
652 1643 723 1687 abest.
736 1659 757 1688 v.
775 1643 884 1687 Pierium.
897 1640 984 1686 Achilli
993 1642 1081 1688 Medic.

54 1713 130 1774 altique
137 1729 174 1774 ap.
184 1713 246 1757 Pier.
258 1723 281 1756 et
289 1713 378 1768 licius,
390 1711 519 1774 quevade
528 1711 566 1758 bie
577 1725 600 1758 et
609 1713 639 1757 ad
652 1729 694 1758 rao
704 1725 727 1758 et
739 1713 768 1758 ad
777 1712 824 1758 Ecl.
835 1714 902 1768 VIII,
913 1729 950 1774 7⁰·
960 1714 1007 1758 sive
1017 1713 1082 1775 quod

54 1796 144 1838 veteres,
156 1785 304 1844 grammatica
316 1783 420 1828 nondum
430 1787 483 1828 sutis
493 1787 625 1840 constituta,
635 1787 666 1830 ita
676 1785 805 1840 flexerunt,
815 1787 862 1831 sive
873 1801 901 1830 ex
911 1783 1030 1840 Achileus,
1040 1802 1083 1847 pro

54 1853 152 1910 Achillei,
166 1855 232 1916 quod
248 1855 396 1900 verisimilius
405 1872 411 1910 3
423 1857 468 1900 nisi
478 1857 510 1900 sic
524 1855 673 1900 scribendum
686 1868 742 1901 erat.
755 1857 808 1901 Erat
817 1858 853 1901 vir
863 1854 958 1911 doetus,
968 1859 1008 1918 qui
1018 1855 1081 1902 hunc

54 1945 133 1973 versum
142 1943 184 1990 pro
194 1929 275 1988 spurio
284 1927 391 1972 habebat.
402 1929 456 1972 Mox
466 1945 487 1974 v.
502 1926 531 1983 ἀι
547 1927 605 1973 Oilei
614 1931 639 1972 tn
651 1928 715 1974 Med.
732 1940 766 1973 est
775 1926 827 1973 Oili.
839 1926 883 1971 Ini.
896 1942 939 1972 220
950 1939 984 1973 est
996 1928 1082 1974 Oronti.
1140 1973 1143 1980 ,

53 2012 99 2042 nam
106 1998 133 2043 ab
142 1995 241 2042 Achilles
253 1997 337 2042 frustm
350 1997 435 2043 ducere
445 1997 471 2042 id
482 1999 647 2043 Grammaticos
657 2009 724 2059 puto.
734 1996 811 2058 Vulgo
828 1997 851 2042 h.
867 1996 883 2040 l.
893 1994 995 2042 Achiuis.

52 2148 119 2200 addit
129 2167 154 2200 v.
167 2166 200 2218 29
212 2149 262 2201 His
273 2167 379 2200 aceensa
390 2168 481 2220 super,
494 2167 539 2200 su·
590 2151 681 2200 Caussa
699 2147 796 2219 duplex
819 2148 881 2198 iroe:
902 2157 975 2215 rapto
996 2147 1084 2214 Gany·

52 2247 94 2298 per
101 2241 198 2291 cetera,
210 2230 334 2297 insuper,
346 2229 424 2279 etiam
434 2228 474 2277 bis
487 2228 538 2278 sibi
588 2226 798 2280 mededolebam:
808 2226 1083 2294 Formaquoqueldaeo

52 2310 123 2358 Iactis
134 2309 234 2376 injuriis
246 2306 423 2368 inflammata,
436 2307 540 2356 arcebat
584 2307 674 2376 judice
686 2305 754 2356 vieta
766 2322 824 2354 mea
835 2313 879 2354 est.
892 2303 1014 2353 Ceterum
1027 2321 1085 2354 ver·

53 2387 134 2438 Troas.
143 2386 263 2437 Aliorum
275 2387 449 2454 interpretum
459 2386 538 2448 ratio,
588 2403 632 2436 sus
643 2397 682 2438 cst
692 2403 723 2436 ex
731 2383 914 2434 ornatissimis.
921 2411 954 2419 -
961 2399 1002 2450 ²7·
1012 2400 1087 2451 spre-=

52 2478 77 2514 ut
87 2465 115 2515 id
124 2475 238 2515 metuens
251 2481 310 2514 eum
321 2476 405 2514 antec.
419 2453 557 2513 audierat*
589 2475 621 2516 tce
631 2465 728 2536 itcjuria
735 2463 832 2533 formoe
842 2461 974 2530 adjectum
987 2460 1021 2513 ad
1035 2461 1084 2512 de-

52 2547 136 2614 iuugas
144 2581 152 2607 ,
160 2546 308 2594 orationem
317 2541 538 2595 efficitelurnbem
588 2546 743 2598 claraudum
752 2543 847 2613 judicii
855 2542 986 2594 indolem.
997 2553 1085 2612 spreta

52 2621 541 2694 etlanguidam.Anaeoluthumagnos·
582 2623 693 2694 forma,
717 2635 756 2674 est
775 2623 887 2690 ,luponis
910 2620 1082 2691 pulchritudo

52 2721 105 2753 cere
117 2705 197 2754 satius
209 2713 292 2764 esset,
305 2699 352 2751 sed
363 2717 470 2750 necesse
484 2717 538 2750 non
587 2702 779 2775 pulchritudini
791 2701 900 2752 Veneris
913 2699 1066 2769 posthabita
1079 2723 1087 2764 ς

52 2796 98 2846 est,
121 2783 221 2844 alioqui
243 2783 329 2852 possit
353 2793 434 2850 poeta
453 2780 539 2832 videri

52 2863 156 2915 mutasse
164 2876 325 2914 structuram
332 2861 423 2931 paullo
436 2859 536 2921 durium

53 2959 105 2990 cum
114 2941 277 3014 pergendum
288 2952 371 2991 esset:
386 2939 414 2989 id
424 2949 539 2990 metuens

53 3019 115 3068 luno
125 3033 195 3072 —et
208 3037 309 3070 memor
314 3017 378 3070 belli
388 3048 423 3056 —
434 3029 461 3068 et
470 3036 540 3069 caus·

51 3115 130 3149 sarum
152 3100 291 3164 eto-24.
318 3099 421 3169 prima,
450 3099 537 3166 prius,

52 3176 117 3228 olim.
129 3198 152 3228 v.
166 3180 201 3230 ad
213 3199 238 3230 v.
260 3196 281 3228 t.
300 3198 316 3230 a
327 3179 430 3230 Jortino
451 3177 540 3227 Tracts

52 3257 94 3308 To.
106 3261 128 3309 ll
138 3279 165 3330 p.
183 3277 239 3329 172.
253 3257 390 3310 redditur:
404 3258 536 3327 princeps.

51 3336 191 3389 duit—26.
218 3338 313 3387 Manet
336 3346 464 3406 repostum
486 3353 536 3404 pro

51 3417 157 3486 vulgari,
178 3430 218 3469 est
243 3418 388 3486 repositum
404 3417 431 3466 in
448 3415 536 3466 animo

50 3492 109 3558 ulte,
125 3496 266 3566 profunde.
288 3493 473 3564 Comparauda
490 3511 536 3544 au·

8 3599 10 3604 ¹
50 3587 96 3626 tem
114 3595 172 3630 cum
190 3576 232 3628 his
248 3576 390 3628 Homerica
406 3571 439 3623 lt.
453 3593 485 3633 u,
503 3572 536 3624 25

588 2796 628 2848 et,
642 2779 860 2852 quandoquidem
867 2779 894 2830 id
902 2780 1085 2830 cumlunonis

587 2863 684 2930 injuria
695 2862 808 2922 factum,
821 2858 1000 2928 boeplenius:
1013 2876 1086 2928 spre-

587 2941 721 3011 toeformoe
734 2937 929 3008 injurie—28.
945 2938 1032 2988 Genus
1042 2937 1082 2986 in·

587 3021 685 3082 vitum,
702 3030 812 3088 propter
824 3014 992 3079 Dardanum,
1008 3016 1082 3066 Iovis

587 3111 613 3150 ct
624 3099 748 3160 Electrae,
759 3095 874 3166 pellicis,
885 3095 944 3145 filiae
953 3095 1084 3156 Atlantis,

586 3177 685 3241 lilium,
698 3196 714 3228 a
727 3193 779 3245 quo
792 3175 900 3242 Trojaui
913 3174 1014 3224 ducunt
1026 3173 1082 3223 ori-

587 3258 682 3329 giuem.
696 3257 765 3308 Sero.
776 3274 800 3305 v.
812 3255 872 3305 Exc.
886 3256 922 3303 Vl
932 3254 967 3305 ad
976 3254 1021 3311 lib.
1034 3257 1078 3310 ΙΙΙ.

587 3337 657 3407 rapti
669 3341 711 3401 (v.
725 3337 782 3386 AEn.
793 3337 830 3395 V,
846 3333 912 3405 255)
923 3334 1081 3402 Ganymedis

587 3414 708 3478 bonores,
721 3414 895 3464 ministerium
904 3413 1079 3482 poculorum,

586 3494 620 3548 ad
633 3492 705 3563 quod
715 3489 879 3562 Ganymedes
889 3503 980 3560 raptus
990 3494 1079 3548 adore

586 3586 707 3642 receptus
724 3583 777 3634 est,
790 3583 892 3621 remota
903 3571 992 3637 Hebe,
1007 3573 1082 3625 Serv.

49 3683 79 3691 -
93 3654 134 3706 30.
150 3657 273 3707 Formam
293 3651 461 3707 adumbravit
479 3652 537 3704 Sta·
620 3669 653 3719 ²9
671 3679 705 3688 -
724 3651 766 3702 33.
785 3649 835 3701 His
857 3667 963 3702 accensa
985 3670 1077 3722 super,

49 3737 94 3784 tius
115 3734 198 3787 Theb.
215 3737 241 3798 l,
262 3735 327 3799 246,
346 3733 393 3786 ubi
415 3735 534 3802 Jupiterz
583 3735 698 3802 insuper.
716 3744 745 3782 ut
766 3734 799 3782 sit
814 3733 956 3799 junctura:
978 3733 1012 3784 Id
1026 3751 1078 3785 me·

47 3814 206 3882 nequeenim
218 3831 315 3864 arcano
327 3813 357 3864 de
371 3822 473 3882 pectore
477 3809 536 3880 fal-
583 3823 706 3863 tuens-
724 3828 917 3882 memorque—
928 3820 956 3860 et
972 3811 1078 3880 insuper

47 3887 87 3938 lux
100 3891 225 3943 Tantalus
235 3897 339 3943 etsoevti
347 3891 426 3961 periit
436 3890 535 3962 injuria
584 3889 623 3941 Itis
638 3909 758 3954 accensa,
774 3891 884 3940 arcebat.
901 3906 925 3938 v.
944 3888 978 3938 ad
994 3907 1018 3938 v.
1033 3887 1074 3939 25.

44 3984 140 4023 mense.
158 3973 227 4023 Hine
242 3969 322 4024 ovid.
338 3971 439 4026 Festos.
453 3971 489 4024 vl
500 3969 535 4038 43
583 3967 706 4043 reliquias
715 3971 856 4036 Danaum,
867 3987 883 4020 a
893 3967 993 4022 nantis
1005 3965 1074 4020 stab

113 4074 137 4114 a·
479 4049 482 4056 ’
882 4053 900 4126 Ι5
