2694 4574
217 293 253 342 ta
338 342 341 348 ,
529 263 872 350 u'tsQulstho
895 267 912 336 1

214 397 438 474 Romanorum
450 411 566 471 seusu,
579 390 699 480 quibus
711 391 766 456 ille
775 391 951 473 scrihebat,
966 408 1015 460 est
1026 392 1259 486 dijudicandas
1337 405 1338 452 ἑ

215 505 290 589 lpse
310 521 422 564 rernm
440 513 643 562 narratarum
661 518 764 562 nexus
785 521 862 563 cum
881 499 979 565 rebus
993 503 1162 582 Romanis,
1181 503 1256 566 anid
1337 489 1338 514 ³

214 607 276 670 mis
304 603 440 693 quidem
467 604 626 667 revocatis
653 602 695 666 ad
721 625 832 668 earum
858 606 999 694 origines
1024 624 1058 671 ct
1081 606 1127 672 ad
1142 610 1258 696 gentis
1337 653 1338 698 1

185 773 190 783 ,
215 713 353 800 stirpes:
370 710 471 775 altera
485 732 524 772 ex
538 726 630 796 parte
643 708 792 798 subjecta
803 727 960 799 tanquam
971 711 1093 776 fundus
1108 715 1254 776 narratio
1337 719 1338 724 ’

216 811 408 900 Homerica,
424 815 478 880 cui
494 831 620 902 partem
635 815 787 879 carminis
806 817 857 880 sui
876 833 1132 904 superstrueret,
1148 819 1258 882 altera
1337 883 1338 886 ,

158 994 161 999 ,
183 987 185 991 .
216 945 256 984 ex
272 921 464 1009 antiquitate
485 919 592 984 Italiae.
605 920 707 1006 petita
719 944 725 982 :
736 985 738 990 ,
749 943 814 1008 qua
831 937 864 984 et
880 923 907 988 is
931 921 1179 1001 delectabatur,
1195 923 1256 1010 qui

216 1029 344 1112 Graecas
363 1026 472 1090 literas
488 1023 663 1104 didicerat,
680 1042 712 1090 et
725 1026 755 1090 is
768 1027 826 1114 qui
840 1027 962 1092 Italicis
974 1027 1165 1092 tenebatur:
1182 1025 1256 1090 haec

216 1134 326 1200 omnia
334 1181 346 1212 ,
359 1149 515 1220 quantam
529 1130 732 1218 voluptatem
746 1131 869 1196 afferre
881 1133 1027 1196 Maronis
1038 1131 1258 1220 popularibus

216 1256 304 1310 certe
316 1237 427 1304 saculi
438 1237 596 1324 Augustei
610 1234 774 1300 debuere!

249 1345 333 1426 vn.
352 1341 475 1422 Rerum
498 1341 633 1429 quidem
657 1340 925 1408 ,inaenandamm
943 1342 1074 1406 landem
1097 1342 1259 1429 Virgilius.

214 1448 314 1521 hahet
325 1446 506 1512 admodum
518 1445 682 1512 diversam
690 1446 731 1510 ab
744 1449 906 1529 Homero,
920 1471 984 1514 nec
993 1459 1103 1514 tamen
1112 1448 1255 1528 nullam,

217 1571 273 1620 aut
295 1550 583 1619 contemnendam.
610 1553 673 1618 Hic
698 1553 868 1618 materiam
891 1569 1004 1619 nactus
1033 1569 1102 1616 erat
1126 1569 1263 1616 tantum*

216 1657 442 1738 nonrudem3
463 1657 517 1720 ille
539 1657 608 1745 jam
631 1657 784 1722 simultis
811 1673 990 1726 tractatam.
1015 1659 1179 1722 Homerus
1207 1658 1260 1720 fa·-

217 1786 304 1829 mam
324 1777 512 1849 acceperat,
527 1781 612 1848 ,quac
624 1782 676 1824 res
695 1777 852 1850 tanquam
872 1784 949 1828 vere
966 1778 1073 1850 gestas
1090 1785 1176 1827 cum=
1188 1761 1260 1825 fide

217 1884 382 1946 narraret,
395 1864 527 1930 easdem
541 1865 726 1942 multorum¹
735 1883 908 1954 poetarum
924 1869 1063 1955 ingeniis
1074 1873 1260 1932 ornataset'

217 1975 371 2050 variatas,
391 1988 548 2058 tanquam
568 1965 753 2050 materiem,
775 1973 810 2035 in
826 1995 891 2062 qua
905 1972 952 2035 illi
968 1995 1003 2036 se
1024 1989 1256 2052 exercuerant,

218 2078 372 2168 Virgilius
398 2077 651 2164 accipin-novo
676 2099 769 2141 more
797 2101 835 2142 ac
863 2077 1003 2143 'consilio
1033 2077 1261 2156 tractandam,

217 2183 282 2248 alia
300 2199 407 2262 aetate,
426 2183 513 2246 inter
530 2181 610 2248 alios
632 2181 798 2261 homines,
822 2181 1063 2272 hominumque
1079 2205 1198 2248 sensus
1226 2199 1263 2250 et.

215 2288 340 2380 judicia
372 2288 511 2352 diversa.
540 2288 689 2356 Alterum
706 2277 783 2352 cum
802 2309 842 2355 a·
866 2310 1070 2375 comparem,
1088 2290 1144 2378 qui
1170 2311 1263 2352 veras·

219 2394 363 2461 historiae
390 2393 637 2466 exornationem
667 2393 820 2479 suscipit,
846 2393 987 2459 alterum
1014 2417 1089 2474 cum
1120 2393 1264 2458 Milesiae·

219 2498 413 2572 narrationis
447 2513 590 2564 auctore.
627 2497 756 2563 Scilicet
786 2498 950 2564 Homerus
981 2498 1015 2564 id
1050 2497 1190 2586 agebat,
1203 2506 1205 2512 '
1220 2513 1264 2562 uu

222 2604 442 2668 narrationem
456 2604 641 2668 institueret
652 2603 700 2666 rei
712 2625 752 2666 ex
763 2623 823 2668 sua
831 2605 988 2692 opinione
997 2627 1035 2670 ac
1046 2603 1262 2692 persuasione

221 2735 299 2776 vere
320 2713 365 2776 ita
384 2717 499 2799 gestae,
522 2711 615 2798 cujus
634 2710 860 2798 magnitudine
874 2728 1064 2780 vcontactam
1082 2728 1114 2776 et
1132 2710 1261 2776 inflam-

221 2821 342 2882 matam
372 2816 515 2884 habebat
543 2832 716 2894 mentem,
734 2817 871 2906 propius
901 2817 1082 2904 attingebat
1109 2833 1262 2904 tempora

222 2922 372 3000 heroica,
396 2923 500 3008 ipsam
521 2942 632 3002 rerum
654 2921 774 2989 famam
794 2921 1147 3012 sequebatur„qualis·
1161 2945 1201 2986 ea
1225 2923 1263 2986 in

222 3027 432 3116 popularium
448 3047 504 3089 ore
517 3024 697 3106 ferebatur,
711 3030 892 3116 quumipsc
902 3043 1090 3115 temporum
1101 3026 1267 3094 decursus·

224 3124 334 3200 omnia
355 3133 389 3194 in
407 3129 510 3218 majus
534 3131 696 3210 auxisset,
718 3150 774 3212 ret,
797 3134 890 3197 utin
913 3131 1076 3221 majorum
1104 3133 1197 3200 factis
1228 3149 1268 3196 et

225 3241 324 3329 prisci
342 3231 403 3301 aevi
419 3234 518 3301 rehus
539 3235 611 3313 fieri
636 3239 736 3318 solet,
765 3238 914 3313 humana.
934 3238 1023 3308 facte
1049 3235 1095 3304 ad
1117 3236 1266 3304 divitiam

226 3513 285 3546 rum
297 3495 498 3563 atcu'nqaesatis
510 3494 616 3565 facere,
636 3515 718 3568 quam
767 3490 1263 3566 tum,etvarictatemmapispulclrram,

226 3573 308 3636 solida
327 3571 415 3622 haberi
426 3591 479 3624 aaa
495 3574 602 3645 possint.
618 3574 647 3629 Si
663 3573 724 3646 qun,
767 3571 1265 3645 anamalrutaanoecomplacere,quam

226 3652 297 3724 anim
306 3667 362 3717 pgm
374 3651 475 3706 acatius
485 3652 659 3721 introspiciat,
664 3649 719 3724 fir·
769 3653 797 3704 in
805 3654 966 3724 naturazipsa
973 3663 1033 3723 post,
1041 3657 1138 3723 lapsam
1152 3653 1271 3722 reperire
1337 3693 1338 3698 ,

227 3749 300 3794 anum
318 3748 349 3780 ex
364 3732 435 3801 poesi
454 3732 568 3784 sumitur
584 3750 723 3803 argaman,
765 3733 853 3800 possit:
878 3733 1041 3802 Quapropter
1063 3745 1135 3784 etc.»
1161 3731 1270 3803 Dignus

227 3820 297 3874 tram,
314 3810 523 3881 magnitudinem
539 3827 624 3862 reram
638 3809 725 3881 magis.
767 3813 838 3866 enim
858 3825 927 3864 totus
943 3811 1034 3868 -locus¹
1047 3826 1086 3866 est
1110 3813 1158 3882 qui
1178 3811 1270 3883 perles

228 3885 369 3964 illustrem,
383 3887 505 3943 ordiaem‘
520 3889 602 3957 magis
617 3888 725 3966 pensae,
768 3904 854 3962 gatus,
