2690 4594
221 280 286 365 Μ
474 284 509 346 Ρ.
532 280 764 345 VIRGILII
788 280 1020 346 MARONIS

222 407 257 473 Si
272 405 405 497 quando
417 405 592 496 Thybrim,
606 405 780 493 vicinaque
792 402 972 494 Thybridis
983 411 1080 484 arva,
1160 411 1163 418 '
1239 418 1279 464 50³

222 516 368 591 Intraro,
382 513 537 601 gentique
549 533 632 575 meae
645 509 720 574 data
731 511 853 574 moenia
864 531 1013 576 cernam:

223 621 386 708 Cognatas
398 618 489 683 urbis
501 617 594 695 olim,
609 617 817 705 populosque
830 618 1052 706 propinquos,

223 727 340 815 Epiro,
355 727 528 814 Hesperia,
542 723 679 812 (quibus
692 721 781 788 idem
794 722 966 820 Dardanus
978 739 1112 801 auctor,

223 836 331 922 Atque
343 830 433 895 idem
447 834 556 915 casus)
569 853 669 894 unam
681 830 839 894 faciemus
851 846 1026 919 utramque

222 938 358 1027 Trojam
370 937 497 1002 animis.
510 939 644 1000 Maneat
657 953 786 1000 nostros
799 958 837 1000 ea
849 958 927 1000 eura
939 952 1092 1023 nepotes.
1239 947 1276 992 50⁵

267 1042 485 1108 Provehimur
497 1041 614 1130 pelago
627 1042 734 1105 vicina
746 1043 906 1105 Ceraunia
913 1042 1023 1131 juxta:

221 1147 321 1212 Unde
334 1149 396 1212 iter
407 1147 549 1225 Italiam,
563 1168 745 1236 cursusque
757 1146 968 1212 brevissimus
982 1144 1094 1210 undis,
1188 1173 1195 1181 ·

221 1254 278 1318 Sol
291 1254 357 1317 ruit
369 1254 507 1332 interea,
521 1268 554 1317 et
566 1268 696 1318 montes
709 1252 905 1318 umbrantur
916 1254 1023 1342 opaci.
1073 1269 1084 1279 “
1119 1314 1121 1318 .

221 1429 342 1476 inferiora.
351 1455 382 1466 -
395 1431 446 1478 500.
463 1432 499 1476 Sic
512 1447 535 1494 q.
552 1430 621 1478 Goth.
631 1443 685 1477 tert.
697 1440 721 1476 et
729 1433 802 1476 vulno
810 1431 901 1477 witta
913 1448 949 1493 pr.
959 1447 990 1476 m.
1002 1456 1035 1466 -
1048 1432 1103 1476 502.
1120 1429 1276 1493 Coqnatosque

222 1513 276 1546 ante
292 1501 386 1558 Heius„
402 1501 443 1547 sed
453 1517 498 1565 quc
507 1502 587 1548 abente
597 1519 608 1547 a
621 1502 690 1548 codd.
701 1515 824 1548 monuerat
832 1503 881 1564 jam
890 1502 988 1547 Pierius.
1000 1503 1043 1564 qui
1050 1499 1147 1562 aliquot
1157 1501 1238 1546 lleins.
1248 1523 1276 1533 -

222 1569 276 1616 503.
288 1571 354 1634 Epin'
362 1571 427 1617 Voss.
442 1571 512 1634 Epiro
521 1572 654 1634 Hesperium
665 1572 753 1618 Medic.
765 1572 825 1617 Gud.
840 1589 852 1616 a
862 1587 893 1616 m.
903 1588 940 1634 pr.
955 1570 1003 1617 duo
1013 1572 1102 1616 Moret.
1112 1587 1151 1632 pr.
1165 1567 1276 1615 Rottcnd.

220 1652 247 1686 et
262 1639 350 1686 Zulic'h.
368 1641 403 1686 An
421 1639 482 1686 olim'
491 1641 536 1687 fuit
553 1643 646 1705 Eprium
651 1676 658 1698 ,
670 1644 814 1706 Hesperiam,
822 1642 834 1686 Ρ
842 1667 873 1677 -
885 1640 1024 1706 populosque
1035 1641 1150 1686 voramus
1161 1643 1240 1702 Sprot.
1249 1665 1277 1674 -

221 1711 275 1756 505.
295 1712 406 1773 Ttirjanit.
417 1712 453 1756 M.
466 1710 525 1757 alter
537 1711 704 1774 llamburg.-
719 1711 771 1758 506.
788 1713 831 1758 Vir
843 1711 925 1758 doctus
941 1713 1069 1757 Britannus
1085 1709 1184 1756 volebat
1200 1722 1277 1756 versut

221 1780 275 1826 506.
288 1781 332 1841 ⁵⁰7
352 1778 468 1826 collocare
484 1793 537 1842 poet
556 1784 617 1836 5203
635 1797 767 1845 repugnare
782 1783 844 1828 enim
857 1785 918 1828 inter
927 1798 967 1838 se,
979 1781 1046 1844 quod
1058 1792 1174 1842 provecta
1187 1779 1277 1824 dicatur

185 1900 190 1908 ,
220 1849 299 1896 classis
312 1862 421 1896 ettamen
432 1864 486 1894 mox
495 1850 572 1896 adbuc
585 1855 611 1897 in
622 1852 691 1898 litore
706 1865 818 1899 moretur.
828 1853 857 1898 At
868 1853 916 1899 vid.
930 1864 980 1898 not.
995 1849 1145 1898 provatum
1155 1849 1225 1894 Leid.
1238 1863 1276 1892 un.

222 1920 270 1966 vid.
281 1935 333 1982 sup·
344 1938 365 1968 v.
376 1937 413 1984 7²·
423 1945 456 1956 ·-
465 1921 517 1968 508.
529 1931 551 1967 et
559 1922 626 1969 deest
636 1922 708 1968 Wall.

221 2066 290 2126 rori;
303 2077 333 2115 ut
348 2066 433 2133 jama
448 2065 600 2118 Burmanno
620 2068 723 2138 exposi—
770 2067 894 2140 procedit
914 2069 989 2140 prius
1016 2065 1169 2118 membrum
1191 2081 1277 2132 nsque

221 2157 278 2196 tum
289 2143 377 2196 video.
773 2148 808 2201 ad
821 2149 909 2221 Atque
922 2149 991 2200 idem
1007 2165 1098 2204 casem
1112 2158 1143 2196 ut
1159 2145 1212 2208 sit,
1224 2161 1276 2193 cer·

258 2228 351 2280 500-
360 2225 419 2280 505.
435 2228 573 2299 Ingeniose
586 2240 667 2299 poeta
682 2229 722 2280 al·
772 2249 834 2280 nam
847 2230 978 2293 monnio,
994 2229 1123 2300 Coqnatas
1140 2225 1217 2276 urbes
1226 2241 1277 2293 po-

221 2305 290 2358 ludit
301 2306 335 2358 ad
347 2325 397 2370 ea,
411 2325 468 2377 quae
480 2307 573 2378 paullo
586 2321 646 2360 ante
659 2328 722 2362 eve·
768 2307 898 2380 polosque
914 2308 1086 2378 propinquos.
1103 2304 1189 2374 Atqui
1200 2305 1240 2353 sie
1253 2314 1278 2352 et

221 2400 325 2438 nerant.
354 2389 416 2437 Post
444 2406 563 2459 pugnam
585 2389 722 2440 Actiacam
771 2402 904 2440 structura
920 2403 946 2441 et
962 2389 1095 2439 sententia
1108 2385 1138 2435 lit
1153 2385 1277 2454 asperior

221 2467 384 2517 Octavianus
412 2466 558 2537 Nicopolin
585 2468 722 2534 condidit,
772 2481 817 2522 aut
829 2469 912 2521 nulla.
926 2469 1051 2539 Hesperia
1069 2466 1166 2538 quibus
1177 2477 1206 2515 et
1215 2483 1279 2534 pro-

222 2547 366 2596 contractis
389 2547 416 2595 in
437 2565 495 2598 eam
518 2547 721 2610 Acarnanibus,
768 2549 882 2620 pinques
896 2549 979 2620 Epiro
993 2550 1110 2618 jungtmt
1123 2545 1187 2608 alii,
1202 2542 1277 2614 quod

222 2642 335 2693 eamque
353 2623 467 2674 liberam
484 2637 510 2675 et
527 2637 667 2696 cognatam
687 2629 723 2678 ci·
770 2647 880 2699 prorsus
897 2631 961 2680 ferri
980 2629 1081 2697 nequit.
1101 2625 1192 2676 Etiam
1213 2626 1277 2674 Bur-

220 2705 331 2756 vitatem
340 2721 398 2756 esse
405 2705 491 2772 jussit.
501 2711 526 2755 i.
543 2707 651 2757 Excurs.
663 2707 722 2759 ΧΠ]
770 2727 883 2766 mannus
896 2709 1011 2761 illustrat
1021 2706 1164 2759 Dardanus
1176 2705 1276 2774 Hespe·

222 2780 296 2833 adh.
309 2783 327 2834 l.
338 2785 400 2836 Haec
411 2795 540 2854 tanquam
552 2785 585 2836 ab
597 2787 681 2838 AEn'ea
694 2790 722 2838 in
771 2791 811 2840 ria
822 2791 849 2841 h.
867 2811 889 2844 e.
908 2791 1036 2860 Hesperia
1055 2784 1224 2857 (Ἑσπσρᾶθεν.
1243 2787 1274 2836 cf,

222 2874 389 2915 antecessum
412 2866 558 2917 constituta
581 2883 721 2937 exponun·
769 2869 879 2940 Sere),
893 2870 966 2941 quod
975 2870 1064 2921 locum
1073 2866 1119 2918 hie
1128 2868 1172 2916 vix
1181 2865 1275 2917 habet.

221 2956 272 2994 tur.
295 2945 357 2996 data
368 2963 406 2998 se.
421 2947 478 2998 fato
496 2946 602 2998 muenia.
621 2965 646 2998 v.
661 2967 719 3019 sup.
770 2950 793 3000 A
804 2950 929 3001 Dardano
943 2961 1032 3000 autem
1043 2947 1176 3015 Trojanos
1191 2947 1276 2995 omni·

222 3022 281 3077 255.
294 3027 358 3076 Mox
374 3037 497 3098 coqnatas
513 3026 586 3078 urbes
598 3026 723 3098 populos-
770 3048 806 3080 no
828 3031 956 3101 originem
980 3027 1125 3090 habuisse,
1151 3024 1276 3094 adeoque

221 3122 273 3174 que
282 3104 445 3177 propinquos
452 3107 535 3178 Epiro
548 3117 574 3156 et
583 3107 721 3177 Hesperia,
772 3121 798 3160 et
808 3108 884 3172 illos,
896 3111 942 3178 qui
951 3108 1077 3177 Epirum,
1087 3105 1146 3155 scil.
1160 3103 1278 3154 Buthro-

219 3212 257 3223 -
272 3194 410 3256 utramque
423 3185 514 3236 retulit
535 3184 720 3256 adsequens,
771 3201 847 3256 tum,
872 3207 933 3240 cum
949 3187 1057 3249 ,Heleno
1083 3185 1233 3247 tenebant,
1252 3194 1278 3234 et

220 3280 271 3332 pro
286 3274 417 3336 utrosque,
432 3278 586 3335 exutraque
599 3267 719 3332 civitate,
770 3267 838 3332 hos,
852 3271 969 3339 quicum
985 3267 1069 3318 AEnea
1081 3264 1188 3316 ltaliam
1202 3277 1278 3335 pete·

219 3342 350 3394 Buthroto
375 3358 401 3397 et
427 3347 534 3410 Roma,
564 3365 579 3398 a
608 3347 719 3398 Lavinio
768 3349 945 3418 bont,'supra
957 3346 1070 3398 vidimus
1082 3363 1108 3395 v.
1124 3343 1182 3411 167.

221 3421 335 3474 oriunda
359 3422 493 3492 faciemus
513 3445 594 3476 unam
624 3428 720 3481 animis
805 3429 970 3482 506-511.
986 3423 1132 3494 Postquam
1143 3421 1278 3474 Buthroto

222 3501 336 3571 Trojam.
350 3501 467 3573 Populos
478 3505 573 3574 Epiro,
581 3506 719 3576 Hesperia,
768 3511 918 3572 solverant,
933 3505 1047 3580 legendo
1068 3507 1131 3556 litus
1148 3503 1182 3556 nd
1204 3523 1279 3555 mon-

220 3581 324 3650 acripio
355 3583 471 3652 populos
493 3583 520 3634 in
540 3585 621 3654 Epiro
641 3584 668 3635 h.
694 3607 717 3638 e.
768 3602 807 3641 tes
820 3589 966 3641 Ceraunios
986 3585 1148 3657 procedunt.
1162 3585 1214 3634 Hic
1228 3585 1277 3635 sub

219 3658 294 3729 Epiri
306 3671 332 3712 et
348 3662 490 3733 Hesperiae.
503 3663 584 3715 Vides
601 3683 642 3716 me
656 3683 720 3736 apo·
766 3681 873 3720 noctem
886 3665 1052 3718 descendunt
1069 3667 1097 3714 in
1120 3662 1203 3727 litus,
1224 3668 1278 3716 sci-

220 3739 298 3791 dosin
315 3754 378 3810 post
393 3760 498 3793 cernam
520 3745 608 3794 statim
628 3747 720 3814 auspi·
769 3747 847 3813 licet,
858 3759 901 3812 ut,
914 3765 975 3798 cum
984 3743 1130 3798 mutandus
1138 3746 1196 3812 jam
1207 3757 1279 3796 esset

220 3823 296 3888 cari,
319 3820 392 3890 quod
410 3824 466 3890 jam
489 3820 601 3872 Cordum
625 3826 720 3877 iecisse
770 3845 885 3892 cursus,
906 3837 1014 3877 ventum
1034 3823 1185 3875 secundum
1206 3827 1279 3876 exci-

221 3897 411 3950 animadverto.
427 3899 463 3948 Ut
480 3899 646 3952 Burmannus
658 3919 719 3974 pust
769 3908 853 3976 piant.
872 3905 1030 3956 umbrantur
1047 3921 1080 3954 ex
1098 3904 1220 3954 συὶσθιι
1235 3905 1277 3956 rel

220 3977 310 4028 Heint.
340 3995 401 4027 cum
421 3975 511 4029 Servio
538 3980 720 4052 interpunxit3
770 3984 912 4054 σκιὶξισθαι
934 3985 1087 4036 Homerico.
1111 3985 1147 4036 cf.
1163 3984 1216 4036 od.
1242 4005 1276 4050 γ,
