2718 4598
240 289 301 352 328
487 285 493 296 '
566 282 830 354 EXCURSUS
854 281 942 345 IV‘*

485 597 842 691 exeussus
877 557 1025 685 iver.

395 775 584 843 Palladium
597 800 619 840 a
633 771 793 839 Diomede
806 787 839 836 et
854 770 971 860 Ulyss'e
983 785 1122 856 raptum.

278 944 317 1005 ΙΙ,
342 936 493 1004 rbi-168.
527 933 636 1004 Tydides
659 961 693 971 -
712 929 888 1000 scelerumque
911 928 1030 979 inventor
1055 928 1162 993 Ulixes,
1189 929 1285 980 Fatale

243 1018 352 1092 oppressi
372 1025 470 1067 sacrato
489 1011 600 1064 avellere
620 1008 715 1078 templo
734 1006 903 1071 Palladium,
924 1007 992 1058 casis
1014 1023 1122 1056 summoe
1133 1008 1286 1058 custodibus

242 1098 324 1161 arcis,
340 1094 490 1165 Corripuere
505 1110 605 1143 socrum
622 1087 739 1160 effiqiem
752 1087 922 1158 manibusque
933 1085 1045 1136 cruentis
1065 1085 1093 1138 V
1091 1086 1209 1158 irqiueas
1227 1087 1286 1138 orosi

244 1177 311 1228 ‹liooe
325 1175 473 1244 continpere
485 1172 567 1222 vittas.
582 1170 768 1220 celebritatem
779 1167 861 1219 habet
871 1165 924 1218 hoc
937 1164 1073 1217 Diomedis
1086 1173 1115 1217 et'
1127 1166 1234 1238 Ulyssis
1246 1169 1287 1217 ia-

244 1256 319 1305 cinus
343 1251 528 1319 multo‘megis
550 1267 599 1318 per
616 1265 732 1318 gemmas
752 1245 862 1298 artificio
884 1244 987 1296 nobiles
1008 1263 1089 1314 quam
1110 1259 1285 1316 per'poetas.

243 1323 360 1385 Diversis
373 1330 458 1383 modis
470 1346 511 1382 res
525 1329 558 1380 eb
572 1331 603 1379 iis
613 1339 653 1380 est
662 1340 784 1389 nemete,
797 1326 916 1396 inprimis
930 1324 962 1376 de
980 1325 1042 1375 ortis
1055 1326 1127 1376 inter
1139 1319 1287 1395 utrumque¹

245 1415 304 1474 iris3
316 1431 375 1465 cum
387 1411 491 1481 Ulysses
503 1407 794 1471 DiomediPulladIum‚
810 1424 863 1476 quo
872 1405 975 1474 illejam
985 1407 1086 1476 potitus
1097 1395 1170 1472 erat,
1181 1409 1287 1475 eripere
1346 1431 1347 1442 ἢ

246 1493 338 1553 vellet3
354 1505 409 1541 tum
424 1508 487 1541 vero
503 1488 547 1539 hic
562 1490 652 1546 stricto
672 1505 733 1540 ense
752 1490 780 1538 in
799 1487 917 1557 Ulyssem
929 1487 1017 1549 irruit,
1039 1504 1155 1556 eumque
1177 1499 1242 1538 ente
1260 1504 1287 1536 se
1346 1481 1347 1498 ³

248 1575 317 1642 agit,
327 1590 360 1622 ne
369 1589 384 1621 a
392 1583 465 1640 tergo
475 1568 584 1620 insidias
592 1568 636 1619 ille
646 1568 819 1620 machinetur.
830 1586 854 1617 v.
866 1566 967 1616 Conon.
979 1568 1056 1616 Narr.
1068 1565 1111 1634 34.
1124 1578 1151 1618 et
1162 1565 1287 1618 Eustath.

247 1671 274 1721 p.
287 1651 351 1715 822,
368 1669 411 1719 19,
424 1668 472 1720 per
486 1648 635 1719 episodium
647 1660 770 1699 narratur
782 1666 799 1699 e
811 1647 910 1712 Quinto
922 1647 960 1711 X,
977 1645 1029 1696 350
1040 1661 1079 1714 sq.
1093 1643 1172 1695 Adde
1186 1644 1286 1695 Zenob.
1346 1705 1347 1712 ἵ

211 1755 212 1765 ¹
246 1733 276 1781 in
286 1727 410 1794 trepidius
422 1727 527 1793 ἀνάγκη,
542 1741 568 1780 et
580 1730 606 1778 in
618 1727 645 1778 h.
658 1746 683 1777 v.
693 1727 800 1791 Suides‚
814 1730 876 1778 item
887 1725 998 1796 Hesych.
1013 1723 1060 1773 ubi
1070 1747 1075 1774 :
1086 1725 1117 1775 ‘0
1125 1721 1150 1775 di
1159 1720 1288 1792 τὶιμιιρὲν

247 1805 340 1858 trulla
352 1808 362 1877 (
373 1826 409 1858 sc.
422 1805 537 1877 ypiiloe)
556 1803 595 1856 itti
609 1807 649 1860 oie
664 1808 708 1857 τοῦ
716 1805 852 1857 nonnullae
866 1806 949 1860 mouit
962 1801 1075 1867 periebat
1085 1801 1097 1870 (
1106 1821 1143 1855 sc.
1158 1797 1219 1868 quel
1225 1805 1244 1874 ).
1258 1803 1289 1852 Et

183 1911 185 1918 ¹
248 1885 301 1937 boo
315 1904 391 1946 νοτες
405 1904 465 1936 nam
476 1887 503 1935 io
517 1897 672 1954 argumento
692 1881 790 1940 ’letaldus
804 1885 888 1951 μικραῖς
910 1883 981 1954 npud
998 1883 1122 1956 Proclum
1138 1895 1180 1934 est
1198 1899 1288 1934 versus

249 1965 328 2017 irnem
339 1989 344 2016 :
358 1959 396 2014 uel
404 1960 469 2029 unt
479 1965 560 2014 rainu
570 1962 580 2031 (
592 1964 717 2035 Ulysses)
730 1961 769 2015 eir
782 1961 887 2029 Asopidos
902 1958 929 2014 ci
939 1965 1073 2014 Hemodos
1086 1963 1202 2030 ἰιαομίξυ
1212 1963 1240 2014 iu
1250 1963 1288 2015 et:

249 2044 326 2095 Ἰλίου.
340 2046 464 2118 Virgilius
477 2064 532 2095 rem
542 2057 644 2096 tanturn
656 2047 756 2116 attigit,
769 2047 807 2096 itu
818 2057 848 2094 ut
859 2063 908 2094 nec
920 2051 1063 2113 appareot,
1076 2053 1156 2113 quem
1165 2062 1197 2094 ex
1206 2043 1288 2112 pluri—

249 2122 300 2174 bus
312 2123 438 2175 narrandi
452 2123 537 2172 modis
556 2136 683 2193 sequutus
696 2121 739 2174 ille
758 2125 805 2183 sit;
819 2121 941 2173 videntur
958 2124 1056 2189 exejus
1074 2134 1165 2172 mente
1177 2134 1287 2191 uterque

251 2203 379 2273 templum
401 2202 526 2252 Minervae
551 2194 759 2272 esse'ingressus
782 2214 808 2252 et
830 2213 942 2271 uterque
965 2200 1086 2252 manibus
1108 2211 1286 2252 contrectasse

252 2283 337 2335 deam.
801 2271 803 2276 Ι
902 2289 905 2296 ’

287 2362 455 2425 nobilitavit,
473 2375 501 2412 ut
515 2362 583 2428 dixi,
599 2363 719 2414 fabulam
732 2380 788 2426 ars,
802 2379 861 2414 cum
879 2362 936 2414 aliis
951 2361 1089 2432 operibus,
1107 2373 1165 2411 tum
1177 2363 1287 2412 maxime

251 2443 368 2512 gemmis.
384 2441 524 2492 Praeiverat
536 2441 660 2513 Pytheos,
673 2443 792 2508 celator,
808 2442 893 2492 Plinio
908 2447 1029 2507 auctore,
1043 2440 1089 2492 lib.
1102 2443 1228 2505 XXXIII,
1247 2439 1285 2493 55.
1347 2463 1348 2502 t

252 2521 324 2588 cujus
341 2518 407 2568 tine
420 2520 504 2571 runcise
522 2521 553 2570 X.
568 2521 719 2572 venierunt:
741 2507 839 2590 Ulysses
857 2531 882 2571 et
896 2520 1033 2573 Diomedes
1048 2509 1125 2570 erant
1146 2519 1174 2570 in
1191 2517 1287 2590 phiale
1347 2513 1348 2530 ³

253 2595 421 2662 emblemate,
436 2598 590 2650 Palladium
602 2601 775 2670 surripientes.
785 2600 851 2651 Sunt
858 2598 1020 2671 anaglypha,
1030 2599 1109 2672 liujus
1124 2601 1287 2670 argumenti,

254 2679 414 2728 obscurioris
436 2691 523 2730 tamen
546 2681 636 2743 ieme,
655 2693 685 2731 ut
703 2683 731 2731 in
753 2680 923 2751 Sarcophago
944 2679 1016 2750 apud
1034 2679 1146 2732 (lorium
1166 2680 1286 2752 Inscript.

253 2758 355 2807 Etrusc.
368 2758 398 2807 T.
409 2757 444 2808 Ill
455 2759 509 2810 tab.
524 2758 565 2827 39.
578 2772 604 2810 et
620 2758 692 2829 apud
703 2761 860 2812 Bnonarroti
872 2756 883 2825 (
897 2757 1071 2812 Osservazioni
1083 2756 1206 2808 istoriole
1216 2773 1287 2826 sopra

253 2835 345 2888 alcuni
354 2836 520 2909 Meduqlioni
531 2837 647 2888 antichi:
661 2839 689 2888 in
701 2839 777 2890 titulo
795 2839 902 2910 operis)
915 2839 960 2908 qui
972 2837 1090 2907 Ulyssem
1103 2854 1165 2886 cum
1178 2835 1285 2886 Alcinoo

254 2914 371 2966 exhiberi
383 2916 509 2985 putabet,
523 2915 642 2967 adstante
655 2918 740 2970 Dione
752 2937 812 2969 cum
831 2935 946 2970 ancora:
960 2914 1144 2986 probabiliora
1162 2914 1251 2978 dicas,
1267 2915 1287 2963 si

256 2994 375 3066 Ulyssem
388 3014 448 3046 cum
457 2995 586 3046 Diomede
598 2995 631 3046 de
643 3009 721 3066 raptu
731 2997 842 3049 Palladii
854 2997 1046 3048 consultantem
1055 2992 1176 3045 exiriberi
1187 2992 1285 3053 dixeris;

255 3077 330 3127 navis
338 3077 461 3145 apposite
471 3077 604 3147 Ulyssem,
614 3089 694 3145 puto,
707 3077 825 3137 declaret
835 3097 866 3130 ex
874 3076 979 3130 artificis
990 3087 1089 3135 mente3
1103 3085 1194 3125 statua
1206 3086 1287 3128 autem

257 3153 401 3208 columellae
415 3158 539 3226 imposita
549 3158 572 3206 ei
586 3157 677 3208 similis
691 3175 748 3227 quoe
758 3159 785 3207 in
798 3159 906 3228 gemmis
918 3156 996 3225 hujus
1010 3156 1158 3228 argumenti
1169 3143 1286 3215 occurrit,

256 3254 351 3304 parum
363 3254 422 3286 curn
435 3235 486 3287 fide
500 3235 604 3287 reddita
614 3255 669 3290 esse
679 3237 792 3288 videtur.
806 3237 832 3288 Si
839 3238 924 3289 Diona
933 3249 985 3300 est,
997 3234 1142 3287 columellae
1153 3235 1285 3296 inslstens,

257 3315 351 3366 saltem
364 3335 453 3366 arcum
467 3329 556 3367 tenere
568 3315 653 3367 videri
670 3317 756 3367 debet.
774 3309 925 3368 Nobiliores
937 3309 1002 3388 'sunt
1014 3331 1135 3386 gemmae3
1150 3314 1223 3380 elic,
1235 3333 1286 3384 que

257 3407 341 3444 totam
354 3395 486 3461 fabulam,
498 3395 654 3446 Diomedem
668 3408 693 3446 et
703 3395 821 3465 Ulyssem
834 3409 894 3447 ante
906 3395 997 3465 templi
1010 3396 1080 3444 iores
1094 3394 1163 3443 inter
1178 3410 1204 3443 se
1215 3392 1286 3443 elter-

258 3488 347 3526 cantes
360 3475 392 3526 de
409 3475 542 3540 Palladio,
560 3475 633 3545 quod
650 3478 699 3525 iste
718 3494 798 3525 manu
817 3488 901 3541 tenet,
921 3474 1061 3527 exhibent:
1081 3475 1110 3523 in
1129 3490 1286 3543 quogenere

259 3555 382 3622 princeps
396 3565 434 3603 est
446 3553 581 3625 Sardonyx
599 3573 669 3604 nunc
681 3556 707 3604 in
720 3549 927 3625 Dactyliotheca¹
937 3555 1019 3604 Ducis
1029 3552 1231 3603 Marlburiensis
1242 3569 1287 3602 ser-

259 3642 348 3693 vatus,
360 3631 447 3681 verbis
459 3633 606 3702 insculptis.
617 3642 771 3698 Kaunoupnoo
784 3640 881 3700 Σιυκρον
891 3646 917 3686 et
929 3628 956 3683 in
968 3651 1016 3685 cra
1026 3631 1098 3696 Φιλιξ
1107 3650 1196 3702 cnossi:
1209 3631 1287 3701 (deli-

259 3721 352 3759 neatns
371 3707 414 3759 ille
426 3709 454 3758 in
466 3710 678 3779 splendidissimo
696 3728 791 3778 opere:
814 3713 928 3764 Gemmoe
943 3712 1062 3782 antique
1080 3701 1163 3760 Diocle
1174 3707 1286 3758 Moribu-

261 3786 350 3837 riensis
363 3786 408 3835 To.
420 3787 439 3836 Ι
446 3787 498 3836 tob.
512 3783 554 3855 39.
567 3792 669 3858 majore
679 3807 739 3839 cum
750 3788 801 3840 fide
815 3808 894 3859 quem
906 3793 933 3840 in
948 3789 1107 3841 Stoschieno
1121 3777 1202 3859 opere
1220 3789 1287 3850 Gem-

262 3883 365 3916 marum
385 3861 534 3914 celatorum
552 3868 605 3918 tab.
628 3865 662 3918 35
681 3879 726 3916 aut
739 3886 754 3918 a
765 3869 873 3920 Braocio
884 3869 939 3920 tab.
961 3867 994 3936 75
1008 3870 1026 3940 ).
1040 3866 1136 3918 Similis
1150 3865 1249 3918 aliaest
1263 3868 1286 3915 in

263 3936 353 4022 Museo
365 3943 477 4000 Florent.
490 3947 529 4013 11,
543 3948 588 4015 28,
604 3965 625 3998 1.
638 3947 702 4000 Alite
713 3954 819 4018 gemme
833 3950 914 4020 modo
926 3949 1084 4002 Diomedem
1098 3947 1200 4013 solum,
1217 3939 1287 4018 modo
