2690 4594
237 251 302 334 tt8
600 238 908 304 Exuuasusr

238 378 288 450 ipsi
306 363 469 443 amphipolos
489 359 616 416 uocabant
634 360 673 429 (ai
693 360 832 427 innodasset
856 363 909 431 παρ’
928 361 1007 417 adroic
1029 361 1194 436 ὶμφῖπολω),
1214 365 1279 436 Ergo

237 472 323 532 poeta
336 457 442 506 invento
454 446 506 497 hor
523 444 584 495 loco
600 442 731 494 debentur
747 443 804 495 ludi
817 443 850 494 ab
863 445 945 494 AEnea
957 445 1088 509 instituti,
1101 458 1129 496 et
1139 461 1280 516 suspensus

238 542 353 611 clipeus,
364 533 392 582 in
404 529 478 595 cujus
493 536 580 575 tamen
593 525 792 574 consecratione
804 534 885 592 poeta
900 521 1002 592 aliquid
1018 523 1149 575 habuisse
1163 524 1280 586 videtur,

219 603 222 608 .
238 616 312 691 quod
324 619 450 680 sequutus
463 613 517 662 est,
534 602 603 652 Nam
621 599 692 651 Serv.
708 600 742 652 ad
760 602 812 664 111,
831 602 889 670 287.
901 599 1042 653 Sciendum
1060 612 1169 666 menen,
1183 603 1280 672 inquit,

238 699 309 751 hunc
324 691 439 762 clipeum
456 684 488 734 ab
500 682 588 733 AEnea
603 680 676 750 apud
693 679 898 732 Samothraciam
916 681 944 731 in
965 680 1063 751 templo
1084 692 1279 744 consecratum,

237 775 309 850 quod
318 780 395 844 poeta
404 783 453 837 per
462 762 599 814 transitum
612 761 703 832 tetiqit.
714 761 853 814 Deduxere
865 780 925 813 eum
934 763 962 812 in
975 761 1082 814 donarii
1091 765 1234 814 notionem
1244 779 1280 823 ea,

238 875 297 928 quae
306 850 424 904 Dodonae
437 841 653 901 monstrabantur
662 842 839 910 Trojanorum
855 840 985 906 donaria,
1002 840 1037 892 de
1051 841 1152 910 quibus
1171 841 1282 891 statime

236 932 364 1003 Dionysio
378 921 600 978 commemorabo.
654 966 660 974 ,

145 1007 147 1018 ’
212 1053 214 1062 1
273 1013 379 1066 Scilicet
393 1003 470 1076 quod,
484 1003 603 1073 sequitur
624 1000 657 1052 dc
678 999 793 1072 appulsu
805 999 840 1052 ad
853 999 985 1070 Epirum,
998 999 1056 1051 ida
1074 1012 1161 1070 poeta
1183 998 1283 1052 diverso
1330 1019 1331 1032 ³

237 1094 318 1167 plane
330 1091 364 1143 ab
377 1087 434 1140 aliis
447 1081 527 1134 modo
540 1093 579 1132 est
590 1093 732 1132 tractatum
745 1093 929 1150 ornatumque.
942 1081 1012 1132 Nam
1025 1080 1098 1149 apud
1109 1083 1223 1154 Dionys.
1234 1082 1284 1132 lla-

237 1176 282 1227 lic.
295 1174 323 1237 1,
337 1169 366 1223 51
381 1185 413 1218 ex
424 1161 563 1215 Ambracia
575 1179 636 1211 cnm
649 1161 757 1212 navibus
768 1161 874 1232 quidem
886 1158 1010 1211 Anchises
1023 1178 1097 1211 oram
1111 1160 1225 1233 dependo
1235 1163 1283 1212 Bu.

238 1253 355 1306 throtum
365 1242 443 1317 Epiri
452 1251 557 1312 portum
566 1238 642 1290 subit.
655 1237 692 1288 At
702 1239 800 1290 AEneas
810 1249 905 1290 etcum
914 1256 944 1288 ea
953 1235 1087 1290 lectissimi
1096 1240 1205 1310 quique
1212 1239 1284 1290 sotius

239 1329 380 1390 exercitus,
394 1324 505 1373 duorum
525 1318 625 1370 dierum
639 1317 732 1369 itinere
748 1337 798 1390 per
813 1329 906 1369 terram
925 1316 1063 1387 consecto,
1076 1319 1222 1370 Dodonam
1231 1337 1285 1389 per·
1331 1376 1332 1388 ,

237 1410 364 1470 veniunt,
376 1405 454 1456 deum
466 1395 618 1450 consulturi,
631 1398 718 1470 Atque
730 1399 772 1450 hic
783 1400 810 1450 iu
824 1400 948 1469 Troianos
961 1415 1021 1448 curn
1036 1397 1143 1450 Heleno
1156 1400 1283 1450 incidunt.
1331 1391 1332 1408 ’

238 1490 351 1558 Accepto
362 1481 455 1534 deinde
466 1479 498 1529 de
509 1475 613 1528 colonia
631 1476 781 1528 deducenda
799 1495 915 1548 responso
921 1515 930 1541 ‚
943 1478 990 1528 deo
1001 1477 1071 1528 dona
1086 1479 1207 1548 Trojana
1219 1479 1285 1529 dica·
1331 1463 1332 1508 Ῐ

238 1576 319 1629 runt,
332 1580 392 1614 cum
402 1557 458 1609 alia
471 1555 618 1607 tumeliam
636 1566 746 1607 crateres
757 1572 853 1619 aneos,
867 1573 981 1626 quorum
1001 1553 1130 1606 nonnulli
1145 1557 1235 1608 adhuc
1246 1577 1284 1609 sa·

237 1654 347 1720 morunt
355 1640 435 1692 literis
453 1634 642 1707 antiquissimis
656 1635 774 1706 imcn'pti
780 1673 788 1698 ,
801 1652 859 1706 quae
868 1635 996 1685 donorum
1008 1634 1157 1686 dicatorum
1171 1649 1285 1688 auctores

236 1721 378 1782 ¹testorttun·
390 1730 416 1770 et
426 1727 542 1790 quatuor
544 1713 633 1784 ferme
644 1715 746 1765 dierum
760 1713 852 1765 itinere
862 1713 980 1783 confecto
992 1712 1029 1765 ad
1036 1711 1144 1764 classem
1153 1716 1232 1785 apud
1238 1717 1284 1766 Ba

239 1806 356 1856 throtum
370 1799 508 1852 redierunt.
522 1792 603 1845 Vides
614 1793 674 1857 hic,
689 1811 747 1863 quae
759 1808 840 1864 poeta
855 1812 886 1845 ex
897 1795 1019 1863 priorum
1038 1806 1182 1845 auctorum
1195 1813 1284 1846 narra-

239 1889 312 1937 tione
325 1883 352 1932 in
365 1896 441 1930 suum
459 1892 536 1926 usum
554 1875 729 1940 converterit,
741 1886 768 1924 et
780 1871 875 1943 quibus
894 1874 951 1943 ipse
968 1891 1001 1924 ea
1018 1873 1173 1923 variaverit.
1194 1873 1285 1926 Heleni

241 1979 381 2015 occursum
393 1959 502 2026 ejusque
513 1954 668 2004 vaticinium
677 1971 701 2002 v.
716 1953 767 2022 374
775 1970 832 2022 sqq.
842 1971 858 2004 a
865 1952 979 2004 Dodona
988 1951 1148 2002 Buthrotum
1158 1952 1285 2017 traduxit,

241 2046 402 2110 ⁰m¹¹l¹¹⁰ll¹10
414 2036 458 2088 hle
474 2035 658 2086 ⁸U³Vi⁸⁸lmum
675 2033 823 2104 episodium
836 2033 870 2086 de
888 2032 1075 2084 Andromache
1096 2035 1221 2084 intexuit.
1234 2034 1286 2084 Do-

240 2127 317 2179 naria
328 2119 420 2190 templi
433 2116 505 2168 dona
513 2113 707 2166 discedentium
717 2125 771 2165 tarn
782 2126 874 2166 ornate
884 2115 1004 2184 exposita
1013 2115 1151 2183 peperisse
1160 2114 1286 2166 videntur

240 2224 266 2256 v.
280 2202 332 2270 464
346 2217 404 2270 sqq.
417 2195 565 2262 Quominus
585 2205 673 2244 autem
685 2193 821 2244 Dodonaeo
839 2191 962 2256 arnardo,
976 2208 1029 2262 quo
1042 2193 1103 2260 quis
1115 2209 1171 2241 non
1192 2210 1287 2262 parum

241 2281 378 2334 mutitatis
392 2289 417 2328 et
430 2273 578 2328 ornamenti
591 2272 701 2324 carmini
719 2271 844 2324 accedere
856 2273 975 2342 potuisse
988 2270 1137 2333 existimet,
1150 2282 1286 2334 uteretur,

240 2359 326 2414 Simile
338 2357 371 2408 de
381 2353 457 2406 Deli⁰
471 2351 580 2402 maculo
590 2352 645 2418 jam
665 2364 726 2402 ante
743 2347 866 2403 accurate
879 2362 1022 2401 tractatum
1043 2348 1199 2418 episodium
1213 2367 1288 2400 nevo.

240 2457 314 2493 casse
326 2435 431 2487 videtur
441 2443 557 2502 poetam.
574 2431 697 2500 Troianos
708 2429 844 2482 oraculum
856 2429 898 2498 (et
911 2428 1019 2500 quidem
1029 2430 1071 2492 in,
1090 2427 1164 2497 quod
1177 2429 1215 2480 ab
1225 2431 1290 2480 Har-

239 2521 308 2591 pyiis
320 2515 364 2567 edi
376 2510 469 2564 maluit
482 2509 607 2582 Virgilius
620 2528 644 2560 v.
660 2509 710 2562 255
722 2509 768 2562 lib.
782 2509 860 2561 lude
872 2510 986 2560 ambesis
999 2509 1112 2578 mensis)
1124 2527 1141 2557 a
1152 2508 1287 2560 Dodonaeo
1333 2551 1334 2556 q

239 2599 305 2652 ‘7⁰¹²‘
316 2591 388 2663 “pud
398 2589 512 2660 Epirum
523 2588 648 2658 ‘mimi‘
658 2626 666 2652 2
675 2592 761 2641 Varro
771 2608 880 2661 quoque
890 2579 1047 2641 narraverat
1057 2589 1118 2638 Rer.
1132 2588 1255 2639 Divinas.
1266 2587 1287 2636 11

241 2695 285 2746 ⁰1²·
298 2673 368 2724 serv·
384 2669 418 2721 ad
429 2670 480 2733 ¹112
492 2667 551 2720 256·
562 2668 753 2740 Adjungendus
765 2671 792 2721 in
806 2671 872 2722 alius
884 2669 968 2733 locus,
982 2671 1027 2738 qui
1039 2687 1071 2720 ex
1080 2666 1176 2720 eodem
1187 2668 1258 2719 libro
1267 2668 1287 2716 ll

239 2755 339 2825 petitus
352 2766 409 2800 ωε
422 2746 517 2812 debet,
530 2747 601 2818 ΨΜ
615 2747 686 2800 sm·
707 2769 723 2802 ³
739 2752 788 2817 le
801 2751 868 2818 349²
885 2746 970 2798 Mulli
984 2758 1105 2819 Putant,⁴
1118 2750 1155 2799 ait
1166 2746 1286 2810 servius,

216 2879 218 2885 Α
239 2832 356 2888 AEneam
375 2825 408 2876 cle
427 2841 459 2875 ea
475 2827 577 2876 venisse
593 2825 630 2892 (f.
650 2847 705 2880 non
719 2828 873 2894 devenisse)
885 2828 920 2876 ad
930 2825 1044 2895 Epirum
1060 2835 1087 2875 et
1103 2825 1142 2874 ihi
1159 2824 1216 2876 lroec
1233 2822 1287 2875 loca

193 2927 197 2932 .
238 2929 288 2985 per
297 2905 431 2960 licentiam
442 2901 572 2972 poeticam
583 2919 632 2952 esse
641 2899 761 2972 conficta.
774 2903 857 2954 Varro
866 2903 945 2972 Epiri
954 2904 1067 2974 sesnin,
1079 2904 1154 2968 dim-2,
1162 2915 1191 2954 Β,
1200 2905 1287 2956 ,mm-a

239 2983 471 3064 tarantasmum·
482 2982 649 3046 nominibus,
668 3000 728 3054 quar
742 2994 821 3053 poeta
837 2994 1040 3049 commemorat,
1056 3003 1082 3036 se
1099 2985 1200 3036 vidisse.
1216 2985 1288 3035 Idem

239 3073 320 3124 etiam
335 3069 417 3124 Varro
429 3064 535 3132 Trojam
555 3062 629 3131 Epiri
644 3063 676 3112 ah
688 3062 790 3126 AEnea,
802 3065 854 3115 siva
872 3083 887 3114 a
900 3065 1039 3116 comitibus
1052 3067 1124 3135 ejum
1143 3066 1288 3135 Biopatora

239 3154 423 3218 nuncupatam
436 3141 526 3205 docet,
540 3141 585 3190 uhi
599 3142 713 3212 Troiana
727 3140 812 3194 classis
824 3143 936 3194 AEneam
947 3141 1080 3212 (Dodona
1093 3145 1288 3214 revertentem)

241 3236 384 3298 expectasse
392 3221 522 3291 sociosque
534 3231 620 3272 castra
633 3220 662 3271 in
672 3219 781 3272 tumulis
793 3220 910 3274 hahuisse
926 3234 1108 3288 memoratur,
1122 3241 1181 3295 quar
1191 3241 1223 3274 ex
1242 3222 1287 3274 illa

241 3318 357 3374 mpure
376 3298 498 3367 Troiana,
512 3297 683 3370 appellantur
692 3321 710 3366 ,χ
719 3300 788 3350 unde
804 3311 929 3370 apparet,
951 3297 1072 3352 divinum
1093 3312 1202 3370 poetam
1214 3299 1289 3352 aliud

240 3394 361 3458 aqentem
372 3397 462 3430 verum
476 3395 577 3449 semper
591 3379 727 3451 attinqere.
742 3379 855 3451 Egregia
866 3381 1029 3451 grammatici
1043 3380 1207 3432 observatio.
1225 3381 1289 3431 Erat

241 3465 341 3531 utique
348 3455 420 3526 apud
431 3454 589 3507 Buthrotum
601 3456 690 3520 collis,
711 3459 739 3508 in
761 3474 814 3527 quo
834 3459 930 3510 AEneas
942 3471 1030 3510 cestra
1041 3457 1192 3522 habuerat,
1201 3458 1288 3530 leja

245 3539 394 3614 appellatus
405 3534 445 3604 (ut
453 3534 562 3607 Dionys.
572 3555 615 3608 ap.
624 3536 744 3588 Hudson.
753 3556 785 3589 ex
791 3539 876 3590 Vatia.
889 3539 1003 3590 lectione
1015 3538 1199 3591 restituendus
1209 3558 1236 3609 p.
1245 3539 1287 3602 lo.

243 3622 261 3674 l.
275 3622 307 3672 32
318 3621 344 3690 ),
358 3613 429 3667 etad
438 3632 510 3668 mare
520 3626 611 3686 portus
618 3614 739 3668 Anchisa
751 3616 837 3669 dictus
847 3616 857 3687 (
866 3617 963 3690 ibin),
976 3617 1064 3683 unde,
1077 3621 1141 3670 curn
1160 3618 1287 3689 templum

242 3697 339 3750 Veneri
352 3711 383 3745 eo
397 3710 503 3762 quoque
517 3693 577 3744 loco
589 3693 771 3761 dedicassem,
784 3697 888 3748 Ionium
901 3715 974 3748 mare
991 3697 1146 3764 trajiciunt,
1158 3695 1288 3748 habentes

243 3796 333 3832 secum
344 3775 520 3844 navigationis
532 3776 641 3826 comites
654 3793 685 3826 ac
699 3774 780 3828 duces
790 3794 844 3828 non
857 3795 957 3848 paucos
968 3775 1061 3829 exiliis
1071 3777 1127 3827 oris
1140 3789 1167 3828 et
1177 3794 1239 3827 cum
1248 3776 1288 3828 his

242 3859 383 3929 Patronem
391 3852 520 3903 Thurium
538 3871 598 3905 curn
611 3855 716 3922 amicis,
734 3873 848 3926 quorum
864 3859 960 3908 Patron
973 3855 1082 3927 quidem
1102 3855 1138 3906 ad
1149 3856 1288 3906 Aluntium

243 3935 336 3994 Sicilia
348 3929 484 3995 consedit,
499 3929 610 4004 reliqui,
623 3929 743 3988 deductis
753 3935 780 3990 iu
792 3935 895 4004 Italiam
907 3937 1002 4009 sociis,
1015 3932 1128 3990 domum
1140 3935 1285 3988 redierunt.
