2742 4586
223 333 287 401 266
431 353 435 364 ‘
470 336 507 398 P.
531 331 763 400 VIRGILII
785 331 1015 398 MARONIS

219 453 418 522 Dardanidae
431 473 545 523 contra
556 459 655 522 turris
667 479 705 522 ac
716 474 802 523 tecta
815 455 992 522 domorum
1225 472 1272 532 445
1349 461 1350 536 4

220 563 372 628 Culmina
384 565 591 630 convellunt:
605 564 656 630 his
668 587 718 645 se,
733 564 867 654 quando
880 563 994 630 ultima
1008 583 1165 648 cernunt,

219 667 374 735 Extrema
381 669 451 759 jam
463 671 497 734 in
509 687 615 736 morte
628 688 744 760 parant
756 668 937 737 defendere
950 672 1041 755 telis;

219 777 424 866 Auratasqne
435 777 559 856 trabes,
572 794 723 842 veterum
735 776 856 844 decora
867 777 932 844 alta
942 797 1133 868 parentum,

219 882 427 964 Devolvunt3
439 883 493 948 alii
505 885 625 950 strictis
638 885 853 952 mucronibus
868 886 950 951 imas

186 975 188 979 ¹
220 986 390 1053 Obsedere
404 989 509 1056 fores:
523 990 582 1057 has
595 1010 726 1058 servant
737 992 868 1081 agmine
881 990 996 1058 denso.

220 1095 395 1159 Instaurati
407 1097 522 1176 animi,
538 1099 624 1186 regis
637 1122 832 1164 succurrere
841 1100 952 1179 tectis,

220 1202 417 1290 Auxilioque
429 1203 539 1267 levare
550 1205 654 1285 viros,
667 1206 803 1295 vimque
815 1204 940 1270 addere
951 1206 1056 1270 victis.

265 1307 383 1371 Limen
397 1325 478 1390 erat,
492 1333 655 1400 caecaeque
668 1312 772 1391 fores,
786 1329 820 1376 et
831 1312 966 1399 pervius
978 1333 1057 1376 usus

251 1499 304 1557 445.
317 1517 329 1546 e
340 1509 418 1548 contra
429 1519 465 1566 pr.
476 1503 575 1559 Moret,
591 1503 659 1550 male.
672 1523 695 1551 v.
710 1507 788 1551 Burro.
807 1513 880 1550 turres
891 1513 913 1551 et
922 1501 1082 1566 aliquotPier.
1097 1511 1144 1548 tota
1155 1503 1270 1550 domorum
1350 1515 1351 1522 ¹

220 1583 273 1634 post
284 1571 370 1617 Medic.
383 1575 466 1630 Pierii,
483 1575 567 1621 Moret.
584 1586 638 1621 tert.
655 1587 678 1621 et
690 1575 772 1621 Hamb.
783 1591 830 1622 sec.
842 1592 886 1639 pro
895 1591 943 1621 var.
954 1574 1008 1620 lect.
1024 1585 1046 1618 et
1062 1573 1126 1618 idem
1135 1591 1191 1620 cum
1200 1573 1269 1618 altera

218 1641 321 1687 lectione
331 1643 356 1687 in
363 1645 479 1690 Servianis
489 1643 605 1690 laudatur.
624 1655 672 1691 tuus
682 1647 705 1691 d.
722 1647 806 1692 Moret.
817 1663 858 1710 qu.
871 1649 930 1692 Sunt
940 1655 962 1690 et
971 1645 1015 1690 viri
1025 1643 1102 1699 docti,
1116 1646 1158 1705 qui
1171 1641 1271 1688 Culminc

218 1711 316 1775 legunt,
328 1713 352 1758 h.
363 1730 384 1760 e.
395 1732 408 1761 a
418 1716 534 1773 culmine,
544 1730 570 1762 ut
582 1735 603 1763 v.
615 1717 672 1774 603,
685 1718 727 1764 sed
737 1735 758 1764 v.
768 1731 818 1764 not.
826 1741 858 1752 -
867 1715 920 1773 446.
932 1715 957 1760 tt
967 1718 1044 1778 Sprot.
1057 1727 1080 1760 et
1090 1715 1128 1760 ed.
1139 1715 1200 1760 Ven.
1214 1713 1271 1759 hisee

219 1793 273 1845 εἰς.
287 1783 391 1829 Parthas.
402 1798 425 1830 et
437 1785 507 1832 Goth.
521 1798 574 1832 tert.
587 1804 640 1832 am.
655 1805 691 1851 pr.
704 1790 813 1833 Ceterum
824 1803 935 1850 quorsum
948 1784 1095 1848 parenthesis
1107 1784 1154 1830 hoc
1167 1796 1191 1831 et
1205 1799 1270 1847 sequ.

219 1867 288 1911 versu
301 1851 401 1908 faceret,
415 1869 463 1899 non
473 1855 596 1902 videbam:
609 1859 689 1920 itaque
700 1873 750 1902 eam
764 1856 855 1902 sustuli.
864 1881 896 1892 -
905 1854 960 1918 447.
971 1858 994 1899 in
1006 1855 1092 1900 abesta
1104 1869 1189 1915 magna
1199 1852 1271 1898 libro-

219 1939 273 1983 rum
286 1936 364 1985 parte,
383 1937 409 1970 ut
425 1926 474 1971 fere
491 1925 562 1983 alibi;
573 1929 615 1975 sed
625 1941 658 1975 est
671 1931 697 1974 in
708 1930 790 1990 fragm.
800 1927 876 1974 Vatic.
888 1940 911 1974 et
921 1927 951 1974 al.
965 1935 1048 1991 parent
1060 1923 1167 1972 Perrhae.
1177 1951 1209 1962 ··-
1218 1922 1269 1979 448.

220 1995 356 2058 AEmtusque
369 1994 442 2040 trabes
451 1999 542 2059 antiqui
554 1999 623 2044 codd.
637 2000 700 2062 apud
709 2000 825 2056 Pierium,
836 1998 901 2062 quod
910 2011 974 2045 recte
986 1998 1010 2043 h.
1021 1997 1037 2042 Ι.
1052 1999 1138 2059 rejicit.
1155 1999 1271 2058 uersosque

220 2065 346 2128 Hamhurq.
359 2084 395 2130 pr.
411 2083 455 2131 pro
471 2086 519 2115 var.
532 2069 599 2128 lect,
616 2072 658 2118 sed
674 2090 697 2118 v.
715 2074 794 2117 Burm.
810 2070 857 2116 altu
873 2073 898 2116 in
914 2070 1007 2116 duobus
1024 2082 1064 2116 aut
1079 2069 1155 2114 tribus
1171 2067 1271 2128 antiquis

220 2139 329 2182 omissum
337 2138 428 2184 viderat
435 2140 514 2186 Heius.
524 2153 547 2187 et
558 2144 582 2187 in
589 2143 698 2188 Gudiano
707 2157 798 2188 erasum
807 2160 813 2197 ;
823 2143 913 2188 Pierius
923 2153 1000 2187 autem
1011 2143 1036 2186 in
1046 2135 1182 2185 nonnullis:
1193 2137 1272 2182 decora

218 2205 274 2262 ι’ἱὶιι,Ι
286 2207 330 2253 hoc
341 2220 364 2254 et
373 2207 454 2271 fragm.
465 2211 541 2257 vatic.
552 2211 635 2269 habet,
643 2215 801 2276 superscripto
811 2210 874 2266 υἱέα,-
884 2211 950 2274 quod
960 2211 1056 2257 defendi
1066 2211 1150 2272 possit,
1161 2219 1185 2252 et
1193 2207 1271 2253 decora

219 2279 295 2342 ampla
305 2280 342 2326 ed.
357 2281 417 2327 Ven.
435 2283 476 2328 sed
492 2284 573 2332 decora
588 2285 636 2331 atu
646 2303 727 2333 verum
746 2301 808 2340 esse,
822 2284 860 2330 vel
877 2301 903 2330 ex
919 2287 985 2329 Statii
999 2285 1129 2328 imitatione
1143 2278 1271 2342 apparetV

218 2351 292 2397 Theb·
308 2351 361 2408 dar.
374 2353 428 2409 423.
442 2355 508 2401 Adde
518 2345 570 2420 sup.
585 2357 626 2404 lib.
638 2360 661 2414 1,
672 2358 724 2419 Ι429
737 2355 853 2404 columnas
864 2382 896 2392 -
907 2359 980 2402 scenis
989 2357 1070 2402 decora
1081 2352 1232 2415 altafuturis.
1241 2373 1271 2385 -

195 2441 198 2448 ’
219 2421 362 2486 ddofiactis
372 2426 454 2472 Hamb.
465 2444 500 2489 pr.
511 2445 569 2474 unus
579 2429 627 2476 duo
638 2447 674 2493 ap.
684 2433 763 2476 Burro.
777 2445 830 2475 cum
843 2428 933 2491 aliquot
945 2431 1073 2482 Pierianis,
1083 2436 1200 2488 perpetuo
1207 2423 1270 2469 vitio.
1351 2453 1352 2468 .

219 2493 311 2549 -450,
322 2494 429 2542 Obstdere
439 2515 475 2560 pr.
485 2500 570 2547 Moret.
585 2518 638 2547 eum
647 2503 729 2564 fragm.
740 2503 817 2546 Vatic.
827 2500 889 2546 Vide
900 2499 929 2545 ad
939 2501 971 2544 lv
981 2501 1066 2560 Georg.
1079 2496 1139 2553 436:
1152 2512 1204 2558 sup.
1216 2495 1270 2549 332,
1351 2531 1352 2534 ,

220 2577 244 2611 et
256 2564 285 2609 al.
299 2583 357 2628 quus
365 2579 457 2616 servant
466 2573 559 2635 Menag.
570 2591 605 2636 pr.
619 2583 739 2620 asservant
749 2574 815 2620 Leid.
826 2587 888 2618 unus
898 2589 910 2617 a
921 2587 953 2618 m.
965 2589 1002 2635 pr.
1016 2571 1138 2616 adservant
1146 2571 1172 2614 in
1182 2569 1271 2613 Servia-
1351 2599 1352 2604 .

220 2639 264 2680 nis.
274 2638 352 2683 ordine
364 2638 429 2706 lorqo
437 2644 512 2705 Bigot.
520 2680 526 2701 ,
535 2649 654 2691 memoriae
667 2646 747 2709 lapsu,
761 2661 788 2692 ex
798 2645 849 2691 aliis
861 2643 1032 2702 locis-451.
1045 2645 1126 2688 animis
1137 2655 1174 2702 pr.
1187 2639 1271 2683 Moret.
1351 2671 1352 2676 .

219 2706 335 2752 Montalb.
346 2725 392 2754 sec.
406 2713 515 2760 Rottend.
526 2727 550 2761 et
558 2717 626 2762 Witt.
639 2718 687 2763 Nec
698 2716 819 2779 displicet,
830 2727 856 2760 ut
866 2729 999 2760 succurrere
1008 2714 1137 2758 infinitivus
1149 2709 1272 2754 historicus

220 2781 257 2822 sit.
272 2778 395 2842 vulgatam
406 2787 475 2830 etiam
487 2788 567 2849 fragm.
582 2789 658 2835 Vatic.
674 2789 745 2835 habet
759 2799 783 2834 et
798 2788 912 2848 Pompon.
928 2787 982 2834 Sah.
994 2788 1168 2848 interpretatur.
1179 2807 1210 2816 —
1219 2778 1270 2835 451-

220 2851 279 2894 viros
289 2848 363 2896 levare
374 2853 445 2899 Wall.
453 2891 460 2911 ,
469 2856 538 2903 male.
548 2867 572 2904 et
581 2863 627 2904 vim
637 2861 730 2920 Menag.
740 2875 777 2920 pr.
787 2860 878 2920 vimque
887 2857 971 2911 addere
981 2860 1036 2902 victi
1047 2858 1109 2917 conj.
1122 2855 1204 2899 Heius.
1216 2851 1272 2909 (sci-

219 2915 288 2976 licet,
298 2923 317 2965 si
329 2923 411 2968 addere
420 2942 463 2987 pro
476 2926 542 2973 finito
552 2930 623 2975 modo
632 2933 735 2992 positum
746 2930 801 2988 est).
813 2945 835 2974 a.
849 2931 910 2978 tectas
921 2930 996 2991 bigot.
1008 2940 1031 2974 et
1042 2925 1114 2974 walt.
1124 2943 1138 2972 a
1147 2941 1178 2970 m.
1189 2937 1271 2968 sec.—

220 2987 274 3044 453.
287 2991 365 3038 devius
377 2995 445 3040 Goth.
458 3007 576 3045 tertam.
588 3016 634 3048 see.
1095 3001 1099 3006 ’

156 3143 159 3150 '
221 3161 251 3198 ut
275 3149 400 3204 adversus
424 3155 479 3208 tela
502 3176 617 3230 superne
641 3162 722 3210 missa

222 3242 436 3300 protegerentse.

256 3308 318 3374 445.
340 3311 463 3366 Culmina
480 3317 618 3368 domorum
638 3329 720 3382 tecta,

222 3384 301 3440 docte
311 3409 361 3460 pro
374 3394 432 3462 ipso
443 3407 513 3446 tecto
527 3397 612 3468 iisque
624 3398 720 3460 rebuS‚

223 3469 320 3536 quibus
337 3477 459 3542 superior
472 3475 567 3528 domus
580 3496 642 3548 pars
653 3479 721 3548 tegi-

221 3557 278 3610 tur,
291 3548 317 3599 h.
331 3549 359 3602 ἐ.
373 3555 477 3625 tegulis.
497 3566 562 3606 tectu
572 3556 722 3627 penetralia

222 3627 317 3680 eodem
330 3633 410 3684 modo
425 3635 545 3706 [Georg.
561 3637 620 3704 379.
635 3637 722 3686 Etiam

222 3718 304 3762 turres
315 3731 365 3782 pro
375 3715 470 3768 eodem
479 3729 550 3768 tecto
564 3717 645 3781 dicit,
658 3719 722 3788 quia

223 3788 306 3842 altum
325 3806 373 3845 est.
390 3797 485 3866 Agitur
504 3809 592 3847 autem
613 3795 645 3847 de
667 3815 722 3848 una

222 3873 320 3923 Priami
336 3873 434 3924 domo:
453 3875 494 3925 cui
512 3873 722 3945 magnificentio-

223 3955 407 4024 remspeeiem
430 3954 542 4025 adjecit,
563 3974 721 4030 quamque

190 4031 297 4104 apud
315 4034 460 4088 Homerum
475 4049 540 4090 erat.
553 4037 653 4110 ν449.
674 4041 721 4093 Vi-

771 3158 872 3209 dentur
883 3157 912 3208 hi
934 3157 1039 3208 stetisse
1060 3155 1131 3204 intra
1142 3152 1223 3202 fores.
1238 3150 1271 3201 cf.

771 3240 819 3290 inf.
833 3237 895 3304 484.
910 3237 971 3302 485.

805 3317 866 3382 451,
882 3318 940 3366 Hoc
959 3317 1019 3385 ipso
1034 3329 1124 3364 rerum
1144 3309 1272 3379 adspectu

770 3410 927 3448 renovatum
944 3395 972 3444 in
982 3396 1068 3446 AEneu
1082 3389 1224 3442 consilium
1242 3407 1272 3438 ac

770 3479 955 3548 propositum,
967 3472 1040 3545 quod
1051 3468 1223 3541 jampridem
1235 3487 1274 3518 ce·

770 3572 859 3628 perat,
868 3557 903 3628 (v.
914 3556 1124 3608 315concurrere
1131 3551 1160 3599 in
1167 3549 1273 3619 urcem),

771 3652 800 3689 ut
813 3641 891 3710 regiae
907 3638 1066 3704 Priamoque
1080 3641 1254 3681 succurreret.

807 3718 965 3786 453-458.
987 3715 1055 3767 Cum
1074 3713 1162 3763 aditus
1181 3709 1215 3760 ad
1234 3728 1274 3760 re-

771 3802 843 3872 giam
871 3796 1039 3850 obsideretur
1069 3791 1103 3843 ab
1127 3789 1272 3851 hostibus,

770 3881 877 3952 postica
889 3890 969 3951 porta
979 3895 1038 3928 eam
1048 3875 1131 3934 intrat
1142 3873 1238 3924 AEneas
1247 3881 1274 3920 et

772 3980 788 4013 a
800 3974 875 4032 tergo
885 3958 1007 4030 pervenit
1017 3954 1052 4008 ad
1062 3966 1169 4024 portam
1181 3951 1272 4021 regie,

772 4061 826 4114 qua
838 4053 913 4114 parte
926 4057 1017 4096 versus
1032 4037 1133 4091 aditum
1151 4053 1167 4086 a
1185 4035 1274 4086 frome
