2656 4592
223 317 289 398 brl
477 311 510 374 P.
535 307 766 372 VIRGlLll
789 305 1023 375 MARONlS

224 443 266 504 Et
278 435 421 504 recidiva
432 455 533 499 manu
544 433 728 522 posuissem
741 433 897 519 Pergama
909 434 1015 498 victis.

225 542 289 611 Sed
301 567 391 608 nunc
404 541 529 606 ltaliam
541 561 694 627 magnam
706 539 856 627 Gryneus
869 539 1004 627 Apollo,

225 650 352 716 ltaliam
365 649 471 739 Lycia'e
481 631 609 737 jussere
622 667 792 734 capessere
805 661 920 710 sortes.

223 757 287 823 Hic
299 777 405 833 amor,
419 751 490 818 haec
502 751 607 842 patria
619 767 678 816 est.
692 751 723 815 Si
736 766 769 832 te
782 751 987 838 Carthaginis
999 773 1098 818 arces

224 863 440 940 Phoenissam,
454 859 653 949 Libycaeque
665 857 840 945 adspectus
854 855 982 922 detinet
994 858 1109 924 urhis:

223 973 304 1053 Quae
316 966 465 1047 tandem,
479 965 623 1030 Ausonia
634 965 782 1029 Teucros
795 962 969 1029 considere
982 981 1088 1044 terra,

224 1075 351 1143 Invidia
365 1077 432 1141 est?
443 1077 484 1140 Et
496 1095 557 1138 nos
570 1074 618 1137 fas
632 1089 741 1136 extera
754 1093 903 1160 quaerere
915 1061 1027 1160 reqna.

221 1189 279 1250 Me
291 1185 392 1274 patris
406 1181 569 1260 hnchisae,
584 1180 714 1268 quoties
726 1178 942 1242 humentibus
955 1179 1087 1244 umbris

221 1295 295 1357 Nox
307 1289 415 1380 operit
426 1305 543 1366 terras,
557 1285 688 1374 quoties
700 1302 786 1350 astra
798 1286 894 1373 ignea
905 1302 1061 1373 surgunt,

221 1503 275 1536 suos
284 1484 377 1534 sustulit
386 1484 465 1528 lleius.
473 1507 504 1517 -
512 1479 564 1537 344.
575 1483 599 1526 Si
608 1479 658 1526 Aut
666 1497 685 1525 r.
698 1479 774 1542 legas,
783 1482 910 1528 sententias
921 1479 991 1526 aliter
999 1482 1104 1542 jungere
1114 1480 1176 1530 licet
1185 1499 1191 1528 ε
1201 1485 1274 1528 Prunu

222 1570 238 1604 t.
248 1575 270 1604 a.
281 1563 408 1608 monerent,
420 1554 470 1598 Aut
481 1569 500 1597 r.
511 1553 541 1598 ad
550 1553 597 1596 mei
610 1553 681 1596 animi
694 1563 786 1610 votum,
797 1562 837 1596 out
847 1563 979 1614 superesset
990 1552 1076 1614 Trojs',
1090 1565 1134 1597 sut
1147 1569 1160 1598 a
1172 1570 1210 1599 me
1218 1557 1274 1599 resti·

221 1641 334 1675 tueretur.
355 1624 453 1670 rediviva
468 1621 559 1684 aliquot
577 1623 654 1677 Pion,
669 1621 770 1667 sollenni
786 1623 906 1668 varietate.
922 1647 954 1658 -
967 1621 1021 1677 345.
1039 1624 1156 1678 Gniseus,
1177 1625 1273 1678 croscus,

221 1703 342 1760 crystetes,
360 1699 445 1759 passim
458 1694 567 1741 scribitur
578 1696 670 1740 vitiose.
683 1695 722 1739 Est
739 1695 801 1738 euim
817 1689 924 1755 spissus.
943 1693 1058 1739 Cbrboeus
1076 1712 1114 1756 pr.
1134 1697 1218 1742 Hamb.
1236 1712 1273 1758 pro

219 1788 268 1818 var.
279 1770 347 1826 lect,
357 1767 422 1831 quod
431 1781 474 1828 per
483 1781 507 1811 se
517 1780 565 1810 non
574 1764 662 1810 mulum
672 1778 744 1820 esset,
753 1781 765 1810 a
773 1763 854 1809 Cirrha
864 1779 939 1826 prope
948 1764 1054 1827 Delphos
1065 1765 1177 1812 ‹luctum-
1187 1770 1273 1812 tristitias

220 1859 263 1888 un.
273 1839 417 1902 Guelpherb.
430 1841 456 1883 in
464 1839 518 1883 Ere.
530 1839 581 1882 Sar.
593 1861 624 1871 -
634 1832 689 1892 346.
701 1839 772 1882 visere
781 1851 867 1899 cupess.
877 1835 947 1882 Goth.
960 1851 1022 1892 seo,
1034 1839 1130 1883 inscitia
1143 1837 1240 1884 librarii.
1248 1863 1274 1873 -
1315 1875 1316 1894 1

219 1915 273 1976 347.
285 1913 319 1957 hic
330 1914 405 1975 putria
413 1918 447 1955 est
455 1923 502 1955 tres
510 1909 590 1955 Heius.
602 1907 679 1954 Carth.
692 1907 745 1954 oltoe
752 1909 813 1954 Veu.
824 1907 916 1955 etGud.
925 1923 968 1971 pro
976 1925 1024 1955 var.
1032 1909 1130 1956 leet—
1138 1911 1193 1968 348.
1204 1910 1274 1969 Libye

219 1981 317 2030 Dorvill.
334 1981 430 2046 affectus
442 1980 524 2026 llamb.
538 1979 577 2025 tlt.
595 1980 693 2026 demeret
704 1982 797 2026 Servius
811 1983 834 2024 in
846 1981 908 2025 novis
926 1979 1022 2038 (bouis)
1036 1989 1062 2026 ct
1075 1982 1203 2026 emandans
1219 1980 1275 2026 libris

220 2053 265 2116 legi
277 2065 387 2109 testatur;
400 2051 465 2115 quod
473 2053 495 2096 J.
506 2051 543 2096 rr.
554 2052 673 2099 Gronovio
685 2051 752 2096 Obss.
761 2051 802 2106 tv,
813 2067 840 2112 9,
850 2067 874 2112 p.
891 2049 933 2095 130
944 2061 967 2095 et
979 2049 1078 2096 lleinsio
1091 2051 1221 2098 arridebat.
1233 2050 1274 2096 Sed
1315 2047 1316 2094 3

220 2123 281 2170 illud
294 2123 382 2170 dietum
391 2136 455 2169 recte
467 2131 509 2184 per
523 2137 559 2179 se,
575 2119 679 2167 alienum
693 2133 771 2167 semen
781 2133 793 2166 a
805 2119 852 2165 loci
864 2121 995 2176 sententia,
1007 2121 1070 2166 bene
1081 2120 1173 2167 refellit
1184 2123 1274 2175 Burun,
1315 2137 1316 2160 t

221 2207 245 2240 et
261 2196 344 2244 detsitet
356 2205 436 2240 tuetur
448 2204 560 2255 tanquam
572 2192 637 2254 quod
652 2193 775 2254 proprium
788 2190 832 2236 hee
847 2192 872 2235 in
885 2205 911 2236 re
923 2192 960 2235 sit.
970 2216 1002 2226 -
1013 2188 1067 2250 349.
1083 2193 1173 2237 Teucro
1187 2191 1274 2254 Hugen.

222 2269 294 2314 Trom
303 2269 364 2314 Veii.
374 2270 494 2313 totuistere
505 2265 553 2310 duo
562 2261 641 2310 Burm-
649 2299 656 2320 ,
665 2275 779 2326 perpetua
789 2263 869 2309 variet.
882 2279 905 2310 v.
918 2261 948 2308 ad
959 2263 992 2308 Vl
998 2297 1005 2319 ,
1016 2263 1056 2326 67.

219 2425 258 2476 mi
282 2435 349 2476 tecta
374 2434 527 2475 manerent.-
552 2433 721 2494 superessent
769 2433 842 2492 geret
856 2421 965 2491 utique,
978 2421 1104 2492 repetitio
1122 2420 1187 2471 illa:
1210 2422 1274 2490 Gry·

220 2503 326 2569 adhuc,
345 2503 401 2555 scil.
422 2505 544 2555 restituta
559 2518 636 2554 ame.
650 2502 720 2553 Nam
769 2519 833 2552 neus
853 2498 950 2569 Apollo
969 2499 1002 2570 (a
1023 2500 1126 2571 Grynio
1146 2501 1273 2562 AEolidis‚

220 2583 334 2634 alterum
343 2584 463 2650 jejunum
476 2593 559 2634 esset:
579 2579 721 2633 voluissem
770 2581 840 2631 conf.
864 2579 899 2631 ad
921 2579 979 2630 Ecl.
1001 2581 1051 2646 V1‚
1073 2580 1123 2650 7²)
1146 2592 1173 2630 et
1192 2581 1275 2650 lycio

219 2661 329 2730 'frojam
340 2679 395 2710 non
412 2664 509 2712 everti!
530 2661 645 2711 recidiva
658 2661 720 2710 Per·
768 2657 935 2730 sortes(sup.
962 2659 1048 2731 ι43)ι
1071 2659 1166 2711 malim
1189 2663 1275 2730 itaque

217 2758 313 2813 pamm·
327 2738 475 2791 delectatur
490 2735 542 2790 hac
554 2755 619 2790 voce
631 2739 720 2810 Virgi-
769 2741 804 2793 ad
821 2757 951 2812 responsa
970 2739 1105 2810 Apollinis
1127 2741 1231 2792 referre
1251 2742 1275 2790 in

218 2819 271 2870 lius
284 2832 309 2872 et
323 2819 403 2888 alibi,
415 2821 469 2872 sive
483 2837 499 2871 a
511 2817 623 2870 surculis
636 2820 691 2869 sive
703 2833 721 2869 a
760 2833 884 2890 ¹utroque
897 2819 1015 2890 templo,
1029 2832 1055 2870 et
1067 2819 1115 2870 illo
1125 2821 1213 2890 ‘apud
1225 2822 1276 2892 My·

221 2901 320 2951 semine
333 2897 557 2971 repullulasceute
570 2900 670 2969 petita;
685 2915 721 2949 ne-
768 2901 856 2950 rinsm
866 2897 994 2965 AEolitlis,
1007 2911 1034 2951 et
1046 2899 1100 2952 hoc
1115 2901 1152 2952 ad
1163 2903 1274 2964 Patara,

218 2981 306 3032 cidiva
331 2980 493 3051 posuissem,
524 2979 719 3045 restituissem,
770 2991 889 3049 accepto.
912 2979 991 3031 Plura
1009 2992 1099 3032 autem
1121 2980 1274 3051 hujusmodi

218 3051 315 3112 iterum
334 3062 498 3112 excitassem.
517 3058 614 3110 Tribus
631 3069 719 3110 autern
768 3059 896 3109 vaticinia
917 3076 948 3109 uc
969 3071 1054 3110 sortes
1077 3060 1166 3112 AEneae
1185 3064 1216 3112 iu
1231 3063 1276 3112 lta·

219 3139 306 3192 modis
320 3139 432 3194 eandem
445 3147 501 3192 rem
513 3137 719 3203 declaravitme
769 3137 986 3191 lismadventum
1006 3139 1182 3208 praedixisse,
1196 3159 1275 3212 supra

216 3215 290 3271 'forte
300 3222 326 3270 in
340 3221 458 3271 animum
469 3215 722 3291 veniatlegereAu't
768 3215 883 3268 vidimus
893 3219 921 3267 in
933 3218 1050 3287 Bisquis.
1066 3218 1100 3270 de
1110 3221 1224 3272 AEneid.
1235 3223 1276 3271 In·
1314 3263 1315 3270 ,

162 3292 165 3302 ’
219 3300 348 3364 recidiva,
361 3297 403 3350 vel
421 3303 481 3350 curn
494 3299 635 3349 burmann.
650 3297 719 3349 cole·
768 3298 837 3347 uett't.
860 3296 882 3364 §.
893 3294 928 3346 Vl
946 3309 985 3365 sq.
1008 3295 1048 3348 Ex
1066 3297 1163 3350 iisdem
1181 3302 1275 3370 priscis

219 3395 274 3427 rem
284 3396 333 3448 pro
342 3377 476 3430 coluissem
486 3380 601 3448 positum
610 3389 704 3450 putare
710 3401 717 3442 ς
767 3375 886 3428 historiis
899 3374 980 3428 ducta
994 3379 1100 3430 somnia
1113 3397 1139 3429 v.
1151 3379 1209 3432 350
1221 3400 1276 3451 sq,

217 3451 366 3508 Dicendum
388 3459 494 3527 potius,
511 3460 655 3529 posuissem·
668 3477 717 3529 pro
766 3466 797 3507 'ut
809 3455 909 3509 ibidem
921 3459 1083 3508 notavimus.

216 3555 341 3608 ponerem
360 3537 470 3588 dictum.
490 3533 542 3590 Sed
561 3539 718 3591 stulterum
802 3535 862 3604 347.
878 3535 931 3586 Hie
944 3553 1037 3602 umor,
1051 3556 1113 3588 cum
1125 3541 1154 3590 vi
1171 3538 1276 3591 dicturo

218 3609 299 3667 recte.
723 3605 725 3630 ¹
767 3615 917 3688 deponis,
934 3633 1015 3686 quam
1029 3629 1119 3684 tutat,
1133 3609 1220 3684 colit,
1234 3614 1278 3669 cu*-

255 3694 315 3763 345.
325 3695 507 3763 3460ωηίῃο
516 3697 646 3766 Apollinis
657 3714 716 3750 ora·
763 3695 807 3765 jus
817 3708 892 3748 tanta
904 3697 1001 3746 caritas
1012 3708 1062 3760 est,
1075 3713 1137 3768 sup.
1151 3699 1202 3763 ΙΙΙ,
1221 3698 1277 3762 134,

220 3775 309 3826 culum
329 3774 389 3829 Deli
410 3775 487 3848 (sup.
509 3777 559 3839 ΠΙ,
581 3776 616 3844 94
636 3779 717 3850 sqq.)
765 3775 865 3827 Hortor
879 3791 969 3825 amare
981 3775 1068 3844 socos.
1082 3805 1118 3814 —-
1131 3777 1197 3829 350.
1213 3778 1276 3842 Qua

219 3868 358 3927 acceptum
375 3855 533 3927 significari,
550 3853 654 3906 Servius
669 3875 717 3907 vo·
766 3856 868 3907 invidia
880 3857 934 3907 est?
947 3855 1012 3926 quid
1025 3869 1113 3922 vetat,
1128 3861 1277 3928 quominus

217 3932 305 3998 lebat,
318 3946 344 3984 et
358 3953 417 3985 eum
439 3952 471 3985 eo
491 3933 550 3997 ulii,
568 3950 635 4003 quos
651 3935 714 3987 vidi.
764 3937 793 3988 id
807 3937 873 3989 ilat?
885 3950 914 3988 ut
932 3939 1033 4008 passim
1050 3939 1148 4008 obarsit
1160 3951 1196 3992 et
1212 3941 1278 3991 invi·

218 4010 257 4061 lta
271 4021 358 4064 tamen
370 4015 412 4064 vi'x
423 4013 513 4064 locuto
526 4011 715 4080 heberet,.lri·
765 4014 836 4070 dere.
853 4035 878 4066 v.
897 4017 1041 4068 burmann.
1057 4048 1092 4060 -
1108 4018 1170 4071 351.
1195 4019 1278 4071 Com-
