2724 4580
233 292 299 334 Ι120
329 299 335 312 ”

481 271 514 332 Ρ.
539 269 766 334 VIRGILII
788 272 1017 338 MARONIS

236 391 376 454 Cernere
388 412 429 451 ne
443 391 516 479 quis
528 413 597 470 eos,
610 379 675 454 neu
689 383 761 481 quis
773 396 962 482 contingere
973 413 1097 482 posset,

234 495 384 558 Molirive
396 518 534 574 moram,
547 513 602 560 aut
614 481 767 561 veniendi
779 521 914 585 poscere
927 523 1063 565 caussas.

234 601 308 684 Ipsa
320 598 468 685 Paphum
480 600 625 664 sublimis
638 601 718 680 abit,
732 601 892 691 sedesque
904 606 1015 669 revisit

233 703 320 764 Laeta
333 725 422 767 suas:
436 703 493 767 ubi
505 705 664 792 templum
676 706 736 785 illi,
750 724 947 798 centumque
960 709 1072 774 sabaeo

233 808 321 870 Ture
334 809 440 872 calent
452 832 529 888 arae,
543 811 702 898 sertisque
715 813 900 877 recentibus
912 813 1032 879 halant.

276 912 476 998 Conripuere
488 899 574 976 viam
586 915 722 993 interea,
737 939 801 1003 qua
812 917 927 980 semita
939 933 1114 995 monstrat;

231 1005 370 1103 lamque
383 1015 625 1080 adscendebant
637 1021 769 1098 collem,
786 1022 842 1107 qui
854 1021 1013 1106 plurimus
1026 1020 1099 1092 urbi

261 1173 314 1229 413.
327 1173 438 1219 Aberraut
454 1175 522 1220 codd.
533 1178 558 1221 in
567 1178 654 1238 nequis
663 1186 686 1220 et
696 1191 740 1220 neu
749 1179 807 1238 quis.
820 1193 841 1222 v.
851 1177 929 1222 Burm.
940 1179 1010 1238 possit
1020 1175 1128 1238 plurimi,
1141 1175 1211 1221 male.
1223 1191 1267 1221 neu

230 1246 271 1305 qui
279 1258 406 1306 coquoscere
420 1248 512 1305 possint.
526 1247 590 1290 Voss.
609 1261 676 1289 unus.
688 1270 719 1280 --
734 1244 787 1302 414.
801 1245 904 1292 Molirive
916 1249 975 1290 vium
986 1247 1066 1290 Hamb.
1080 1262 1114 1308 pr.
1131 1261 1175 1309 que
1190 1247 1264 1306 Bigot.

230 1327 315 1356 moram
329 1313 430 1356 veniendi
439 1329 465 1357 ac
476 1329 499 1375 p.
513 1313 550 1358 ed.
563 1315 622 1358 Ven.
641 1315 725 1358 discere
736 1329 828 1358 caussas
839 1329 892 1376 post
902 1314 1047 1375 Langobard.
1065 1326 1087 1358 ct
1105 1313 1176 1366 alios,
1188 1314 1266 1357 Pierio

230 1382 358 1441 inspectos,
371 1382 478 1426 Rottend.
491 1395 590 1443 uterque
604 1393 627 1426 et
639 1381 719 1427 llamb.
730 1398 770 1427 un.
783 1399 819 1444 pr.
833 1400 879 1428 var.
892 1383 1015 1428 lectione
1027 1399 1055 1427 ex
1066 1383 1115 1425 AEn.
1128 1383 1173 1436 Vl,
1185 1381 1231 1436 488
1240 1384 1265 1424 in

229 1451 412 1496 edd-nonnullis
424 1467 473 1497 esse
482 1453 578 1508 ¹videtur
594 1468 719 1514 exposcere.
732 1453 821 1516 aliquot
832 1455 900 1500 codd.
913 1471 950 1516 ap.
963 1456 1024 1499 Pier.
1036 1457 1159 1516 exquirere·
1169 1477 1201 1488 --
1211 1451 1263 1507 415.

228 1519 322 1581 Paphon
331 1521 412 1566 Hamb.
422 1538 458 1583 pr.
471 1538 524 1567 cum
536 1523 566 1566 al.
579 1535 626 1566 ant.
638 1524 686 1569 edit
696 1523 785 1586 aliquot
795 1540 832 1586 ap.
842 1525 920 1570 Burm.
931 1537 953 1569 et
965 1526 1025 1569 Pier.

228 1670 282 1704 eos
295 1653 336 1703 Ab
348 1655 463 1704 Homero
476 1674 535 1706 eum
547 1655 598 1706 hoe
611 1658 720 1708 traxisse

227 1743 320 1782 notum
337 1745 389 1798 est,
407 1732 478 1802 apud
493 1751 570 1803 quem
588 1752 656 1804 saepe
668 1734 720 1784 hoc

227 1813 354 1871 occurrit3
363 1814 485 1881 inprimis·
493 1830 618 1883 compara
625 1814 718 1884 Odyss.

225 1909 253 1948 a,
269 1891 307 1954 14.
321 1891 446 1958 39-43,
465 1910 542 1960 quem
560 1893 649 1942 locum
664 1895 729 1960 jam·

227 1973 382 2020 monstravit
389 1970 507 2021 Macrob.
517 1973 552 2034 V,
566 1973 596 2038 4,
608 1967 721 2042 cleUlys-

222 2050 253 2098 'se
263 2085 271 2111 ,
285 2049 392 2116 quando
402 2049 506 2101 Alcinoi
516 2053 615 2120 regiam
624 2051 718 2110 intrat;

226 2124 261 2176 ad
284 2130 357 2195 cujus
377 2127 525 2198 exemplum
544 2141 613 2180 totus
632 2131 719 2180 AEneae

133 2228 138 2235 ‘
225 2204 260 2256 ad
271 2205 457 2278 Carthaginem
470 2221 495 2259 et
511 2208 642 2260 Didonem
661 2208 718 2261 adi-

223 2295 265 2334 tus
277 2297 316 2335 est
325 2286 503 2338 adumbratus.
516 2287 584 2338 adde
592 2286 716 2357 Apollon.

223 2362 272 2428 lll,
295 2365 457 2429 nro—214,
477 2377 502 2416 et
521 2365 595 2415 alios.
610 2369 643 2417 cf.
658 2367 684 2417 h.
698 2367 716 2418 l.

223 2437 317 2492 Corda.
329 2443 426 2493 Totum
436 2443 525 2494 locum
532 2449 658 2515 expressit
667 2448 718 2497 Va·

223 2518 269 2569 ler.
283 2519 321 2569 Fl.
339 2522 377 2585 V,
399 2523 450 2586 4οο
472 2540 528 2592 sqq.
549 2525 635 2578 Facile
654 2543 717 2575 vcro

220 2601 356 2668 principes
368 2599 446 2668 hujus
456 2601 647 2682 phantasmatis
659 2622 718 2654 auc·
733 2615 735 2622 ⁴

222 2689 293 2728 tores
305 2679 362 2746 ipse
375 2680 512 2732 oculorum
520 2695 624 2748 sensus,
637 2683 719 2734 nehu-

222 2756 254 2807 lis
272 2777 302 2808 ae
315 2759 429 2810 nubibus
449 2763 534 2812 vicina
553 2760 613 2813 loca
632 2761 717 2812 obdu·

167 2879 170 2885 .
222 2837 357 2901 centibus,
387 2838 453 2888 illud
485 2840 580 2892 docere
609 2841 716 2900 debuit3

221 2916 304 2965 multo
328 2919 411 2988 magis
437 2938 496 2971 cum
524 2919 588 2973 deos
610 2937 716 2988 quoque

221 2995 292 3046 nube
305 2999 414 3048 amictos
431 3010 457 3048 et
474 2999 557 3048 oculis
569 2997 716 3048 subductos

220 3075 299 3146 vulgo
308 3089 454 3130 narrarent.
465 3079 565 3143 --413.
575 3077 633 3142 414.
649 3079 715 3126 (11η-

219 3155 319 3224 tt'npere
327 3193 335 3219 ,
353 3158 420 3220 vim,
434 3158 557 3224 injuriam
573 3157 670 3206 inferre
683 3156 716 3204 iis

220 3245 347 3302 tanquam
354 3234 461 3284 advenis
468 3257 474 3283 :
482 3235 657 3285 barbarorum
667 3251 716 3302 po·

218 3313 342 3380 pulorum
351 3333 431 3364 more.
443 3313 532 3364 moliri
539 3333 638 3364 moram
646 3331 714 3382 pon-

219 3389 339 3441 derosius
364 3409 443 3460 quam
464 3394 565 3454 facere,
590 3393 711 3442 excitare.

216 3461 263 3517 Est
274 3470 343 3519 enim
353 3483 453 3521 struere
461 3469 502 3534 vel
510 3487 614 3522 movere
626 3472 713 3539 poetis

219 3545 316 3596 moliri.

253 3623 312 3688 415.
324 3621 363 3672 Cf.
379 3623 413 3674 ad
423 3644 446 3676 v.
464 3627 502 3676 16.
516 3629 613 3677 Versus
622 3645 652 3677 cx
662 3627 715 3676 Ho·
733 3693 735 3697 ι

217 3719 290 3751 mero
304 3701 351 3751 sed
361 3705 480 3754 ornatius
493 3706 608 3771 expressi
618 3704 713 3774 Odyss.

218 3779 254 3838 θ,
278 3779 328 3830 362
351 3796 390 3847 sq.
412 3778 543 3848 Compara
567 3783 661 3850 Hymn.
686 3782 713 3831 in

217 3858 299 3908 Vane.
312 3858 357 3923 58,
375 3856 408 3924 59
418 3873 474 3926 sqq.
488 3857 615 3927 etOdyss.
629 3879 657 3917 r,
669 3859 712 3924 80,

219 3937 249 3988 81
263 3952 319 4007 sqq.
331 3934 363 3986 de
375 3936 501 3988 Minerva.
512 3934 547 3987 At
559 3953 591 3988 ex
603 3936 712 4010 Virgilio

769 1654 865 1705 Statius
884 1657 907 1704 V
926 1654 1014 1720 Theb.¹
1030 1655 1060 1704 61
1081 1650 1134 1701 Illa
1152 1651 1264 1720 Paphon

770 1743 879 1782 veterem
905 1743 1061 1802 centumque
1088 1728 1184 1780 altario
1214 1729 1265 1779 lin-

770 1830 858 1882 quens.
872 1809 952 1877 Quod
967 1823 1054 1862 autem
1070 1810 1133 1860 turis
1146 1821 1172 1860 et
1181 1821 1265 1858 serto-

769 1908 828 1940 rum
849 1891 944 1940 0dores
964 1889 1142 1940 exhalantium
1161 1899 1263 1937 tantum

770 1968 799 2018 lit
811 1973 923 2033 mentio,
938 1987 992 2019 non
1004 1969 1169 2017 victimarum
1187 1981 1264 2016 carsa-

770 2066 841 2113 rum,
855 2051 917 2100 satis
935 2048 1012 2099 docte
1025 2049 1180 2114 interpretes
1195 2045 1264 2094 refe·

769 2139 830 2177 runt
843 2127 877 2177 ad
889 2145 989 2177 morem
1000 2142 1134 2176 sacrorum
1143 2123 1263 2184 Veneris,

770 2209 842 2278 quod
855 2227 905 2260 arae
916 2207 1004 2258 nullus
1017 2207 1124 2276 sanguis
1137 2201 1264 2254 offunde-

767 2288 861 2352 batur,
874 2291 984 2339 maxime
1001 2285 1105 2356 Papbiae
1118 2285 1222 2335 Veneri.
1236 2300 1263 2333 v.

767 2368 849 2418 Tacit.
870 2369 935 2416 Hist.
955 2367 992 2430 ll,
1008 2365 1033 2416 3.
1047 2365 1082 2413 ci.
1095 2362 1122 2413 b.
1135 2361 1152 2411 l.
1167 2359 1261 2412 Cerda.

767 2446 841 2497 Alius
854 2465 913 2497 cum
930 2445 1066 2516 elegantiae
1079 2459 1156 2494 sensu
1172 2440 1206 2492 ad
1220 2439 1264 2503 id,

770 2525 842 2596 quod
850 2524 926 2576 deam
936 2524 1091 2575 deliciarum
1103 2534 1129 2573 et
1140 2521 1263 2590 volupta-

766 2607 799 2654 tis
808 2605 934 2655 arbitram
942 2603 1035 2654 decere
1043 2603 1141 2672 possit,
1150 2601 1263 2651 referat:

768 2683 902 2754 quomodo
916 2685 999 2746 enirn,
1011 2683 1111 2750 inquit,
1125 2693 1170 2731 aut
1185 2678 1264 2730 victi-

766 2779 869 2812 marum
886 2761 979 2812 nidore
996 2761 1042 2811 illa
1058 2759 1197 2825 delectari,
1217 2770 1265 2808 aut

766 2842 835 2891 iuter
848 2839 943 2891 odores
957 2841 1023 2889 turis
1040 2851 1066 2888 et
1078 2837 1172 2888 florum
1183 2839 1262 2888 istum

766 2917 887 2968 nidorem
900 2916 1050 2970 desiderare
1066 2918 1171 2985 potest?
1187 2914 1263 2966 Com·
1281 2977 1284 2981 .

765 3010 844 3065 parat
856 2995 943 3047 locum
954 2994 1109 3046 Callimachi
1118 2994 1150 3044 de
1159 2993 1262 3063 Apolli-

765 3076 805 3124 nis
818 3074 912 3125 Carnei
924 3093 970 3125 ara
980 3075 1011 3124 H.
1025 3075 1051 3123 in
1062 3073 1149 3142 Apoll.
1162 3075 1194 3124 80
1202 3089 1260 3141 sqq.

765 3152 891 3204 Guellius.
905 3150 963 3202 leta
975 3171 999 3202 v.
1013 3151 1064 3216 416
1075 3152 1182 3219 accipe,
1195 3167 1262 3218 quo-

738 3249 739 3252 *
764 3234 834 3284 niam
866 3231 963 3302 gaudet
990 3227 1090 3298 Papho.
1119 3229 1207 3280 Saboeo
1234 3246 1260 3277 v.

764 3311 860 3380 Georg.
873 3311 910 3374 11,
928 3325 984 3378 117.
1111 3361 1113 3364 ,

798 3391 855 3457 418.
883 3391 1015 3460 Corripere
1043 3388 1128 3452 viam,
1156 3388 1263 3460 ductips

765 3488 861 3540 quam,
880 3469 941 3532 iter,
961 3468 987 3519 h.
1000 3463 1030 3518 Je.
1049 3467 1183 3531 celeriter,
1201 3485 1263 3537 rap-

763 3550 825 3612 tim,
837 3549 938 3610 facere,
952 3547 1067 3615 exigere3
1081 3545 1118 3593 sie
1131 3545 1261 3614 corripere

761 3645 892 3698 premam,-
917 3625 1020 3675 doctius
1042 3623 1122 3675 etiam
1144 3624 1181 3686 V,
1211 3623 1261 3689 144

764 3705 910 3774 corripuere
928 3719 1049 3770 campum
1066 3717 1163 3751 camus.
1187 3700 1262 3752 Simi.

762 3783 822 3849 liter
835 3801 924 3853 rapere
936 3780 1034 3831 dictum
1053 3781 1177 3830 occurrit.
1188 3777 1212 3830 r.
1225 3779 1261 3834 ad

761 3861 849 3910 Valer.
864 3861 901 3911 Fl.
914 3859 939 3923 1,
953 3859 977 3924 4.

797 3937 855 4010 419.
872 3938 924 4010 Qui
931 3933 1026 4008 plurim
1032 3935 1129 4008 111111ὺί
1139 3934 1261 3991 immittat
