2718 4598
264 286 327 369 274

512 283 546 343 r.
570 277 800 342 vrnornu
824 276 1054 342 Minonis
1091 261 1093 272 '

264 406 309 468 Ut
320 403 418 470 vidit:
431 405 511 486 Quae
523 426 616 468 mens
628 419 696 466 tam
708 399 792 480 dira,
806 401 987 465 miserrime
999 401 1158 491 conjunx,

263 512 398 598 Impulit
409 510 460 574 his
473 511 559 598 cingi
571 509 731 572 telislaut
743 529 810 595 quo
822 507 1039 596 ruisPinquit.
1264 523 1304 567 520

262 618 337 679 Non
349 616 405 680 tali
416 616 550 693 auxilio,
564 636 626 678 nec
638 611 867 677 defensoribus
879 613 948 677 istis

262 722 409 808 Tempus
422 737 512 809 eget,
526 743 607 799 non,
621 720 649 784 si
661 720 731 806 ipse
743 739 836 782 mens
848 741 937 784 nunc
948 717 1078 783 adforet
1091 719 1228 784 Hector.

262 831 336 896 Huc
348 827 482 894 tandem
493 826 638 894 concede
648 854 657 908 3
669 827 739 892 haec
751 851 806 891 ara
818 826 966 892 tuebitur
978 827 1101 890 omnis:

261 939 326 1000 Aut
338 937 477 999 moriere
490 935 596 1000 simul.
610 935 662 1000 Sic
674 957 731 998 ore
745 933 856 1013 effata,
870 934 995 1020 recepit

259 1039 310 1105 Ad
323 1064 407 1120 sese,
425 1058 456 1105 et
468 1064 558 1106 sacra
569 1042 755 1128 longaevum
766 1040 801 1103 in
814 1037 893 1104 sede
904 1039 1033 1105 locavit.

304 1149 389 1212 Ecce
401 1164 511 1212 autem
524 1147 652 1234 elapsus
665 1145 779 1234 Pyrrhi
793 1144 834 1209 de
848 1144 938 1211 caede
950 1145 1085 1222 Polites,
1132 1150 1138 1166 “

260 1253 354 1316 Unus
366 1270 518 1316 natorum
530 1253 663 1331 Priami,
677 1274 738 1340 per
749 1254 827 1331 tela,
842 1275 902 1340 per
913 1252 1016 1316 hostis

258 1357 440 1422 Porticibus
452 1359 558 1446 longis
571 1359 668 1446 fugit,
683 1375 715 1423 et
726 1381 828 1424 vacua
840 1359 921 1422 atria
933 1358 1049 1421 lustrat

258 1463 402 1528 Saucius.
417 1465 515 1527 lllum
526 1462 645 1528 ardens
658 1464 778 1529 infesto
790 1465 926 1530 volnere
938 1463 1081 1553 Pyrrhus

222 1627 229 1646 ,
259 1571 462 1658 Insequitur,
472 1570 686 1660 jamjamque
698 1595 799 1636 manu
810 1588 914 1651 tenet,
929 1588 962 1635 et
973 1570 1093 1658 premit
1104 1568 1209 1633 hasta.
1260 1580 1299 1626 530

258 1675 303 1738 Ut
314 1674 449 1739 tandem
460 1694 535 1740 ante
548 1678 662 1742 oculos
675 1679 776 1742 evasit
789 1694 821 1742 et
833 1701 890 1742 ora
904 1693 1095 1765 parentum:

258 1779 422 1861 Concidit,
437 1805 474 1847 ac
486 1783 590 1848 multo
603 1783 703 1846 vitam
716 1806 792 1847 cum
804 1785 962 1872 sanguine
975 1781 1071 1848 fudit.

256 1930 333 1992 Vulgo
337 1930 483 1994 juvenilibus,
494 1945 516 1976 at
528 1946 597 1994 poeta
606 1935 680 1978 rarius
689 1936 756 1994 sequi
766 1933 884 1978 dehet.—
893 1935 945 1978 521.
956 1950 1001 1978 non
1010 1933 1054 1995 def.
1067 1931 1183 1976 Montalb.
1194 1931 1239 1994 def.
1249 1933 1300 1975 ostis

256 2003 348 2064 Menag.
362 2005 496 2064 pr.-522.
510 2008 564 2049 meis
574 2004 703 2060 Montana,
713 2004 774 2050 male
785 2023 807 2051 v.
817 2005 839 2061 l,
852 2005 904 2050 232.
914 2007 959 2062 111,
969 2005 1101 2066 4891511112.
1112 2029 1141 2037 —-
1154 2003 1206 2059 524.
1220 2003 1299 2048 Velm.
1346 2059 1347 2072 ,

256 2072 361 2118 Parrhas.
372 2073 445 2136 affitta
454 2073 534 2134 plures
543 2075 658 2119 Burm-
667 2075 719 2119 525.
727 2073 855 2140 ,1011910υο122
865 2076 925 2120 Gud.
938 2079 962 2120 in
973 2076 1043 2121 abest·
1048 2076 1167 2136 Excerptis
1176 2075 1300 2118 Burmann.

257 2155 280 2189 et
289 2144 358 2189 Goth.
370 2157 422 2190 tert.
434 2161 449 2189 α
462 2146 513 2190 sede
526 2145 601 2206 Bigot.
613 2171 645 2180 —
657 2145 709 2190 528.
725 2146 775 2209 fuit
790 2147 838 2192 duo
855 2148 974 2193 Burmann
990 2182 996 2202 ,
1014 2160 1040 2192 ut
1055 2147 1115 2191 forte
1133 2144 1198 2189 alibi.
1210 2143 1299 2206 fuqiens

256 2229 328 2259 vacua
341 2215 416 2278 Bigot.
427 2242 458 2252 -
468 2217 520 2276 529.
539 2216 621 2279 infecto
634 2233 681 2263 sec.
695 2217 780 2262 Moret.
793 2231 816 2263 et
831 2216 868 2263 ed.
879 2219 939 2262 Dan.
952 2219 1032 2264 Heius.
1052 2215 1151 2278 infausto
1161 2215 1253 2274 Menag.
1265 2230 1299 2274 pr.

256 2285 336 2347 infesto
345 2291 368 2331 in
377 2285 468 2332 vulnere
480 2287 600 2350 Oblongus
618 2290 701 2344 Pierii,
718 2290 810 2336 saucius
822 2290 884 2334 enim
895 2301 944 2334 erat
955 2289 1056 2343 Polites;
1073 2287 1137 2348 quod
1147 2285 1203 2330 ferri
1216 2283 1297 2347 posset.
1345 2277 1346 2326 1

255 2379 287 2389 -
297 2355 349 2400 531.
361 2360 431 2401 evasit
439 2366 462 2402 et
472 2368 523 2402 ante
534 2375 556 2419 p.
567 2359 663 2421 quidam
675 2360 790 2415 Pieriaui,
803 2375 816 2406 e
827 2358 910 2421 glossa.
923 2385 954 2394 —
966 2358 1018 2404 532.
1035 2365 1057 2401 et
1067 2360 1136 2400 vitam
1146 2353 1217 2401 multo
1230 2354 1300 2398 Wall.
1345 2341 1346 2400 1

255 2475 318 2528 lutis
331 2497 344 2530 e
357 2478 410 2530 loci
420 2482 559 2532 sanctitate
569 2480 708 2532 habiturae.
719 2513 754 2522 -
802 2485 932 2551 Trojanos
940 2479 1220 2553 jamfugadispersos,
1228 2481 1296 2530 conf.

254 2557 415 2626 precipites,
447 2559 600 2613 devolantes
630 2563 664 2613 ad
694 2563 754 2614 loca
802 2566 944 2615 Burmann.
964 2562 998 2614 ad
1018 2561 1076 2613 Val.
1096 2561 1296 2624 Fl.1v,21.-

257 2637 752 2710 tuta-519.Mensdira,quaedira,
803 2641 862 2711 529.
890 2642 982 2712 infesto
1006 2639 1112 2691 vulnere
1134 2639 1297 2710 insequitur,

255 2715 324 2766 male
344 2719 474 2781 ominata,
493 2718 672 2772 abominanda
690 2739 754 2771 con·

255 2793 314 2844 silia
331 2796 421 2864 agitat.
437 2826 472 2834 -
485 2797 543 2847 522.
558 2810 628 2869 0901,
647 2801 754 2851 1101210-

254 2891 300 2924 cus
320 2886 367 2923 est.
381 2904 414 2912 -
428 2874 487 2928 525.
504 2893 576 2926 sacra
592 2878 668 2944 sede,
691 2899 766 2946 212,

253 2971 278 3002 v.
293 2954 352 3005 513.
364 2953 499 3019 multare,
514 2954 573 3007 515.

289 3033 348 3085 526.
367 3033 465 3086 Polites
482 3038 552 3086 inter
570 3037 666 3088 Priami
682 3037 751 3090 lilios

250 3115 305 3180 jum
322 3131 353 3164 ex
369 3115 484 3166 Homero
504 3128 595 3177 notus;
617 3117 751 3170 celeritate

252 3192 351 3262 pedum
359 3196 467 3265 insignis
476 3197 564 3246 statim
572 3196 647 3246 Iliad.
656 3198 674 3256 β
680 3235 687 3256 ,
700 3217 747 3267 79¹

252 3286 412 3324 memoratus
424 3274 496 3326 idem
510 3277 579 3326 inter
590 3290 749 3346 pugnantes.

251 3353 313 3420 Ejus
326 3351 422 3418 filiurn,
441 3356 588 3420 Priamum,
601 3355 749 3407 videbimus

252 3431 320 3481 inter
332 3432 418 3482 AEneae
430 3436 516 3484 socios
528 3435 576 3484 inf.
589 3436 625 3497 V,
640 3434 698 3500 564.
710 3435 749 3486 De

252 3509 342 3559 Politis
355 3510 425 3562 crede
437 3530 461 3561 v.
475 3515 503 3563 in
515 3513 622 3564 Excurs.
633 3513 675 3562 xl.

287 3587 346 3639 528.
356 3589 502 3642 Porticibus
512 3590 603 3664 lonqis.
613 3591 639 3642 Si
649 3594 748 3644 Home-

802 2723 911 2789 inleste,
932 2721 1022 2772 hostili
1044 2739 1131 2782 more,
1156 2731 1186 2768 ut
1206 2719 1296 2768 vulnus

801 2805 914 2864 inferat;
928 2802 975 2854 sed
992 2803 1105 2852 alterum
1118 2799 1203 2849 multo
1218 2801 1295 2869 magis

800 2885 951 2952 poeticum,
965 2879 1071 2931 vulnere
1082 2878 1184 2948 infesto.
1198 2877 1233 2928 At
1242 2877 1295 2928 oul-

800 2981 850 3013 nus
859 2961 892 3012 de
905 2962 958 3012 telo
972 2960 999 3010 h.
1011 2960 1028 3010 l.
1044 2971 1105 3029 post
1122 2957 1190 3008 alios
1204 2959 1295 3027 accipit

800 3042 904 3102 Burm.;
917 3054 947 3090 ut
957 3057 1102 3108 sane.saepe
1114 3036 1211 3087 vulnus
1223 3035 1293 3088 reddi

800 3132 897 3190 potest.
917 3122 951 3170 cf.
965 3120 1012 3169 inf.
1030 3119 1093 3181 Vll,
1108 3115 1169 3169 533.
1187 3118 1224 3178 X,
1240 3113 1291 3178 140.

800 3200 864 3262 XII,
880 3197 946 3267 376:
961 3197 1016 3250 scil.
1031 3196 1140 3267 quando
1151 3195 1184 3244 de
1198 3193 1248 3245 telo
1259 3195 1292 3242 112

800 3280 900 3350 agitur,
913 3292 942 3329 ut
954 3278 1048 3328 vulnus
1059 3275 1093 3327 ab
1106 3293 1138 3326 eo
1151 3276 1249 3324 factum
1261 3275 1292 3321 si·

799 3358 854 3408 mul
867 3370 1034 3410 memoretur.
1044 3354 1144 3427 premit
1156 3352 1242 3415 hasta,
1255 3371 1290 3402 ex·

800 3439 921 3506 quisitius
936 3455 1015 3506 quam
1031 3431 1170 3502 transfigit.
1191 3434 1224 3482 cl.
1241 3432 1288 3492 lx,

798 3516 857 3568 330.
872 3519 980 3586 Proprie
986 3514 1084 3585 premit
1093 3511 1194 3563 liastam
1206 3514 1238 3575 is,
1249 3513 1289 3580 qui

797 3613 856 3646 eam
868 3596 968 3666 infigit,
982 3593 1077 3664 adigit,
1090 3591 1233 3660 lprrlipsru.
1246 3592 1289 3640 Ρο-

251 3668 307 3716 rica
326 3679 351 3717 et
374 3683 428 3744 non
448 3687 496 3721 sua
517 3673 606 3741 potius
627 3683 749 3742 tempora
795 3673 855 3724 lites
881 3676 961 3745 igitur
981 3672 1135 3723 vulneratus
1161 3691 1177 3723 a
1197 3669 1286 3742 Pyrrho

251 3758 377 3814 sequutus
397 3760 449 3811 est,
467 3748 585 3804 21502222
604 3753 748 3820 expressit,

251 3841 308 3893 quae
320 3821 391 3876 adiit
405 3827 438 3877 ab
452 3843 564 3898 utraque
576 3841 652 3900 parte
666 3847 746 3880 orna-

249 3903 303 3953 bat.
315 3905 376 3962 Mox
387 3902 480 3957 lustrat
493 3906 520 3956 h.
536 3906 554 3956 1.
570 3907 707 3972 discursu,
721 3922 746 3960 et

250 4000 332 4034 vacua
352 4001 411 4035 cum
430 3984 542 4049 dilectu,
563 3998 592 4035 ut
618 3986 746 4054 significet

797 3754 878 3822 fugin
894 3754 1007 3825 Pyrrhus
1019 3754 1185 3822 insequitur,
1198 3767 1286 3801 norum

796 3831 893 3882 vulnus
903 3834 1038 3896 illaturus,
1054 3845 1081 3882 et
1089 3834 1146 3900 jam
1158 3833 1186 3881 in
1198 3849 1228 3882 eo
1238 3841 1285 3890 est,

796 3922 825 3959 ut
837 3929 899 3961 eum
908 3914 1019 3982 attingat
1026 3911 1116 3961 hasta:
1128 3929 1189 3960 cum
1199 3907 1283 3957 Polites

1341 3583 1343 3632 1

1342 3635 1343 3660 i

796 3991 927 4042 evulnere
936 4004 1045 4060 accepto
1057 3988 1184 4039 concidit.
1193 3991 1220 4038 ln
1231 3987 1283 4039 531.
1341 4017 1342 4034 .
