2656 4592
356 253 592 320 nuuinos
617 255 770 319 Linun
795 256 858 342 ru.¹

80 381 142 447 His
154 359 302 446 medium
315 378 410 445 dictis
423 393 611 445 sermonem
623 378 802 470 abrumpit,
818 398 850 446 et
860 403 955 458 auras

80 491 178 576 AEgra
190 487 287 575 fugit,
302 509 404 576 seque
418 509 456 550 ex
469 487 573 552 oculis
585 488 703 551 avertit
715 503 747 552 et
758 488 884 570 aufert3

80 595 252 684 Linquens
265 594 369 659 multa
379 609 471 658 metu
483 609 709 686 cunctantem,
724 610 757 659 et
769 594 872 658 multa
883 577 1053 683 parantem
1086 608 1131 670 39.»

79 702 210 768 Dicere.
225 701 413 789 Suscipiunt
426 701 571 782 famulas,
586 701 807 789 conlapsaque
820 700 969 766 membra

77 809 269 872 Marmoreo
281 808 432 884 referunt
446 805 604 888 thalamo,
619 807 794 896 stratisque
807 825 983 895 reponunt.

125 917 167 1008 A}
178 911 253 1003 pius
266 917 397 995 AEneas,
412 937 615 1003 quamquam
627 913 733 978 lenire
746 911 916 979 dolentem

78 1021 225 1098 Solaudo
238 1025 343 1111 cupit,
359 1040 391 1088 et
403 1023 498 1089 dictis
510 1040 659 1092 avertere
672 1044 781 1103 curas;

77 1129 188 1194 Multa
201 1151 350 1216 gemens,
365 1145 553 1219 magnoque
566 1131 714 1194 animum
726 1128 906 1192 labefactus
918 1149 1047 1206 amore3
1089 1139 1133 1201 395
1228 1179 1230 1183 .

59 1223 60 1226 Ἴ
77 1233 100 1300 J
103 1258 177 1302 ussa
189 1251 299 1300 tamen
312 1234 427 1300 divom
439 1236 643 1325 exsequitur4
660 1235 864 1323 classemque
877 1234 999 1298 revisit.

77 1344 171 1406 Tum
182 1364 262 1406 vero
274 1343 397 1406 Teucri
409 1341 621 1420 incumbunt,
637 1358 670 1405 et
681 1343 778 1406 litore
791 1341 893 1406 celsas
962 1331 963 1336 ἵ

77 1445 260 1513 Deducunt
273 1462 343 1511 toto
356 1445 459 1512 navis.
472 1447 569 1511 Natat
581 1463 680 1510 uncta
692 1448 818 1526 carina;

80 1552 349 1641 Frondeutisque
362 1554 475 1617 lerunt
487 1576 596 1618 remos
610 1570 643 1616 et
654 1553 774 1617 robora
786 1553 875 1618 silvis

78 1658 294 1737 lumbricata,
309 1659 394 1745 fugae
408 1656 529 1722 studio.

78 1765 254 1852 Migrantis
267 1785 397 1842 cernas,
410 1779 546 1852 totaque
560 1786 599 1828 ex
612 1763 693 1849 urbe
706 1764 846 1841 ruentis,

1067 261 1133 347 519

113 1955 168 2003 388.
180 1955 272 2020 abrupit
284 1955 374 2020 aliquot
386 1960 464 2004 Burm.
479 1971 501 2005 et
514 1957 584 2004 Goth.
600 1969 652 2004 tert.
663 1956 776 2018 abrumpit
784 1958 860 2020 Sprot.
870 1979 901 1990 -
910 1954 964 2017 390.
979 1964 1060 2002 cuncta
1074 1964 1133 2001 metu

77 2031 136 2074 Exc.
148 2030 227 2074 Burin.
240 2037 364 2074 sectantem
375 2029 446 2078 wall.
459 2049 471 2077 a
483 2048 515 2076 m.
525 2028 683 2093 plaudentem
693 2029 781 2074 Medic.
795 2043 847 2073 cum
860 2029 939 2074 Heius.
953 2040 976 2073 et
985 2028 1098 2074 Pierianis
1108 2037 1135 2074 ac
1164 2035 1167 2040 “

78 2097 161 2144 multis
171 2099 235 2153 aliis,
245 2098 312 2144 solita
321 2103 458 2147 variatione.
469 2103 516 2160 Qui
526 2100 589 2164 apud
599 2103 663 2147 Serv.
676 2101 790 2162 linquens
796 2113 840 2160 pro
850 2097 1002 2161 delinquens,
1010 2096 1134 2153 deficiens,

77 2187 208 2232 accepere,
220 2173 246 2216 in
257 2187 323 2235 seqq.
341 2173 445 2220 debuere
460 2175 561 2236 jungere
571 2165 661 2218 {multa
670 2197 701 2206 -
710 2169 947 2233 dicerepsuscipt'untf.
961 2195 992 2206 -
1002 2169 1053 2231 392.
1067 2171 1134 2216 Maru
1173 2222 1176 2228 ¹

78 2258 182 2290 motuum
193 2243 316 2289 thalamum
325 2261 368 2307 pro
378 2247 418 2302 in,
432 2261 477 2292 nec
485 2245 531 2292 hoc
541 2245 649 2302 indocte,
659 2245 743 2292 Moret.
756 2261 792 2306 pr.
806 2254 829 2289 et
838 2244 891 2288 Ero..
902 2245 980 2288 Burro.
989 2269 1021 2279 -·
1030 2243 1082 2304 393.
1093 2243 1134 2289 do·

79 2314 152 2360 iorem
164 2326 209 2360 tres
218 2316 296 2360 Burm.
307 2341 338 2350 —
347 2314 400 2376 395.
410 2317 497 2362 Deerat
505 2329 585 2362 versus
597 2315 703 2362 Parthas.
711 2341 743 2351 -
751 2314 805 2376 396.
815 2316 917 2378 sequitur
926 2327 972 2360 tres
981 2315 1060 2359 Bur-m.
1070 2312 1134 2360 clas-

78 2389 168 2446 simque
184 2387 259 2446 Sprot.
276 2411 309 2420 -
318 2384 370 2446 398.
385 2394 432 2432 utto
447 2385 542 2432 Vratisl.
553 2411 584 2422 -
595 2386 647 2448 399.
666 2402 740 2432 ramos
753 2385 822 2430 multi
836 2385 916 2430 Heius.
929 2395 953 2430 et
963 2383 1134 2440 Burm.‚taci1t

77 2456 156 2518 lapsu.
166 2457 213 2504 Sed
223 2469 246 2503 et
255 2458 394 2504 andentes
405 2462 462 2504 remi
472 2460 609 2521 exquisitius
621 2457 691 2522 quid,
704 2473 774 2521 quarn
779 2457 803 2520 f
815 2472 893 2502 mmus
899 2476 908 2512 ,·
919 2459 962 2504 etsi
974 2455 1029 2507 sliat
1043 2470 1133 2509 ramus,

79 2536 188 2583 muscus,
205 2527 278 2583 trabs,
291 2528 409 2591 eleganter
420 2545 464 2592 pro
480 2545 541 2576 reum
555 2528 602 2578 dici
617 2531 698 2592 possit.
708 2553 740 2564 —
748 2527 802 2586 loo.
811 2527 877 2594 fuqoe
890 2528 970 2574 suda.
982 2529 1073 2587 Desunt
1084 2524 1133 2586 hac

77 2616 116 2662 pr.
130 2600 264 2646 Rotunda
275 2616 305 2646 m.
318 2616 364 2660 sec.

76 2779 133 2826 ros,
142 2775 167 2816 te
177 2763 281 2820 dedisse
291 2786 393 2838 poenas.
405 2769 459 2836 Qui
471 2770 584 2842 loqueu-

78 2842 108 2894 di
136 2842 232 2894 modus
256 2858 282 2897 et
307 2847 371 2900 alibi
394 2852 520 2902 occurrit.
546 2851 580 2902 cf.

76 2922 168 2973 Ursin.
182 2923 263 2992 Apud
275 2926 382 2978 Pindar.
396 2928 438 2978 01.
458 2931 534 2993 xlv,
549 2947 582 2998 29

77 3003 162 3052 Fama
179 3001 213 3052 ad
234 3004 335 3055 inferos
351 3009 457 3076 parenti
475 3009 583 3061 nuntiat

77 3079 220 3148 victoriam
232 3080 287 3132 lilii.

115 3157 176 3211 388.
183 3189 217 3198 -—
225 3161 285 3230 392.
296 3160 518 3234 Abruptoutique
527 3163 580 3216 hoc

78 3257 201 3292 sermone
213 3239 281 3293 nihil
293 3239 433 3308 disertius,
445 3243 512 3295 nihil
525 3243 581 3296 elo-

79 3322 219 3392 quentius,
230 3319 283 3373 dici
292 3334 406 3392 poterat.
415 3324 516 3394 -390,
528 3326 581 3376 me·

78 3413 125 3465 tu,
142 3400 319 3463 dubitatione.
339 3403 519 3477 aurasfupit,
534 3404 579 3456 lu-

78 3499 155 3532 cem:
170 3481 369 3536 toedetcouuexa
379 3482 438 3536 cati
450 3485 519 3536 tueri
530 3485 578 3538 int.

30 3563 38 3576 ¹
78 3558 142 3628 451,
153 3559 337 3630 inthalamum
351 3580 379 3615 se
392 3565 510 3634 recipere
530 3583 580 3635 pu-

632 2771 735 2842 cipiunt
747 2787 806 2824 eam
818 2777 993 2838 etreportant
1005 2767 1033 2819 iu
1044 2763 1134 2816 thala-

632 2869 734 2902 mum..

667 2929 718 2998 393
726 2926 826 2996 -395.
837 2925 954 2988 Oroete,
968 2915 1133 2992 quamquam

632 3027 691 3061 eam
703 3007 784 3060 solari
797 3005 932 3077 cupiebat.
953 3003 1068 3057 Multum
1080 3002 1132 3054 do-

631 3087 688 3140 lens
706 3083 796 3155 (πολλιί
806 3084 829 3152 ’γ’
844 3082 984 3154 idupo‘puu)
1000 3095 1027 3135 et
1041 3100 1132 3138 amore

629 3164 734 3218 ardens.
1045 3229 1049 3235 ι

665 3246 726 3316 397.
750 3244 934 3308 incumbunt,
958 3261 1013 3294 non
1037 3243 1130 3303 remis3

630 3323 677 3377 sed
689 3324 797 3376 omniuo
810 3322 844 3374 de
856 3321 945 3374 studio
957 3344 963 3372 ε
974 3322 1009 3374 cf.
1023 3322 1070 3374 inf.
1084 3322 1130 3388 lx,
1172 3357 1174 3362 ,

631 3406 673 3478 73.
685 3404 849 3476 Comparant
857 3402 932 3456 lliad.
944 3404 972 3464 d,
985 3402 1035 3455 223
1043 3404 1131 3474 sq.de

629 3487 837 3559 Agamemnone.
859 3483 952 3538 Malim
964 3482 1015 3554 ¹illa
1028 3502 1132 3538 memo·

630 3586 689 3620 rare
697 3604 705 3631 ‚
714 3565 789 3618 Iliad.
801 3566 833 3626 β,
848 3564 896 3634 149
907 3581 965 3634 sqq.
973 3564 1026 3616 uhi
1035 3561 1131 3616 Achivi

79 3641 170 3694 tanda.
184 3659 253 3716 aepra
262 3645 400 3716 preclare,
409 3647 509 3718 quippe
519 3665 582 3698 mox
630 3647 664 3700 de
676 3646 795 3699 discessu
807 3645 933 3716 cogitant.
950 3643 1014 3694 Mox
1033 3653 1129 3707 uncta,

80 3719 228 3791 deliquium
255 3725 337 3778 animi
370 3743 504 3796 passura;
531 3725 580 3780 sed
629 3728 689 3798 pice
702 3725 838 3790 delibuta,
851 3721 923 3776 Serv.
931 3722 1022 3795 fuya,
1036 3721 1128 3781 celeris
1152 3745 1156 3750 ·

81 3799 169 3853 adhuc
181 3805 250 3856 vires
260 3807 340 3856 sumit
352 3806 386 3858 ab
396 3809 440 3858 irae
449 3820 521 3858 aestu.
532 3808 580 3860 Re·
627 3805 823 3880 prolectionis‚
850 3816 879 3855 ut
906 3815 991 3874 poetae
1025 3802 1129 3870 solent,

80 3879 216 3950 liquorum
227 3884 288 3937 vide
309 3898 432 3942 ornatum
443 3904 579 3958 pro,-sus·
628 3889 708 3942 etiam
720 3887 804 3942 Greci
814 3886 842 3938 iu
854 3879 933 3951 φνγιὶ,
947 3879 1047 3950 stitw-
