<?xml version="1.0" encoding="UTF-8"?>
<!DOCTYPE html PUBLIC "-//W3C//DTD XHTML 1.0 Transitional//EN"
    "http://www.w3.org/TR/xhtml1/DTD/xhtml1-transitional.dtd">
<html xmlns="http://www.w3.org/1999/xhtml" xml:lang="en" lang="en">
 <head>
  <title>
</title>
<meta http-equiv="Content-Type" content="text/html;charset=utf-8" />
  <meta name='ocr-system' content='tesseract 3.04.00' />
  <meta name='ocr-capabilities' content='ocr_page ocr_carea ocr_par ocr_line ocrx_word'/>
</head>
<body>
  <div class='ocr_page' id='page_1' title='image "./pvirgiliusmaroq00barbgoog_0020.png"; bbox 0 0 2694 4574; ppageno 0'>
   <div class='ocr_carea' id='block_1_1' title="bbox 114 273 907 369">
    <p class='ocr_par' dir='ltr' id='par_1_1' title="bbox 114 239 907 369">
     <span class='ocr_line' id='line_1_1' title="bbox 114 273 907 369; baseline -0.003 -24"><span class='ocrx_word' id='word_1_1' title='bbox 114 359 116 365; x_wconf 46' lang='grc'>,</span> <span class='ocrx_word' id='word_1_2' title='bbox 183 279 234 369; x_wconf 49' lang='grc' dir='ltr'>χει</span> <span class='ocrx_word' id='word_1_3' title='bbox 544 273 907 363; x_wconf 66' lang='grc' dir='ltr'>υιεουιειτιω</span> 
     </span>
    </p>
   </div>
   <div class='ocr_carea' id='block_1_2' title="bbox 126 394 1335 3638">
    <p class='ocr_par' dir='ltr' id='par_1_2' title="bbox 212 394 1254 596">
     <span class='ocr_line' id='line_1_2' title="bbox 212 394 1254 490; baseline -0.002 -19"><span class='ocrx_word' id='word_1_4' title='bbox 212 428 276 471; x_wconf 89' lang='lat' dir='ltr'>uus</span> <span class='ocrx_word' id='word_1_5' title='bbox 292 403 551 483; x_wconf 79' lang='lat' dir='ltr'>constituuntur3·</span> <span class='ocrx_word' id='word_1_6' title='bbox 569 403 676 467; x_wconf 60' lang='lat' dir='ltr'>verbo&gt;</span> <span class='ocrx_word' id='word_1_7' title='bbox 688 400 909 468; x_wconf 73' lang='lat' dir='ltr'><em>admiratione</em></span> <span class='ocrx_word' id='word_1_8' title='bbox 919 402 1058 490; x_wconf 77' lang='lat' dir='ltr'>qucesita</span> <span class='ocrx_word' id='word_1_9' title='bbox 1072 394 1254 469; x_wconf 56' lang='lat' dir='ltr'>deleam?</span> 
     </span>
     <span class='ocr_line' id='line_1_3' title="bbox 212 507 1219 596; baseline -0.002 -24"><span class='ocrx_word' id='word_1_10' title='bbox 212 509 396 578; x_wconf 79' lang='lat' dir='ltr'>moderatur</span> <span class='ocrx_word' id='word_1_11' title='bbox 406 511 440 572; x_wconf 86' lang='lat' dir='ltr'>in</span> <span class='ocrx_word' id='word_1_12' title='bbox 451 507 510 573; x_wconf 79' lang='lat' dir='ltr'>hoc</span> <span class='ocrx_word' id='word_1_13' title='bbox 521 530 637 596; x_wconf 77' lang='lat' dir='ltr'>genem</span> <span class='ocrx_word' id='word_1_14' title='bbox 649 509 768 572; x_wconf 76' lang='lat' dir='ltr'>omnia⁸</span> <span class='ocrx_word' id='word_1_15' title='bbox 1217 573 1219 575; x_wconf 74' lang='grc'><strong>,</strong></span> 
     </span>
    </p>

    <p class='ocr_par' dir='ltr' id='par_1_3' title="bbox 211 602 1335 1752">
     <span class='ocr_line' id='line_1_4' title="bbox 255 602 1249 694; baseline -0.001 -16"><span class='ocrx_word' id='word_1_16' title='bbox 255 602 657 694; x_wconf 62' lang='grc' dir='ltr'>Ροῑεεῐ·ευῑθηι’ᾶοοίάθῑε</span> <span class='ocrx_word' id='word_1_17' title='bbox 678 610 844 675; x_wconf 86' lang='lat' dir='ltr'>mentibus·</span> <span class='ocrx_word' id='word_1_18' title='bbox 860 605 979 675; x_wconf 88' lang='lat' dir='ltr'>nostris</span> <span class='ocrx_word' id='word_1_19' title='bbox 999 609 1171 676; x_wconf 81' lang='lat' dir='ltr'>admiratio</span> <span class='ocrx_word' id='word_1_20' title='bbox 1192 636 1249 678; x_wconf 83' lang='lat' dir='ltr'>re-·</span> 
     </span>
     <span class='ocr_line' id='line_1_5' title="bbox 211 713 1250 806; baseline -0.001 -24"><span class='ocrx_word' id='word_1_21' title='bbox 211 728 285 782; x_wconf 77' lang='lat' dir='ltr'>tum</span> <span class='ocrx_word' id='word_1_22' title='bbox 292 717 345 782; x_wconf 87' lang='lat' dir='ltr'>vel</span> <span class='ocrx_word' id='word_1_23' title='bbox 354 718 534 796; x_wconf 89' lang='lat' dir='ltr'>hominum,</span> <span class='ocrx_word' id='word_1_24' title='bbox 543 713 643 780; x_wconf 89' lang='lat' dir='ltr'>modo</span> <span class='ocrx_word' id='word_1_25' title='bbox 655 737 731 780; x_wconf 88' lang='lat' dir='ltr'>cum</span> <span class='ocrx_word' id='word_1_26' title='bbox 739 716 888 780; x_wconf 86' lang='lat' dir='ltr'><strong>molliore</strong></span> <span class='ocrx_word' id='word_1_27' title='bbox 900 715 1001 780; x_wconf 87' lang='lat' dir='ltr'>modo</span> <span class='ocrx_word' id='word_1_28' title='bbox 1010 739 1086 781; x_wconf 86' lang='lat' dir='ltr'>curn</span> <span class='ocrx_word' id='word_1_29' title='bbox 1095 719 1250 806; x_wconf 76' lang='lat' dir='ltr'>graviore</span> 
     </span>
     <span class='ocr_line' id='line_1_6' title="bbox 211 820 1250 909; baseline 0.003 -24"><span class='ocrx_word' id='word_1_30' title='bbox 211 823 396 886; x_wconf 85' lang='lat' dir='ltr'>animorum</span> <span class='ocrx_word' id='word_1_31' title='bbox 411 823 572 909; x_wconf 79' lang='lat' dir='ltr'>impulsu3</span> <span class='ocrx_word' id='word_1_32' title='bbox 593 820 751 884; x_wconf 87' lang='lat' dir='ltr'>miramur</span> <span class='ocrx_word' id='word_1_33' title='bbox 764 821 853 900; x_wconf 84' lang='lat' dir='ltr'>enim</span> <span class='ocrx_word' id='word_1_34' title='bbox 866 821 928 884; x_wconf 90' lang='lat' dir='ltr'>alia</span> <span class='ocrx_word' id='word_1_35' title='bbox 943 821 1088 886; x_wconf 88' lang='lat' dir='ltr'>attonitis</span> <span class='ocrx_word' id='word_1_36' title='bbox 1103 822 1250 902; x_wconf 85' lang='lat' dir='ltr'>similes,·</span> 
     </span>
     <span class='ocr_line' id='line_1_7' title="bbox 211 925 1335 1016; baseline 0.003 -25"><span class='ocrx_word' id='word_1_37' title='bbox 211 927 274 992; x_wconf 88' lang='lat' dir='ltr'>alia</span> <span class='ocrx_word' id='word_1_38' title='bbox 288 943 411 993; x_wconf 84' lang='lat' dir='ltr'>terrore</span> <span class='ocrx_word' id='word_1_39' title='bbox 425 927 579 1016; x_wconf 88' lang='lat' dir='ltr'>perculsi,</span> <span class='ocrx_word' id='word_1_40' title='bbox 597 925 659 990; x_wconf 89' lang='lat' dir='ltr'>alia</span> <span class='ocrx_word' id='word_1_41' title='bbox 676 949 752 991; x_wconf 88' lang='lat' dir='ltr'>cum</span> <span class='ocrx_word' id='word_1_42' title='bbox 766 928 831 1006; x_wconf 86' lang='lat' dir='ltr'>ira,</span> <span class='ocrx_word' id='word_1_43' title='bbox 847 925 939 1005; x_wconf 89' lang='lat' dir='ltr'>odio,</span> <span class='ocrx_word' id='word_1_44' title='bbox 958 928 1020 990; x_wconf 85' lang='lat' dir='ltr'>alia</span> <span class='ocrx_word' id='word_1_45' title='bbox 1033 927 1252 994; x_wconf 78' lang='lat' dir='ltr'>miseratione</span> <span class='ocrx_word' id='word_1_46' title='bbox 1333 944 1335 948; x_wconf 86' lang='grc'><strong>’</strong></span> 
     </span>
     <span class='ocr_line' id='line_1_8' title="bbox 212 1030 1251 1121; baseline 0.001 -23"><span class='ocrx_word' id='word_1_47' title='bbox 212 1033 385 1121; x_wconf 81' lang='lat' dir='ltr'>commoti3</span> <span class='ocrx_word' id='word_1_48' title='bbox 407 1030 572 1120; x_wconf 89' lang='lat' dir='ltr'>interdum</span> <span class='ocrx_word' id='word_1_49' title='bbox 589 1053 708 1118; x_wconf 76' lang='lat' dir='ltr'>magno</span> <span class='ocrx_word' id='word_1_50' title='bbox 727 1053 803 1096; x_wconf 86' lang='lat' dir='ltr'>cum</span> <span class='ocrx_word' id='word_1_51' title='bbox 822 1033 922 1096; x_wconf 84' lang='lat' dir='ltr'>animi</span> <span class='ocrx_word' id='word_1_52' title='bbox 944 1049 1024 1096; x_wconf 84' lang='lat' dir='ltr'>aestu</span> <span class='ocrx_word' id='word_1_53' title='bbox 1046 1034 1175 1097; x_wconf 87' lang='lat' dir='ltr'>miratio</span> <span class='ocrx_word' id='word_1_54' title='bbox 1195 1051 1251 1100; x_wconf 85' lang='lat' dir='ltr'>est·</span> 
     </span>
     <span class='ocr_line' id='line_1_9' title="bbox 212 1136 1250 1226; baseline 0 -24"><span class='ocrx_word' id='word_1_55' title='bbox 212 1138 401 1226; x_wconf 84' lang='lat' dir='ltr'>conjuncta,</span> <span class='ocrx_word' id='word_1_56' title='bbox 417 1136 583 1202; x_wconf 86' lang='lat' dir='ltr'>interdum</span> <span class='ocrx_word' id='word_1_57' title='bbox 600 1153 676 1202; x_wconf 77' lang='lat' dir='ltr'>cunt</span> <span class='ocrx_word' id='word_1_58' title='bbox 694 1137 818 1202; x_wconf 89' lang='lat' dir='ltr'>leniore</span> <span class='ocrx_word' id='word_1_59' title='bbox 839 1161 877 1210; x_wconf 88' lang='lat' dir='ltr'>ae</span> <span class='ocrx_word' id='word_1_60' title='bbox 897 1139 1081 1202; x_wconf 84' lang='lat' dir='ltr'>remissiore</span> <span class='ocrx_word' id='word_1_61' title='bbox 1099 1139 1250 1226; x_wconf 81' lang='lat' dir='ltr'>impetu,-</span> 
     </span>
     <span class='ocr_line' id='line_1_10' title="bbox 213 1241 1250 1331; baseline 0.002 -25"><span class='ocrx_word' id='word_1_62' title='bbox 213 1258 246 1306; x_wconf 82' lang='lat' dir='ltr'>e&#39;t</span> <span class='ocrx_word' id='word_1_63' title='bbox 262 1265 339 1308; x_wconf 85' lang='lat' dir='ltr'>cum</span> <span class='ocrx_word' id='word_1_64' title='bbox 350 1241 499 1306; x_wconf 81' lang='lat' dir='ltr'>molliore</span> <span class='ocrx_word' id='word_1_65' title='bbox 518 1259 550 1307; x_wconf 84' lang='lat' dir='ltr'>et</span> <span class='ocrx_word' id='word_1_66' title='bbox 568 1243 716 1308; x_wconf 82' lang='lat' dir='ltr'>suaviore</span> <span class='ocrx_word' id='word_1_67' title='bbox 735 1243 835 1308; x_wconf 88' lang='lat' dir='ltr'>animi</span> <span class='ocrx_word' id='word_1_68' title='bbox 855 1243 991 1308; x_wconf 83' lang='lat' dir='ltr'>affeetu·</span> <span class='ocrx_word' id='word_1_69' title='bbox 1009 1243 1083 1324; x_wconf 86' lang='lat' dir='ltr'>Quo</span> <span class='ocrx_word' id='word_1_70' title='bbox 1103 1244 1176 1331; x_wconf 89' lang='lat' dir='ltr'>ipso</span> <span class='ocrx_word' id='word_1_71' title='bbox 1195 1267 1250 1308; x_wconf 51' lang='lat' dir='ltr'>see</span> 
     </span>
     <span class='ocr_line' id='line_1_11' title="bbox 213 1348 1252 1437; baseline 0.004 -27"><span class='ocrx_word' id='word_1_72' title='bbox 213 1348 341 1436; x_wconf 54' lang='lat' dir='ltr'>quitur,</span> <span class='ocrx_word' id='word_1_73' title='bbox 358 1363 394 1411; x_wconf 89' lang='lat' dir='ltr'>ut</span> <span class='ocrx_word' id='word_1_74' title='bbox 414 1371 530 1434; x_wconf 77' lang='lat' dir='ltr'>magna</span> <span class='ocrx_word' id='word_1_75' title='bbox 547 1348 582 1412; x_wconf 88' lang='lat' dir='ltr'>in</span> <span class='ocrx_word' id='word_1_76' title='bbox 602 1348 666 1414; x_wconf 91' lang='lat' dir='ltr'>hoc</span> <span class='ocrx_word' id='word_1_77' title='bbox 687 1370 806 1434; x_wconf 76' lang='lat' dir='ltr'>genere</span> <span class='ocrx_word' id='word_1_78' title='bbox 822 1370 891 1413; x_wconf 85' lang='lat' dir='ltr'>esse</span> <span class='ocrx_word' id='word_1_79' title='bbox 913 1350 1016 1436; x_wconf 90' lang='lat' dir='ltr'>possit</span> <span class='ocrx_word' id='word_1_80' title='bbox 1029 1350 1167 1413; x_wconf 85' lang='lat' dir='ltr'>varietas</span> <span class='ocrx_word' id='word_1_81' title='bbox 1183 1373 1252 1437; x_wconf 80' lang='lat' dir='ltr'>pro</span> 
     </span>
     <span class='ocr_line' id='line_1_12' title="bbox 212 1450 1249 1545; baseline 0.002 -29"><span class='ocrx_word' id='word_1_82' title='bbox 212 1454 394 1541; x_wconf 77' lang='lat' dir='ltr'>argumenti</span> <span class='ocrx_word' id='word_1_83' title='bbox 412 1469 528 1516; x_wconf 88' lang='lat' dir='ltr'>natura</span> <span class='ocrx_word' id='word_1_84' title='bbox 548 1450 691 1545; x_wconf 80' lang='lat' dir='ltr'>diversa,</span> <span class='ocrx_word' id='word_1_85' title='bbox 711 1468 813 1540; x_wconf 88' lang='lat' dir='ltr'>utque</span> <span class='ocrx_word' id='word_1_86' title='bbox 826 1454 932 1516; x_wconf 89' lang='lat' dir='ltr'>inanis</span> <span class='ocrx_word' id='word_1_87' title='bbox 951 1455 992 1516; x_wconf 81' lang='lat' dir='ltr'>sit</span> <span class='ocrx_word' id='word_1_88' title='bbox 1004 1455 1151 1517; x_wconf 79' lang='lat' dir='ltr'>virorum</span> <span class='ocrx_word' id='word_1_89' title='bbox 1166 1453 1249 1519; x_wconf 85' lang='lat' dir='ltr'>doc--</span> 
     </span>
     <span class='ocr_line' id='line_1_13' title="bbox 212 1556 1249 1647; baseline 0.003 -26"><span class='ocrx_word' id='word_1_90' title='bbox 212 1571 323 1622; x_wconf 85' lang='lat' dir='ltr'>torum</span> <span class='ocrx_word' id='word_1_91' title='bbox 345 1580 457 1647; x_wconf 80' lang='lat' dir='ltr'>opera,</span> <span class='ocrx_word' id='word_1_92' title='bbox 483 1556 540 1645; x_wconf 90' lang='lat' dir='ltr'>qui</span> <span class='ocrx_word' id='word_1_93' title='bbox 563 1557 700 1621; x_wconf 87' lang='lat' dir='ltr'>Homeri</span> <span class='ocrx_word' id='word_1_94' title='bbox 723 1579 761 1622; x_wconf 86' lang='lat' dir='ltr'>ae</span> <span class='ocrx_word' id='word_1_95' title='bbox 783 1557 910 1644; x_wconf 74' lang='lat' dir='ltr'>Virgilii</span> <span class='ocrx_word' id='word_1_96' title='bbox 936 1557 1091 1645; x_wconf 87' lang='lat' dir='ltr'>exemplis</span> <span class='ocrx_word' id='word_1_97' title='bbox 1112 1581 1249 1624; x_wconf 86' lang='lat' dir='ltr'>omnem</span> 
     </span>
     <span class='ocr_line' id='line_1_14' title="bbox 212 1661 1100 1752; baseline 0 -26"><span class='ocrx_word' id='word_1_98' title='bbox 212 1662 363 1726; x_wconf 81' lang='lat' dir='ltr'>carminis</span> <span class='ocrx_word' id='word_1_99' title='bbox 376 1663 460 1752; x_wconf 89' lang='lat' dir='ltr'>epici</span> <span class='ocrx_word' id='word_1_100' title='bbox 474 1677 623 1726; x_wconf 87' lang='lat' dir='ltr'>naturam-</span> <span class='ocrx_word' id='word_1_101' title='bbox 636 1661 901 1737; x_wconf 83' lang='lat' dir='ltr'>circumscribere</span> <span class='ocrx_word' id='word_1_102' title='bbox 915 1663 1100 1727; x_wconf 81' lang='lat' dir='ltr'>voluerunt.</span> 
     </span>
    </p>

    <p class='ocr_par' dir='ltr' id='par_1_4' title="bbox 126 1766 1303 3638">
     <span class='ocr_line' id='line_1_15' title="bbox 257 1766 1250 1856; baseline 0.004 -26"><span class='ocrx_word' id='word_1_103' title='bbox 257 1768 337 1830; x_wconf 90' lang='lat' dir='ltr'>Eam</span> <span class='ocrx_word' id='word_1_104' title='bbox 357 1766 606 1833; x_wconf 78' lang='lat' dir='ltr'>admirationem</span> <span class='ocrx_word' id='word_1_105' title='bbox 626 1790 750 1847; x_wconf 82' lang='lat' dir='ltr'>rerum,</span> <span class='ocrx_word' id='word_1_106' title='bbox 773 1787 846 1856; x_wconf 78' lang='lat' dir='ltr'>quoe</span> <span class='ocrx_word' id='word_1_107' title='bbox 866 1783 941 1834; x_wconf 87' lang='lat' dir='ltr'>cum</span> <span class='ocrx_word' id='word_1_108' title='bbox 962 1785 1086 1833; x_wconf 86' lang='lat' dir='ltr'>terrore</span> <span class='ocrx_word' id='word_1_109' title='bbox 1100 1784 1156 1834; x_wconf 88' lang='lat' dir='ltr'>aut</span> <span class='ocrx_word' id='word_1_110' title='bbox 1170 1792 1250 1834; x_wconf 88' lang='lat' dir='ltr'>cum</span> 
     </span>
     <span class='ocr_line' id='line_1_16' title="bbox 179 1870 1249 1958; baseline 0.005 -23"><span class='ocrx_word' id='word_1_111' title='bbox 179 1871 188 1886; x_wconf 87' lang='lat'><em>&#39;</em></span> <span class='ocrx_word' id='word_1_112' title='bbox 212 1870 422 1936; x_wconf 84' lang='lat' dir='ltr'>miseratione</span> <span class='ocrx_word' id='word_1_113' title='bbox 448 1886 483 1934; x_wconf 51' lang='lat' dir='ltr'>et¹</span> <span class='ocrx_word' id='word_1_114' title='bbox 505 1872 652 1958; x_wconf 65' lang='lat' dir='ltr'>graviore</span> <span class='ocrx_word' id='word_1_115' title='bbox 673 1872 811 1936; x_wconf 88' lang='lat' dir='ltr'>omnino</span> <span class='ocrx_word' id='word_1_116' title='bbox 832 1873 933 1936; x_wconf 88' lang='lat' dir='ltr'>animi</span> <span class='ocrx_word' id='word_1_117' title='bbox 954 1874 1077 1938; x_wconf 86' lang='lat' dir='ltr'>affectu</span> <span class='ocrx_word' id='word_1_118' title='bbox 1100 1891 1249 1940; x_wconf 84' lang='lat' dir='ltr'>mentem</span> 
     </span>
     <span class='ocr_line' id='line_1_17' title="bbox 213 1969 1251 2067; baseline 0.004 -29"><span class='ocrx_word' id='word_1_119' title='bbox 213 1969 365 2062; x_wconf 82' lang='lat' dir='ltr'>impellit,</span> <span class='ocrx_word' id='word_1_120' title='bbox 378 1975 526 2062; x_wconf 85' lang='lat' dir='ltr'>inprimis</span> <span class='ocrx_word' id='word_1_121' title='bbox 539 1973 581 2038; x_wconf 90' lang='lat' dir='ltr'>ad</span> <span class='ocrx_word' id='word_1_122' title='bbox 592 1975 753 2042; x_wconf 84' lang='lat' dir='ltr'>tenendos</span> <span class='ocrx_word' id='word_1_123' title='bbox 765 1978 890 2042; x_wconf 88' lang='lat' dir='ltr'>animos</span> <span class='ocrx_word' id='word_1_124' title='bbox 900 1978 1251 2067; x_wconf 69' lang='lat' dir='ltr'>valera-magnamque</span> 
     </span>
     <span class='ocr_line' id='line_1_18' title="bbox 214 2078 1251 2168; baseline 0.003 -25"><span class='ocrx_word' id='word_1_125' title='bbox 214 2078 464 2144; x_wconf 87' lang='lat' dir='ltr'>delectationem</span> <span class='ocrx_word' id='word_1_126' title='bbox 476 2078 611 2160; x_wconf 84' lang='lat' dir='ltr'>habere,</span> <span class='ocrx_word' id='word_1_127' title='bbox 628 2081 703 2168; x_wconf 85' lang='lat' dir='ltr'>quis·</span> <span class='ocrx_word' id='word_1_128' title='bbox 713 2103 780 2146; x_wconf 88' lang='lat' dir='ltr'>non</span> <span class='ocrx_word' id='word_1_129' title='bbox 793 2081 903 2146; x_wconf 77' lang='lat' dir='ltr'>rideat</span> <span class='ocrx_word' id='word_1_130' title='bbox 915 2097 948 2146; x_wconf 89' lang='lat' dir='ltr'>et</span> <span class='ocrx_word' id='word_1_131' title='bbox 961 2098 1084 2146; x_wconf 86' lang='lat' dir='ltr'>naturae</span> <span class='ocrx_word' id='word_1_132' title='bbox 1095 2080 1251 2146; x_wconf 81' lang='lat' dir='ltr'>humanae</span> 
     </span>
     <span class='ocr_line' id='line_1_19' title="bbox 215 2185 1251 2274; baseline 0.002 -25"><span class='ocrx_word' id='word_1_133' title='bbox 215 2205 286 2249; x_wconf 88' lang='lat' dir='ltr'>asse</span> <span class='ocrx_word' id='word_1_134' title='bbox 301 2200 558 2248; x_wconf 84' lang='lat' dir='ltr'>consentaneum</span> <span class='ocrx_word' id='word_1_135' title='bbox 576 2186 754 2273; x_wconf 74' lang='lat' dir='ltr'>intelligat?</span> <span class='ocrx_word' id='word_1_136' title='bbox 773 2189 839 2251; x_wconf 85' lang='lat' dir='ltr'>Res</span> <span class='ocrx_word' id='word_1_137' title='bbox 858 2203 1005 2274; x_wconf 72' lang='lat' dir='ltr'>exparte</span> <span class='ocrx_word' id='word_1_138' title='bbox 1024 2185 1251 2252; x_wconf 87' lang='lat' dir='ltr'>animadversa</span> 
     </span>
     <span class='ocr_line' id='line_1_20' title="bbox 214 2289 1253 2379; baseline 0.004 -25"><span class='ocrx_word' id='word_1_139' title='bbox 214 2292 250 2366; x_wconf 87' lang='lat' dir='ltr'>in</span> <span class='ocrx_word' id='word_1_140' title='bbox 264 2292 454 2379; x_wconf 87' lang='lat' dir='ltr'>opinionem</span> <span class='ocrx_word' id='word_1_141' title='bbox 472 2289 643 2357; x_wconf 70' lang='lat' dir='ltr'>induxerat</span> <span class='ocrx_word' id='word_1_142' title='bbox 662 2293 930 2356; x_wconf 84' lang='lat' dir='ltr'>Marmonteliurn</span> <span class='ocrx_word' id='word_1_143' title='bbox 945 2296 1005 2378; x_wconf 62' lang='grc' dir='ltr'>(ι),</span> <span class='ocrx_word' id='word_1_144' title='bbox 1025 2310 1061 2357; x_wconf 89' lang='lat' dir='ltr'>ut</span> <span class='ocrx_word' id='word_1_145' title='bbox 1081 2295 1165 2358; x_wconf 87' lang='lat' dir='ltr'>intra</span> <span class='ocrx_word' id='word_1_146' title='bbox 1183 2311 1253 2358; x_wconf 75' lang='lat' dir='ltr'>tra-</span> 
     </span>
     <span class='ocr_line' id='line_1_21' title="bbox 215 2396 1251 2485; baseline 0.002 -24"><span class='ocrx_word' id='word_1_147' title='bbox 215 2398 304 2485; x_wconf 77' lang='lat' dir='ltr'>gicos</span> <span class='ocrx_word' id='word_1_148' title='bbox 315 2398 453 2462; x_wconf 82' lang='lat' dir='ltr'>affectus</span> <span class='ocrx_word' id='word_1_149' title='bbox 465 2417 531 2462; x_wconf 88' lang='lat' dir='ltr'>non</span> <span class='ocrx_word' id='word_1_150' title='bbox 545 2399 654 2461; x_wconf 86' lang='lat' dir='ltr'>minus</span> <span class='ocrx_word' id='word_1_151' title='bbox 666 2397 796 2482; x_wconf 87' lang='lat' dir='ltr'>epicum</span> <span class='ocrx_word' id='word_1_152' title='bbox 809 2419 911 2482; x_wconf 67' lang='lat' dir='ltr'>genus</span> <span class='ocrx_word' id='word_1_153' title='bbox 924 2399 1097 2476; x_wconf 85' lang='lat' dir='ltr'>contineri,</span> <span class='ocrx_word' id='word_1_154' title='bbox 1112 2413 1145 2462; x_wconf 79' lang='lat' dir='ltr'>et</span> <span class='ocrx_word' id='word_1_155' title='bbox 1158 2396 1251 2463; x_wconf 85' lang='lat' dir='ltr'>idem</span> 
     </span>
     <span class='ocr_line' id='line_1_22' title="bbox 216 2498 1253 2590; baseline 0.002 -25"><span class='ocrx_word' id='word_1_156' title='bbox 216 2519 446 2590; x_wconf 78' lang='lat' dir='ltr'>argumentum</span> <span class='ocrx_word' id='word_1_157' title='bbox 459 2498 494 2564; x_wconf 91' lang='lat' dir='ltr'>in</span> <span class='ocrx_word' id='word_1_158' title='bbox 508 2517 687 2588; x_wconf 79' lang='lat' dir='ltr'>utrumqne</span> <span class='ocrx_word' id='word_1_159' title='bbox 697 2519 793 2564; x_wconf 86' lang='lat' dir='ltr'>usum</span> <span class='ocrx_word' id='word_1_160' title='bbox 805 2500 1044 2566; x_wconf 83' lang='lat' dir='ltr'>accommodari</span> <span class='ocrx_word' id='word_1_161' title='bbox 1056 2519 1151 2590; x_wconf 88' lang='lat' dir='ltr'>posse</span> <span class='ocrx_word' id='word_1_162' title='bbox 1166 2504 1253 2568; x_wconf 68' lang='lat' dir='ltr'>exis·</span> 
     </span>
     <span class='ocr_line' id='line_1_23' title="bbox 214 2604 1255 2693; baseline 0.001 -22"><span class='ocrx_word' id='word_1_163' title='bbox 214 2608 354 2671; x_wconf 79' lang='lat' dir='ltr'>timaret.</span> <span class='ocrx_word' id='word_1_164' title='bbox 376 2604 446 2670; x_wconf 83' lang='lat' dir='ltr'>Sed</span> <span class='ocrx_word' id='word_1_165' title='bbox 459 2604 605 2669; x_wconf 85' lang='lat' dir='ltr'>dramate</span> <span class='ocrx_word' id='word_1_166' title='bbox 620 2604 716 2669; x_wconf 87' lang='lat' dir='ltr'>latius</span> <span class='ocrx_word' id='word_1_167' title='bbox 734 2617 846 2692; x_wconf 82' lang='lat' dir='ltr'>patere</span> <span class='ocrx_word' id='word_1_168' title='bbox 864 2629 995 2670; x_wconf 85' lang='lat' dir='ltr'>carmen</span> <span class='ocrx_word' id='word_1_169' title='bbox 1014 2608 1162 2693; x_wconf 82' lang='lat' dir='ltr'>epicum,</span> <span class='ocrx_word' id='word_1_170' title='bbox 1185 2605 1255 2673; x_wconf 85' lang='lat' dir='ltr'>hoc</span> 
     </span>
     <span class='ocr_line' id='line_1_24' title="bbox 218 2710 1256 2798; baseline -0.001 -22"><span class='ocrx_word' id='word_1_171' title='bbox 218 2727 287 2790; x_wconf 65' lang='lat' dir='ltr'>est,</span> <span class='ocrx_word' id='word_1_172' title='bbox 306 2710 524 2774; x_wconf 85' lang='lat' dir='ltr'>narrationem</span> <span class='ocrx_word' id='word_1_173' title='bbox 544 2731 604 2796; x_wconf 90' lang='lat' dir='ltr'>per</span> <span class='ocrx_word' id='word_1_174' title='bbox 626 2728 754 2772; x_wconf 81' lang='lat' dir='ltr'>caussas</span> <span class='ocrx_word' id='word_1_175' title='bbox 777 2726 810 2772; x_wconf 82' lang='lat' dir='ltr'>at</span> <span class='ocrx_word' id='word_1_176' title='bbox 832 2711 967 2781; x_wconf 88' lang='lat' dir='ltr'>consilia</span> <span class='ocrx_word' id='word_1_177' title='bbox 991 2711 1193 2798; x_wconf 81' lang='lat' dir='ltr'>expositam3</span> <span class='ocrx_word' id='word_1_178' title='bbox 1218 2729 1256 2776; x_wconf 79' lang='lat' dir='ltr'>et</span> 
     </span>
     <span class='ocr_line' id='line_1_25' title="bbox 217 2815 1303 2906; baseline -0.003 -24"><span class='ocrx_word' id='word_1_179' title='bbox 217 2838 354 2906; x_wconf 78' lang='lat' dir='ltr'>magnos</span> <span class='ocrx_word' id='word_1_180' title='bbox 368 2817 505 2881; x_wconf 85' lang='lat' dir='ltr'>affectus</span> <span class='ocrx_word' id='word_1_181' title='bbox 523 2837 591 2879; x_wconf 90' lang='lat' dir='ltr'>non</span> <span class='ocrx_word' id='word_1_182' title='bbox 609 2815 672 2879; x_wconf 86' lang='lat' dir='ltr'>nisi</span> <span class='ocrx_word' id='word_1_183' title='bbox 687 2834 785 2895; x_wconf 86' lang='lat' dir='ltr'>unam</span> <span class='ocrx_word' id='word_1_184' title='bbox 804 2833 874 2880; x_wconf 85' lang='lat' dir='ltr'>esse</span> <span class='ocrx_word' id='word_1_185' title='bbox 889 2839 928 2880; x_wconf 84' lang='lat' dir='ltr'>ax</span> <span class='ocrx_word' id='word_1_186' title='bbox 945 2816 1094 2903; x_wconf 86' lang='lat' dir='ltr'>pluribus</span> <span class='ocrx_word' id='word_1_187' title='bbox 1112 2815 1257 2890; x_wconf 51' lang='lat' dir='ltr'>admit&amp;</span> <span class='ocrx_word' id='word_1_188' title='bbox 1293 2869 1303 2879; x_wconf 74' lang='grc'><strong><em>.</em></strong></span> 
     </span>
     <span class='ocr_line' id='line_1_26' title="bbox 126 2919 1287 3012; baseline -0.002 -26"><span class='ocrx_word' id='word_1_189' title='bbox 126 3005 130 3012; x_wconf 23' lang='lat' dir='ltr'><strong><em>s</em></strong></span> <span class='ocrx_word' id='word_1_190' title='bbox 167 2922 175 2931; x_wconf 88' lang='grc'><em>“</em></span> <span class='ocrx_word' id='word_1_191' title='bbox 218 2923 317 2987; x_wconf 78' lang='lat' dir='ltr'>tionis</span> <span class='ocrx_word' id='word_1_192' title='bbox 329 2919 500 2985; x_wconf 81' lang='lat' dir='ltr'>movendae</span> <span class='ocrx_word' id='word_1_193' title='bbox 511 2919 646 2996; x_wconf 83' lang='lat' dir='ltr'>caussis,</span> <span class='ocrx_word' id='word_1_194' title='bbox 663 2941 703 2982; x_wconf 83' lang='lat' dir='ltr'>ex-</span> <span class='ocrx_word' id='word_1_195' title='bbox 711 2919 933 3007; x_wconf 83' lang='lat' dir='ltr'>superioribus</span> <span class='ocrx_word' id='word_1_196' title='bbox 942 2919 1037 2984; x_wconf 86' lang='lat' dir='ltr'>facila</span> <span class='ocrx_word' id='word_1_197' title='bbox 1049 2919 1255 3008; x_wconf 53' lang='lat' dir='ltr'>intelligiturs</span> <span class='ocrx_word' id='word_1_198' title='bbox 1282 2944 1287 2956; x_wconf 80' lang='grc'>·</span> 
     </span>
     <span class='ocr_line' id='line_1_27' title="bbox 219 3023 1254 3110; baseline -0.002 -19"><span class='ocrx_word' id='word_1_199' title='bbox 219 3028 269 3091; x_wconf 82' lang='lat' dir='ltr'>Ne</span> <span class='ocrx_word' id='word_1_200' title='bbox 290 3025 372 3090; x_wconf 90' lang='lat' dir='ltr'>illud</span> <span class='ocrx_word' id='word_1_201' title='bbox 392 3046 560 3108; x_wconf 71' lang='lat' dir='ltr'>moneam,</span> <span class='ocrx_word' id='word_1_202' title='bbox 574 3023 658 3110; x_wconf 82' lang='lat' dir='ltr'>epici</span> <span class='ocrx_word' id='word_1_203' title='bbox 677 3025 827 3089; x_wconf 88' lang='lat' dir='ltr'>carminis</span> <span class='ocrx_word' id='word_1_204' title='bbox 841 3025 976 3088; x_wconf 86' lang='lat' dir='ltr'>virtutes</span> <span class='ocrx_word' id='word_1_205' title='bbox 993 3024 1114 3088; x_wconf 87' lang='lat' dir='ltr'>multas</span> <span class='ocrx_word' id='word_1_206' title='bbox 1125 3048 1165 3089; x_wconf 80' lang='lat' dir='ltr'>ex</span> <span class='ocrx_word' id='word_1_207' title='bbox 1178 3049 1254 3089; x_wconf 60' lang='lat' dir='ltr'>nara</span> 
     </span>
     <span class='ocr_line' id='line_1_28' title="bbox 220 3126 1257 3218; baseline -0.004 -22"><span class='ocrx_word' id='word_1_208' title='bbox 220 3132 354 3196; x_wconf 87' lang='lat' dir='ltr'>rationis</span> <span class='ocrx_word' id='word_1_209' title='bbox 372 3128 468 3194; x_wconf 84' lang='lat' dir='ltr'>bonae</span> <span class='ocrx_word' id='word_1_210' title='bbox 486 3126 597 3192; x_wconf 90' lang='lat' dir='ltr'>indole</span> <span class='ocrx_word' id='word_1_211' title='bbox 616 3143 649 3190; x_wconf 87' lang='lat' dir='ltr'>et</span> <span class='ocrx_word' id='word_1_212' title='bbox 667 3143 782 3192; x_wconf 89' lang='lat' dir='ltr'>natura</span> <span class='ocrx_word' id='word_1_213' title='bbox 802 3149 872 3194; x_wconf 84' lang='lat' dir='ltr'>esse</span> <span class='ocrx_word' id='word_1_214' title='bbox 893 3126 1068 3215; x_wconf 79' lang='lat' dir='ltr'>petendas,</span> <span class='ocrx_word' id='word_1_215' title='bbox 1091 3127 1133 3192; x_wconf 88' lang='lat' dir='ltr'>ad</span> <span class='ocrx_word' id='word_1_216' title='bbox 1153 3152 1257 3218; x_wconf 86' lang='lat' dir='ltr'>quam</span> 
     </span>
     <span class='ocr_line' id='line_1_29' title="bbox 220 3230 1256 3323; baseline 0 -25"><span class='ocrx_word' id='word_1_217' title='bbox 220 3236 335 3323; x_wconf 89' lang='lat' dir='ltr'>utique</span> <span class='ocrx_word' id='word_1_218' title='bbox 357 3254 432 3298; x_wconf 86' lang='lat' dir='ltr'>cum</span> <span class='ocrx_word' id='word_1_219' title='bbox 454 3231 570 3296; x_wconf 87' lang='lat' dir='ltr'>ceteris</span> <span class='ocrx_word' id='word_1_220' title='bbox 593 3247 626 3296; x_wconf 85' lang='lat' dir='ltr'>et</span> <span class='ocrx_word' id='word_1_221' title='bbox 644 3231 709 3296; x_wconf 86' lang='lat' dir='ltr'>hoc</span> <span class='ocrx_word' id='word_1_222' title='bbox 727 3243 871 3322; x_wconf 79' lang='lat' dir='ltr'>spectat,</span> <span class='ocrx_word' id='word_1_223' title='bbox 890 3247 929 3294; x_wconf 87' lang='lat' dir='ltr'>ut</span> <span class='ocrx_word' id='word_1_224' title='bbox 948 3247 1038 3298; x_wconf 81' lang='lat' dir='ltr'>tanto</span> <span class='ocrx_word' id='word_1_225' title='bbox 1063 3230 1191 3298; x_wconf 86' lang='lat' dir='ltr'>dulcior</span> <span class='ocrx_word' id='word_1_226' title='bbox 1211 3236 1256 3298; x_wconf 86' lang='lat' dir='ltr'>sit</span> 
     </span>
     <span class='ocr_line' id='line_1_30' title="bbox 223 3336 1256 3424; baseline 0 -21"><span class='ocrx_word' id='word_1_227' title='bbox 223 3339 329 3403; x_wconf 88' lang='lat' dir='ltr'>omnis</span> <span class='ocrx_word' id='word_1_228' title='bbox 343 3336 498 3415; x_wconf 75' lang='lat' dir='ltr'>narratitt,</span> <span class='ocrx_word' id='word_1_229' title='bbox 514 3351 637 3424; x_wconf 86' lang='lat' dir='ltr'>quanto</span> <span class='ocrx_word' id='word_1_230' title='bbox 649 3337 750 3424; x_wconf 78' lang='lat' dir='ltr'>magis</span> <span class='ocrx_word' id='word_1_231' title='bbox 765 3338 820 3401; x_wconf 89' lang='lat' dir='ltr'>illa</span> <span class='ocrx_word' id='word_1_232' title='bbox 830 3337 976 3400; x_wconf 88' lang='lat' dir='ltr'>animum</span> <span class='ocrx_word' id='word_1_233' title='bbox 987 3339 1111 3402; x_wconf 77' lang='lat' dir='ltr'>terroie</span> <span class='ocrx_word' id='word_1_234' title='bbox 1123 3338 1176 3401; x_wconf 86' lang='lat' dir='ltr'>vel</span> <span class='ocrx_word' id='word_1_235' title='bbox 1190 3340 1256 3403; x_wconf 76' lang='lat' dir='ltr'>mi·</span> 
     </span>
     <span class='ocr_line' id='line_1_31' title="bbox 223 3440 1256 3530; baseline 0 -23"><span class='ocrx_word' id='word_1_236' title='bbox 223 3443 384 3507; x_wconf 88' lang='lat' dir='ltr'>seratione</span> <span class='ocrx_word' id='word_1_237' title='bbox 399 3441 553 3526; x_wconf 77' lang='lat' dir='ltr'>exagitat3</span> <span class='ocrx_word' id='word_1_238' title='bbox 567 3457 603 3504; x_wconf 91' lang='lat' dir='ltr'>ut</span> <span class='ocrx_word' id='word_1_239' title='bbox 616 3462 710 3520; x_wconf 79' lang='lat' dir='ltr'>vero,</span> <span class='ocrx_word' id='word_1_240' title='bbox 725 3440 816 3530; x_wconf 76' lang='lat' dir='ltr'>quod</span> <span class='ocrx_word' id='word_1_241' title='bbox 831 3441 882 3504; x_wconf 87' lang='lat' dir='ltr'>vir</span> <span class='ocrx_word' id='word_1_242' title='bbox 897 3441 1154 3529; x_wconf 75' lang='lat' dir='ltr'>elegantissimus</span> <span class='ocrx_word' id='word_1_243' title='bbox 1169 3440 1256 3507; x_wconf 68' lang='lat' dir='ltr'>arbi«</span> 
     </span>
     <span class='ocr_line' id='line_1_32' title="bbox 223 3535 1255 3638; baseline 0.002 -28"><span class='ocrx_word' id='word_1_244' title='bbox 223 3545 381 3630; x_wconf 86' lang='lat' dir='ltr'>trabatur,</span> <span class='ocrx_word' id='word_1_245' title='bbox 407 3544 510 3638; x_wconf 81' lang='lat' dir='ltr'>sutilis</span> <span class='ocrx_word' id='word_1_246' title='bbox 535 3543 642 3634; x_wconf 88' lang='lat' dir='ltr'>aliqua</span> <span class='ocrx_word' id='word_1_247' title='bbox 665 3535 860 3632; x_wconf 73' lang='lat' dir='ltr'>magicarum</span> <span class='ocrx_word' id='word_1_248' title='bbox 886 3547 1053 3612; x_wconf 83' lang='lat' dir='ltr'>actionum</span> <span class='ocrx_word' id='word_1_249' title='bbox 1079 3565 1255 3635; x_wconf 75' lang='lat' dir='ltr'>compages</span> 
     </span>
    </p>
   </div>
   <div class='ocr_carea' id='block_1_3' title="bbox 225 3767 848 3848">
    <p class='ocr_par' dir='ltr' id='par_1_5' title="bbox 225 3767 848 3848">
     <span class='ocr_line' id='line_1_33' title="bbox 225 3767 848 3848; baseline 0.043 -33"><span class='ocrx_word' id='word_1_250' title='bbox 225 3812 232 3841; x_wconf 39' lang='lat' dir='ltr'>p</span> <span class='ocrx_word' id='word_1_251' title='bbox 262 3767 579 3848; x_wconf 70' lang='lat' dir='ltr'>(1)PodtiqueFrattcoite</span> <span class='ocrx_word' id='word_1_252' title='bbox 590 3773 620 3826; x_wconf 85' lang='lat' dir='ltr'>T.</span> <span class='ocrx_word' id='word_1_253' title='bbox 632 3773 671 3839; x_wconf 81' lang='lat' dir='ltr'>ll,</span> <span class='ocrx_word' id='word_1_254' title='bbox 687 3791 715 3844; x_wconf 86' lang='lat' dir='ltr'>p·</span> <span class='ocrx_word' id='word_1_255' title='bbox 729 3771 848 3842; x_wconf 73' lang='lat' dir='ltr'>²34⁸‘l‘l‘</span> 
     </span>
    </p>
   </div>
   <div class='ocr_carea' id='block_1_4' title="bbox 0 0 1358 4574">
    <p class='ocr_par' dir='ltr' id='par_1_6' title="bbox 0 0 1358 4574">
     <span class='ocr_line' id='line_1_34' title="bbox 0 0 1358 4574; baseline 0 0"><span class='ocrx_word' id='word_1_256' title='bbox 0 0 1358 4574; x_wconf 95' lang='lat' dir='ltr'> </span> 
     </span>
    </p>
   </div>
  </div>
 </body>
</html>
