<?xml version="1.0" encoding="UTF-8"?>
<!DOCTYPE html PUBLIC "-//W3C//DTD XHTML 1.0 Transitional//EN"
    "http://www.w3.org/TR/xhtml1/DTD/xhtml1-transitional.dtd">
<html xmlns="http://www.w3.org/1999/xhtml" xml:lang="en" lang="en">
 <head>
  <title>
</title>
<meta http-equiv="Content-Type" content="text/html;charset=utf-8" />
  <meta name='ocr-system' content='tesseract 3.04.00' />
  <meta name='ocr-capabilities' content='ocr_page ocr_carea ocr_par ocr_line ocrx_word'/>
</head>
<body>
  <div class='ocr_page' id='page_1' title='image "./pvirgiliusmaroq00barbgoog_0466.png"; bbox 0 0 2690 4594; ppageno 0'>
   <div class='ocr_carea' id='block_1_1' title="bbox 191 300 878 399">
    <p class='ocr_par' dir='ltr' id='par_1_1' title="bbox 191 300 878 399">
     <span class='ocr_line' id='line_1_1' title="bbox 191 300 878 399; baseline -0.017 -25"><span class='ocrx_word' id='word_1_1' title='bbox 191 316 255 399; x_wconf 74' lang='lat' dir='ltr'>ot</span> <span class='ocrx_word' id='word_1_2' title='bbox 548 300 816 368; x_wconf 79' lang='lat' dir='ltr'>excursus</span> <span class='ocrx_word' id='word_1_3' title='bbox 840 300 878 363; x_wconf 92' lang='grc'>11</span> 
     </span>
    </p>
   </div>
   <div class='ocr_carea' id='block_1_2' title="bbox 187 414 1243 582">
    <p class='ocr_par' dir='ltr' id='par_1_2' title="bbox 187 414 1243 582">
     <span class='ocr_line' id='line_1_2' title="bbox 188 414 1243 511; baseline -0.015 -20"><span class='ocrx_word' id='word_1_4' title='bbox 188 441 266 492; x_wconf 85' lang='lat' dir='ltr'>litore</span> <span class='ocrx_word' id='word_1_5' title='bbox 282 451 363 506; x_wconf 82' lang='lat' dir='ltr'>supra</span> <span class='ocrx_word' id='word_1_6' title='bbox 374 429 518 504; x_wconf 74' lang='lat' dir='ltr'>Lilybreum</span> <span class='ocrx_word' id='word_1_7' title='bbox 533 414 747 500; x_wconf 84' lang='lat' dir='ltr'>promontorium</span> <span class='ocrx_word' id='word_1_8' title='bbox 759 424 878 496; x_wconf 83' lang='lat' dir='ltr'>Drepani</span> <span class='ocrx_word' id='word_1_9' title='bbox 894 433 1001 492; x_wconf 90' lang='lat' dir='ltr'>portum</span> <span class='ocrx_word' id='word_1_10' title='bbox 1020 419 1057 472; x_wconf 88' lang='lat' dir='ltr'>ad</span> <span class='ocrx_word' id='word_1_11' title='bbox 1066 421 1243 511; x_wconf 33' lang='lat' dir='ltr'>Erycem&#39;in·</span> 
     </span>
     <span class='ocr_line' id='line_1_3' title="bbox 187 503 1240 582; baseline -0.014 -12"><span class='ocrx_word' id='word_1_12' title='bbox 187 530 267 572; x_wconf 84' lang='lat' dir='ltr'>trent.</span> <span class='ocrx_word' id='word_1_13' title='bbox 280 518 330 568; x_wconf 87' lang='lat' dir='ltr'>Hic</span> <span class='ocrx_word' id='word_1_14' title='bbox 342 515 406 566; x_wconf 90' lang='lat' dir='ltr'>dum</span> <span class='ocrx_word' id='word_1_15' title='bbox 419 531 436 564; x_wconf 89' lang='lat' dir='ltr'>a</span> <span class='ocrx_word' id='word_1_16' title='bbox 446 512 532 582; x_wconf 75' lang='lat' dir='ltr'>longis</span> <span class='ocrx_word' id='word_1_17' title='bbox 547 509 682 562; x_wconf 89' lang='lat' dir='ltr'>erroribus</span> <span class='ocrx_word' id='word_1_18' title='bbox 694 518 816 559; x_wconf 87' lang='lat' dir='ltr'>recreant</span> <span class='ocrx_word' id='word_1_19' title='bbox 834 522 876 568; x_wconf 89' lang='lat' dir='ltr'>se,</span> <span class='ocrx_word' id='word_1_20' title='bbox 889 503 939 554; x_wconf 89' lang='lat' dir='ltr'>sub</span> <span class='ocrx_word' id='word_1_21' title='bbox 951 503 1048 554; x_wconf 73' lang='lat' dir='ltr'>aestatis</span> <span class='ocrx_word' id='word_1_22' title='bbox 1065 503 1171 555; x_wconf 83' lang='lat' dir='ltr'>exitum</span> <span class='ocrx_word' id='word_1_23' title='bbox 1186 506 1240 574; x_wconf 69' lang='lat' dir='ltr'>(cf.</span> 
     </span>
    </p>
   </div>
   <div class='ocr_carea' id='block_1_3' title="bbox 189 581 901 667">
    <p class='ocr_par' dir='ltr' id='par_1_3' title="bbox 189 581 901 667">
     <span class='ocr_line' id='line_1_4' title="bbox 189 581 901 667; baseline -0.022 -18"><span class='ocrx_word' id='word_1_24' title='bbox 189 617 232 650; x_wconf 83' lang='lat' dir='ltr'>un.</span> <span class='ocrx_word' id='word_1_25' title='bbox 246 615 301 666; x_wconf 89' lang='lat' dir='ltr'>seq.</span> <span class='ocrx_word' id='word_1_26' title='bbox 312 597 337 667; x_wconf 89' lang='lat'>),</span> <span class='ocrx_word' id='word_1_27' title='bbox 349 590 616 654; x_wconf 82' lang='lat' dir='ltr'>Anchises-moritur,</span> <span class='ocrx_word' id='word_1_28' title='bbox 628 589 678 654; x_wconf 95' lang='lat' dir='ltr'>lll,</span> <span class='ocrx_word' id='word_1_29' title='bbox 694 584 841 655; x_wconf 53' lang='lat' dir='ltr'>&amp;le-7¹4</span> <span class='ocrx_word' id='word_1_30' title='bbox 854 581 865 652; x_wconf 94' lang='lat'><strong>(</strong></span> <span class='ocrx_word' id='word_1_31' title='bbox 883 584 901 654; x_wconf 92' lang='lat'>).</span> 
     </span>
    </p>
   </div>
   <div class='ocr_carea' id='block_1_4' title="bbox 215 710 406 862">
    <p class='ocr_par' dir='ltr' id='par_1_4' title="bbox 215 710 406 862">
     <span class='ocr_line' id='line_1_5' title="bbox 215 710 406 764; baseline -0.026 1"><span class='ocrx_word' id='word_1_32' title='bbox 215 715 216 722; x_wconf 72' lang='grc'>’</span> <span class='ocrx_word' id='word_1_33' title='bbox 293 731 318 764; x_wconf 89' lang='lat' dir='ltr'>a.</span> <span class='ocrx_word' id='word_1_34' title='bbox 331 710 359 763; x_wconf 89' lang='lat' dir='ltr'>C.</span> <span class='ocrx_word' id='word_1_35' title='bbox 373 711 406 762; x_wconf 88' lang='lat' dir='ltr'>N.</span> 
     </span>
     <span class='ocr_line' id='line_1_6' title="bbox 314 791 379 862; baseline 0 -19"><span class='ocrx_word' id='word_1_36' title='bbox 314 791 379 862; x_wconf 87' lang='lat'>1178</span> 
     </span>
    </p>
   </div>
   <div class='ocr_carea' id='block_1_5' title="bbox 551 667 1134 849">
    <p class='ocr_par' dir='ltr' id='par_1_5' title="bbox 551 667 1134 849">
     <span class='ocr_line' id='line_1_7' title="bbox 551 667 1134 776; baseline -0.014 -18"><span class='ocrx_word' id='word_1_37' title='bbox 551 707 752 776; x_wconf 84' lang='lat' dir='ltr'>eTrojacapta</span> <span class='ocrx_word' id='word_1_38' title='bbox 824 743 826 748; x_wconf 89' lang='lat'>.</span> <span class='ocrx_word' id='word_1_39' title='bbox 903 667 1029 752; x_wconf 82' lang='lat' dir='ltr'>Errorum</span> <span class='ocrx_word' id='word_1_40' title='bbox 1041 699 1134 751; x_wconf 80' lang='lat' dir='ltr'>AEneae</span> 
     </span>
     <span class='ocr_line' id='line_1_8' title="bbox 612 787 1038 849; baseline -0.019 -10"><span class='ocrx_word' id='word_1_41' title='bbox 612 787 667 840; x_wconf 85' lang='lat' dir='ltr'>a.6</span> <span class='ocrx_word' id='word_1_42' title='bbox 984 798 1038 849; x_wconf 89' lang='lat' dir='ltr'>a.7</span> 
     </span>
    </p>
   </div>
   <div class='ocr_carea' id='block_1_6' title="bbox 181 900 1263 2176">
    <p class='ocr_par' dir='ltr' id='par_1_6' title="bbox 181 900 1263 2176">
     <span class='ocr_line' id='line_1_9' title="bbox 220 900 1239 984; baseline -0.013 -20"><span class='ocrx_word' id='word_1_43' title='bbox 220 916 302 979; x_wconf 87' lang='lat' dir='ltr'>Vere,</span> <span class='ocrx_word' id='word_1_44' title='bbox 315 926 345 964; x_wconf 93' lang='lat' dir='ltr'>ut</span> <span class='ocrx_word' id='word_1_45' title='bbox 357 933 371 966; x_wconf 89' lang='lat' dir='ltr'>e</span> <span class='ocrx_word' id='word_1_46' title='bbox 384 913 556 984; x_wconf 91' lang='lat' dir='ltr'>sequentibus</span> <span class='ocrx_word' id='word_1_47' title='bbox 569 911 710 982; x_wconf 83' lang='lat' dir='ltr'>probabile</span> <span class='ocrx_word' id='word_1_48' title='bbox 723 909 765 974; x_wconf 86' lang='lat' dir='ltr'>fit,</span> <span class='ocrx_word' id='word_1_49' title='bbox 780 907 888 980; x_wconf 84' lang='lat' dir='ltr'>quando</span> <span class='ocrx_word' id='word_1_50' title='bbox 901 903 1047 976; x_wconf 74' lang='lat' dir='ltr'>navigandi</span> <span class='ocrx_word' id='word_1_51' title='bbox 1067 917 1177 974; x_wconf 87' lang='lat' dir='ltr'>tempus</span> <span class='ocrx_word' id='word_1_52' title='bbox 1195 900 1239 952; x_wconf 81' lang='lat' dir='ltr'>ad·</span> 
     </span>
     <span class='ocr_line' id='line_1_10' title="bbox 187 981 1237 1073; baseline -0.012 -27"><span class='ocrx_word' id='word_1_53' title='bbox 187 1008 258 1062; x_wconf 87' lang='lat' dir='ltr'>erat,</span> <span class='ocrx_word' id='word_1_54' title='bbox 270 996 455 1047; x_wconf 80' lang='lat' dir='ltr'>classisAEneae</span> <span class='ocrx_word' id='word_1_55' title='bbox 468 1015 481 1047; x_wconf 92' lang='lat' dir='ltr'>e</span> <span class='ocrx_word' id='word_1_56' title='bbox 494 994 584 1046; x_wconf 84' lang='lat' dir='ltr'>Sicilia</span> <span class='ocrx_word' id='word_1_57' title='bbox 594 993 673 1045; x_wconf 90' lang='lat' dir='ltr'>solvit</span> <span class='ocrx_word' id='word_1_58' title='bbox 684 1009 776 1043; x_wconf 88' lang='lat' dir='ltr'>versus</span> <span class='ocrx_word' id='word_1_59' title='bbox 784 989 957 1061; x_wconf 76' lang='lat' dir='ltr'>Tyrrheniam</span> <span class='ocrx_word' id='word_1_60' title='bbox 970 998 996 1038; x_wconf 89' lang='lat' dir='ltr'>et</span> <span class='ocrx_word' id='word_1_61' title='bbox 1004 986 1121 1038; x_wconf 88' lang='lat' dir='ltr'>Latium.</span> <span class='ocrx_word' id='word_1_62' title='bbox 1136 983 1180 1073; x_wconf 84' lang='lat' dir='ltr'>Ab</span> <span class='ocrx_word' id='word_1_63' title='bbox 1189 981 1237 1033; x_wconf 90' lang='lat' dir='ltr'>hoc</span> 
     </span>
     <span class='ocr_line' id='line_1_11' title="bbox 184 1061 1238 1145; baseline -0.013 -20"><span class='ocrx_word' id='word_1_64' title='bbox 184 1074 292 1125; x_wconf 91' lang='lat' dir='ltr'>demum</span> <span class='ocrx_word' id='word_1_65' title='bbox 304 1087 423 1145; x_wconf 86' lang='lat' dir='ltr'>tempore</span> <span class='ocrx_word' id='word_1_66' title='bbox 437 1091 479 1125; x_wconf 88' lang='lat' dir='ltr'>res</span> <span class='ocrx_word' id='word_1_67' title='bbox 492 1072 601 1125; x_wconf 85' lang='lat' dir='ltr'>AEneide</span> <span class='ocrx_word' id='word_1_68' title='bbox 616 1071 815 1142; x_wconf 80' lang='lat' dir='ltr'>comprehensae</span> <span class='ocrx_word' id='word_1_69' title='bbox 835 1067 973 1120; x_wconf 83' lang='lat' dir='ltr'><strong>exordium</strong></span> <span class='ocrx_word' id='word_1_70' title='bbox 982 1066 1101 1118; x_wconf 80' lang='lat' dir='ltr'>habent:</span> <span class='ocrx_word' id='word_1_71' title='bbox 1120 1081 1146 1112; x_wconf 89' lang='lat' dir='ltr'>v.</span> <span class='ocrx_word' id='word_1_72' title='bbox 1161 1061 1208 1121; x_wconf 81' lang='lat' dir='ltr'>lib.¹</span> <span class='ocrx_word' id='word_1_73' title='bbox 1218 1062 1238 1124; x_wconf 90' lang='grc'>1,</span> 
     </span>
     <span class='ocr_line' id='line_1_12' title="bbox 185 1150 1236 1232; baseline -0.016 -26"><span class='ocrx_word' id='word_1_74' title='bbox 185 1154 221 1220; x_wconf 74' lang='grc'>34</span> <span class='ocrx_word' id='word_1_75' title='bbox 233 1172 291 1225; x_wconf 89' lang='lat' dir='ltr'>sqq.</span> <span class='ocrx_word' id='word_1_76' title='bbox 308 1156 358 1206; x_wconf 80' lang='lat' dir='ltr'>vix</span> <span class='ocrx_word' id='word_1_77' title='bbox 375 1155 423 1206; x_wconf 91' lang='lat' dir='ltr'>illa</span> <span class='ocrx_word' id='word_1_78' title='bbox 437 1154 521 1206; x_wconf 85' lang='lat' dir='ltr'>altum</span> <span class='ocrx_word' id='word_1_79' title='bbox 541 1166 627 1216; x_wconf 87' lang='lat' dir='ltr'>tenet,</span> <span class='ocrx_word' id='word_1_80' title='bbox 650 1171 710 1206; x_wconf 91' lang='lat' dir='ltr'>cum</span> <span class='ocrx_word' id='word_1_81' title='bbox 722 1151 811 1202; x_wconf 89' lang='lat' dir='ltr'>subito</span> <span class='ocrx_word' id='word_1_82' title='bbox 830 1150 985 1220; x_wconf 76' lang='lat' dir='ltr'>gravissima</span> <span class='ocrx_word' id='word_1_83' title='bbox 1003 1155 1152 1214; x_wconf 82' lang='lat' dir='ltr'>tempestas</span> <span class='ocrx_word' id='word_1_84' title='bbox 1166 1153 1236 1232; x_wconf 78' lang='lat' dir='ltr'>orta,</span> 
     </span>
     <span class='ocr_line' id='line_1_13' title="bbox 185 1220 1237 1313; baseline -0.012 -29"><span class='ocrx_word' id='word_1_85' title='bbox 185 1250 266 1302; x_wconf 88' lang='lat' dir='ltr'>quam</span> <span class='ocrx_word' id='word_1_86' title='bbox 275 1222 356 1304; x_wconf 83' lang='lat' dir='ltr'>poeta</span> <span class='ocrx_word' id='word_1_87' title='bbox 369 1234 403 1284; x_wconf 91' lang='lat' dir='ltr'>ab</span> <span class='ocrx_word' id='word_1_88' title='bbox 413 1233 490 1284; x_wconf 83' lang='lat' dir='ltr'>AEolo</span> <span class='ocrx_word' id='word_1_89' title='bbox 502 1233 613 1284; x_wconf 82' lang='lat' dir='ltr'>lunonis</span> <span class='ocrx_word' id='word_1_90' title='bbox 631 1243 725 1302; x_wconf 76' lang='lat' dir='ltr'>rogatu</span> <span class='ocrx_word' id='word_1_91' title='bbox 738 1231 882 1281; x_wconf 83' lang='lat' dir='ltr'>immissam</span> <span class='ocrx_word' id='word_1_92' title='bbox 898 1224 1003 1296; x_wconf 81' lang='lat' dir='ltr'>prodit,</span> <span class='ocrx_word' id='word_1_93' title='bbox 1015 1239 1110 1313; x_wconf 82' lang='lat' dir='ltr'>versus</span> <span class='ocrx_word' id='word_1_94' title='bbox 1119 1220 1237 1311; x_wconf 77' lang='lat' dir='ltr'>Africam</span> 
     </span>
     <span class='ocr_line' id='line_1_14' title="bbox 184 1299 1237 1382; baseline -0.012 -20"><span class='ocrx_word' id='word_1_95' title='bbox 184 1329 265 1364; x_wconf 85' lang='lat' dir='ltr'>naves</span> <span class='ocrx_word' id='word_1_96' title='bbox 278 1315 377 1381; x_wconf 85' lang='lat' dir='ltr'>rejicit;</span> <span class='ocrx_word' id='word_1_97' title='bbox 392 1299 437 1364; x_wconf 67' lang='lat' dir='ltr'>sea</span> <span class='ocrx_word' id='word_1_98' title='bbox 449 1315 521 1364; x_wconf 90' lang='lat' dir='ltr'>circa</span> <span class='ocrx_word' id='word_1_99' title='bbox 536 1312 664 1382; x_wconf 77' lang='lat' dir='ltr'>AEgimuri</span> <span class='ocrx_word' id='word_1_100' title='bbox 678 1311 759 1375; x_wconf 85' lang='lat' dir='ltr'>Aras,</span> <span class='ocrx_word' id='word_1_101' title='bbox 773 1329 804 1362; x_wconf 86' lang='lat' dir='ltr'>ex</span> <span class='ocrx_word' id='word_1_102' title='bbox 817 1307 927 1360; x_wconf 91' lang='lat' dir='ltr'>adverso</span> <span class='ocrx_word' id='word_1_103' title='bbox 942 1303 1127 1374; x_wconf 75' lang='lat' dir='ltr'>Carthaginis,</span> <span class='ocrx_word' id='word_1_104' title='bbox 1141 1312 1237 1371; x_wconf 87' lang='lat' dir='ltr'>partun</span> 
     </span>
     <span class='ocr_line' id='line_1_15' title="bbox 185 1383 1242 1462; baseline -0.006 -22"><span class='ocrx_word' id='word_1_105' title='bbox 185 1391 302 1461; x_wconf 89' lang='lat' dir='ltr'>scopulis</span> <span class='ocrx_word' id='word_1_106' title='bbox 314 1393 413 1462; x_wconf 88' lang='lat' dir='ltr'>partim</span> <span class='ocrx_word' id='word_1_107' title='bbox 433 1409 573 1444; x_wconf 87' lang='lat' dir='ltr'>arenarum</span> <span class='ocrx_word' id='word_1_108' title='bbox 591 1391 667 1442; x_wconf 83' lang='lat' dir='ltr'>vadis</span> <span class='ocrx_word' id='word_1_109' title='bbox 686 1389 774 1455; x_wconf 82' lang='lat' dir='ltr'>illisae,</span> <span class='ocrx_word' id='word_1_110' title='bbox 796 1407 878 1440; x_wconf 86' lang='lat' dir='ltr'>una-a</span> <span class='ocrx_word' id='word_1_111' title='bbox 896 1388 964 1438; x_wconf 80' lang='lat' dir='ltr'>meri</span> <span class='ocrx_word' id='word_1_112' title='bbox 984 1383 1097 1446; x_wconf 84' lang='lat' dir='ltr'>hausta,</span> <span class='ocrx_word' id='word_1_113' title='bbox 1117 1397 1211 1431; x_wconf 89' lang='lat' dir='ltr'>omnes</span> <span class='ocrx_word' id='word_1_114' title='bbox 1223 1397 1242 1434; x_wconf 80' lang='lat' dir='ltr'>tr</span> 
     </span>
     <span class='ocr_line' id='line_1_16' title="bbox 181 1463 1237 1539; baseline -0.011 -19"><span class='ocrx_word' id='word_1_115' title='bbox 181 1471 267 1521; x_wconf 86' lang='lat' dir='ltr'>ventis</span> <span class='ocrx_word' id='word_1_116' title='bbox 280 1469 457 1539; x_wconf 80' lang='lat' dir='ltr'>fluctibusque</span> <span class='ocrx_word' id='word_1_117' title='bbox 478 1469 622 1521; x_wconf 86' lang='lat' dir='ltr'>admodum</span> <span class='ocrx_word' id='word_1_118' title='bbox 640 1483 756 1534; x_wconf 83' lang='lat' dir='ltr'>vexatae,</span> <span class='ocrx_word' id='word_1_119' title='bbox 773 1466 927 1519; x_wconf 78' lang='lat' dir='ltr'>subsidente</span> <span class='ocrx_word' id='word_1_120' title='bbox 945 1463 1055 1532; x_wconf 83' lang='lat' dir='ltr'>tandem</span> <span class='ocrx_word' id='word_1_121' title='bbox 1078 1469 1237 1530; x_wconf 86' lang='lat' dir='ltr'>tempestate</span> 
     </span>
     <span class='ocr_line' id='line_1_17' title="bbox 183 1539 1235 1627; baseline -0.011 -26"><span class='ocrx_word' id='word_1_122' title='bbox 183 1553 227 1601; x_wconf 81' lang='lat' dir='ltr'>vix</span> <span class='ocrx_word' id='word_1_123' title='bbox 235 1553 263 1600; x_wconf 89' lang='lat' dir='ltr'>in</span> <span class='ocrx_word' id='word_1_124' title='bbox 271 1550 367 1601; x_wconf 82' lang='lat' dir='ltr'>Africae</span> <span class='ocrx_word' id='word_1_125' title='bbox 374 1550 492 1622; x_wconf 83' lang='lat' dir='ltr'>litussed</span> <span class='ocrx_word' id='word_1_126' title='bbox 503 1550 613 1602; x_wconf 85' lang='lat' dir='ltr'>diversis</span> <span class='ocrx_word' id='word_1_127' title='bbox 624 1551 745 1620; x_wconf 84' lang='lat' dir='ltr'>partibus</span> <span class='ocrx_word' id='word_1_128' title='bbox 756 1551 897 1627; x_wconf 80' lang='lat' dir='ltr'>ejiciuntur</span> <span class='ocrx_word' id='word_1_129' title='bbox 909 1545 952 1614; x_wconf 87' lang='lat' dir='ltr'>(l,</span> <span class='ocrx_word' id='word_1_130' title='bbox 965 1545 1041 1610; x_wconf 76' lang='grc'>34-</span> <span class='ocrx_word' id='word_1_131' title='bbox 1050 1539 1128 1610; x_wconf 85' lang='lat'>158).</span> <span class='ocrx_word' id='word_1_132' title='bbox 1142 1541 1235 1590; x_wconf 83' lang='lat' dir='ltr'>AEneas</span> 
     </span>
     <span class='ocr_line' id='line_1_18' title="bbox 182 1620 1236 1711; baseline -0.011 -31"><span class='ocrx_word' id='word_1_133' title='bbox 182 1627 291 1702; x_wconf 75' lang='lat' dir='ltr'>quidem</span> <span class='ocrx_word' id='word_1_134' title='bbox 315 1649 375 1682; x_wconf 93' lang='lat' dir='ltr'>cum</span> <span class='ocrx_word' id='word_1_135' title='bbox 394 1644 496 1701; x_wconf 86' lang='lat' dir='ltr'>septem</span> <span class='ocrx_word' id='word_1_136' title='bbox 514 1631 626 1682; x_wconf 87' lang='lat' dir='ltr'>navibus</span> <span class='ocrx_word' id='word_1_137' title='bbox 639 1629 649 1699; x_wconf 87' lang='lat'>(</span> <span class='ocrx_word' id='word_1_138' title='bbox 661 1633 673 1681; x_wconf 98' lang='grc'>1</span> <span class='ocrx_word' id='word_1_139' title='bbox 678 1669 686 1695; x_wconf 92' lang='lat'>,</span> <span class='ocrx_word' id='word_1_140' title='bbox 709 1648 757 1699; x_wconf 85' lang='lat'>170</span> <span class='ocrx_word' id='word_1_141' title='bbox 768 1631 794 1682; x_wconf 79' lang='lat' dir='ltr'>el</span> <span class='ocrx_word' id='word_1_142' title='bbox 806 1629 856 1681; x_wconf 85' lang='lat'>383</span> <span class='ocrx_word' id='word_1_143' title='bbox 869 1630 879 1698; x_wconf 87' lang='lat'><em>)</em></span> <span class='ocrx_word' id='word_1_144' title='bbox 898 1630 967 1678; x_wconf 86' lang='lat' dir='ltr'>inter</span> <span class='ocrx_word' id='word_1_145' title='bbox 978 1623 1113 1694; x_wconf 84' lang='lat' dir='ltr'>Apollinis</span> <span class='ocrx_word' id='word_1_146' title='bbox 1126 1620 1236 1711; x_wconf 76' lang='lat' dir='ltr'>etMer-</span> 
     </span>
     <span class='ocr_line' id='line_1_19' title="bbox 183 1696 1237 1792; baseline -0.013 -30"><span class='ocrx_word' id='word_1_147' title='bbox 183 1712 251 1762; x_wconf 88' lang='lat' dir='ltr'>curii</span> <span class='ocrx_word' id='word_1_148' title='bbox 271 1713 471 1782; x_wconf 86' lang='lat' dir='ltr'>promontoria,</span> <span class='ocrx_word' id='word_1_149' title='bbox 494 1714 540 1781; x_wconf 92' lang='lat' dir='ltr'>qui</span> <span class='ocrx_word' id='word_1_150' title='bbox 562 1731 633 1763; x_wconf 90' lang='lat' dir='ltr'>nunc</span> <span class='ocrx_word' id='word_1_151' title='bbox 645 1713 794 1762; x_wconf 84' lang='lat' dir='ltr'>Tunitanus</span> <span class='ocrx_word' id='word_1_152' title='bbox 808 1707 880 1760; x_wconf 82' lang='lat' dir='ltr'>sinus</span> <span class='ocrx_word' id='word_1_153' title='bbox 898 1721 951 1772; x_wconf 85' lang='lat' dir='ltr'>est,</span> <span class='ocrx_word' id='word_1_154' title='bbox 970 1717 1081 1777; x_wconf 91' lang='lat' dir='ltr'>portum</span> <span class='ocrx_word' id='word_1_155' title='bbox 1102 1701 1190 1792; x_wconf 81' lang='lat' dir='ltr'>subit,</span> <span class='ocrx_word' id='word_1_156' title='bbox 1204 1696 1237 1750; x_wconf 92' lang='lat' dir='ltr'>ad</span> 
     </span>
     <span class='ocr_line' id='line_1_20' title="bbox 183 1781 1237 1862; baseline -0.011 -21"><span class='ocrx_word' id='word_1_157' title='bbox 183 1791 364 1860; x_wconf 78' lang='lat' dir='ltr'>Aquiloniam,</span> <span class='ocrx_word' id='word_1_158' title='bbox 377 1793 484 1861; x_wconf 84' lang='lat' dir='ltr'>objectu</span> <span class='ocrx_word' id='word_1_159' title='bbox 497 1791 602 1857; x_wconf 80' lang='lat' dir='ltr'>insulae,</span> <span class='ocrx_word' id='word_1_160' title='bbox 614 1811 671 1862; x_wconf 82' lang='lat' dir='ltr'>quae</span> <span class='ocrx_word' id='word_1_161' title='bbox 684 1793 768 1843; x_wconf 87' lang='lat' dir='ltr'>altera</span> <span class='ocrx_word' id='word_1_162' title='bbox 777 1809 809 1843; x_wconf 84' lang='lat' dir='ltr'>ex</span> <span class='ocrx_word' id='word_1_163' title='bbox 820 1791 947 1859; x_wconf 67' lang='lat' dir='ltr'>AEgimuri</span> <span class='ocrx_word' id='word_1_164' title='bbox 957 1788 1017 1837; x_wconf 84' lang='lat' dir='ltr'>Aris</span> <span class='ocrx_word' id='word_1_165' title='bbox 1035 1801 1093 1836; x_wconf 84' lang='lat' dir='ltr'>csse</span> <span class='ocrx_word' id='word_1_166' title='bbox 1113 1781 1237 1838; x_wconf 72' lang='lat' dir='ltr'>videtur,</span> 
     </span>
     <span class='ocr_line' id='line_1_21' title="bbox 183 1857 1238 1942; baseline -0.011 -22"><span class='ocrx_word' id='word_1_167' title='bbox 183 1887 199 1920; x_wconf 84' lang='lat' dir='ltr'>a</span> <span class='ocrx_word' id='word_1_168' title='bbox 215 1872 301 1921; x_wconf 86' lang='lat' dir='ltr'>ventis</span> <span class='ocrx_word' id='word_1_169' title='bbox 320 1883 407 1920; x_wconf 89' lang='lat' dir='ltr'>tutum</span> <span class='ocrx_word' id='word_1_170' title='bbox 426 1869 473 1938; x_wconf 88' lang='lat' dir='ltr'>(v.</span> <span class='ocrx_word' id='word_1_171' title='bbox 485 1871 592 1922; x_wconf 86' lang='lat' dir='ltr'>Excurs.</span> <span class='ocrx_word' id='word_1_172' title='bbox 608 1872 679 1936; x_wconf 87' lang='lat' dir='ltr'>adl,</span> <span class='ocrx_word' id='word_1_173' title='bbox 697 1870 745 1940; x_wconf 86' lang='lat'>159</span> <span class='ocrx_word' id='word_1_174' title='bbox 758 1889 796 1940; x_wconf 92' lang='lat' dir='ltr'>sq.</span> <span class='ocrx_word' id='word_1_175' title='bbox 810 1871 829 1942; x_wconf 90' lang='lat'>).</span> <span class='ocrx_word' id='word_1_176' title='bbox 849 1869 939 1920; x_wconf 84' lang='lat' dir='ltr'>Altero</span> <span class='ocrx_word' id='word_1_177' title='bbox 959 1866 1003 1917; x_wconf 88' lang='lat' dir='ltr'>die</span> <span class='ocrx_word' id='word_1_178' title='bbox 1022 1864 1059 1916; x_wconf 88' lang='lat' dir='ltr'>ad</span> <span class='ocrx_word' id='word_1_179' title='bbox 1071 1857 1238 1932; x_wconf 85' lang='lat' dir='ltr'>exploranda</span> 
     </span>
     <span class='ocr_line' id='line_1_22' title="bbox 181 1942 1237 2028; baseline -0.009 -31"><span class='ocrx_word' id='word_1_180' title='bbox 181 1947 242 1998; x_wconf 90' lang='lat' dir='ltr'>loca</span> <span class='ocrx_word' id='word_1_181' title='bbox 255 1947 387 2019; x_wconf 78' lang='lat' dir='ltr'>digressus</span> <span class='ocrx_word' id='word_1_182' title='bbox 409 1961 435 2000; x_wconf 89' lang='lat' dir='ltr'>et</span> <span class='ocrx_word' id='word_1_183' title='bbox 454 1968 470 2000; x_wconf 90' lang='lat' dir='ltr'>a</span> <span class='ocrx_word' id='word_1_184' title='bbox 490 1960 575 2001; x_wconf 89' lang='lat' dir='ltr'>matre</span> <span class='ocrx_word' id='word_1_185' title='bbox 593 1945 712 2014; x_wconf 79' lang='lat' dir='ltr'>Venere,</span> <span class='ocrx_word' id='word_1_186' title='bbox 726 1951 775 2000; x_wconf 91' lang='lat' dir='ltr'>sub</span> <span class='ocrx_word' id='word_1_187' title='bbox 797 1947 924 2019; x_wconf 76' lang='lat' dir='ltr'>Nympha</span> <span class='ocrx_word' id='word_1_188' title='bbox 937 1947 1026 2016; x_wconf 89' lang='lat' dir='ltr'>specie</span> <span class='ocrx_word' id='word_1_189' title='bbox 1047 1943 1130 1992; x_wconf 87' lang='lat' dir='ltr'>obvia</span> <span class='ocrx_word' id='word_1_190' title='bbox 1149 1942 1237 2028; x_wconf 74' lang='lat' dir='ltr'>¹fucta,</span> 
     </span>
     <span class='ocr_line' id='line_1_23' title="bbox 182 2022 1237 2107; baseline -0.009 -31"><span class='ocrx_word' id='word_1_191' title='bbox 182 2025 353 2078; x_wconf 83' lang='lat' dir='ltr'>confirmatus</span> <span class='ocrx_word' id='word_1_192' title='bbox 364 2028 467 2091; x_wconf 87' lang='lat' dir='ltr'>animo,</span> <span class='ocrx_word' id='word_1_193' title='bbox 478 2046 575 2080; x_wconf 87' lang='lat' dir='ltr'>novam</span> <span class='ocrx_word' id='word_1_194' title='bbox 586 2029 679 2080; x_wconf 90' lang='lat' dir='ltr'>urbem</span> <span class='ocrx_word' id='word_1_195' title='bbox 689 2029 878 2098; x_wconf 76' lang='lat' dir='ltr'>Carthaginem</span> <span class='ocrx_word' id='word_1_196' title='bbox 886 2025 919 2076; x_wconf 91' lang='lat' dir='ltr'>de</span> <span class='ocrx_word' id='word_1_197' title='bbox 927 2024 996 2076; x_wconf 89' lang='lat' dir='ltr'>colle</span> <span class='ocrx_word' id='word_1_198' title='bbox 1006 2022 1068 2074; x_wconf 88' lang='lat' dir='ltr'>urbi</span> <span class='ocrx_word' id='word_1_199' title='bbox 1075 2022 1237 2107; x_wconf 69' lang='lat' dir='ltr'>¹imminente</span> 
     </span>
     <span class='ocr_line' id='line_1_24' title="bbox 182 2094 1263 2176; baseline -0.012 -18"><span class='ocrx_word' id='word_1_200' title='bbox 182 2107 323 2176; x_wconf 82' lang='lat' dir='ltr'>prospicit.</span> <span class='ocrx_word' id='word_1_201' title='bbox 334 2107 481 2176; x_wconf 73' lang='lat' dir='ltr'>Degressus</span> <span class='ocrx_word' id='word_1_202' title='bbox 498 2106 561 2160; x_wconf 86' lang='lat' dir='ltr'>inde</span> <span class='ocrx_word' id='word_1_203' title='bbox 572 2107 637 2158; x_wconf 82' lang='lat' dir='ltr'>dum</span> <span class='ocrx_word' id='word_1_204' title='bbox 649 2109 675 2162; x_wconf 89' lang='lat' dir='ltr'>in</span> <span class='ocrx_word' id='word_1_205' title='bbox 689 2125 759 2158; x_wconf 93' lang='lat' dir='ltr'>novo</span> <span class='ocrx_word' id='word_1_206' title='bbox 777 2107 890 2160; x_wconf 87' lang='lat' dir='ltr'>Junonis</span> <span class='ocrx_word' id='word_1_207' title='bbox 909 2101 1010 2174; x_wconf 87' lang='lat' dir='ltr'>templo</span> <span class='ocrx_word' id='word_1_208' title='bbox 1027 2117 1115 2171; x_wconf 87' lang='lat' dir='ltr'>opera</span> <span class='ocrx_word' id='word_1_209' title='bbox 1132 2094 1237 2166; x_wconf 78' lang='lat' dir='ltr'>singula</span> <span class='ocrx_word' id='word_1_210' title='bbox 1260 2133 1263 2140; x_wconf 89' lang='lat'>.</span> 
     </span>
    </p>
   </div>
   <div class='ocr_carea' id='block_1_7' title="bbox 162 2311 681 3642">
    <p class='ocr_par' dir='ltr' id='par_1_7' title="bbox 162 2311 681 3642">
     <span class='ocr_line' id='line_1_25' title="bbox 209 2311 681 2377; baseline 0.015 -23"><span class='ocrx_word' id='word_1_211' title='bbox 209 2312 243 2370; x_wconf 80' lang='lat'>(1)</span> <span class='ocrx_word' id='word_1_212' title='bbox 253 2311 280 2355; x_wconf 93' lang='lat' dir='ltr'>ln</span> <span class='ocrx_word' id='word_1_213' title='bbox 292 2314 448 2374; x_wconf 86' lang='lat' dir='ltr'>temporibus,</span> <span class='ocrx_word' id='word_1_214' title='bbox 462 2328 513 2376; x_wconf 85' lang='lat' dir='ltr'>quae</span> <span class='ocrx_word' id='word_1_215' title='bbox 525 2329 588 2360; x_wconf 88' lang='lat' dir='ltr'>nunc</span> <span class='ocrx_word' id='word_1_216' title='bbox 600 2331 681 2377; x_wconf 88' lang='lat' dir='ltr'>succe-</span> 
     </span>
     <span class='ocr_line' id='line_1_26' title="bbox 180 2380 681 2447; baseline 0.012 -22"><span class='ocrx_word' id='word_1_217' title='bbox 180 2380 246 2436; x_wconf 89' lang='lat' dir='ltr'>dunt,</span> <span class='ocrx_word' id='word_1_218' title='bbox 256 2383 393 2430; x_wconf 84' lang='lat' dir='ltr'>ordinandis</span> <span class='ocrx_word' id='word_1_219' title='bbox 402 2401 509 2447; x_wconf 73' lang='lat' dir='ltr'>magnam</span> <span class='ocrx_word' id='word_1_220' title='bbox 519 2385 681 2432; x_wconf 78' lang='lat' dir='ltr'>difficultatem</span> 
     </span>
     <span class='ocr_line' id='line_1_27' title="bbox 177 2455 680 2519; baseline 0.014 -23"><span class='ocrx_word' id='word_1_221' title='bbox 177 2455 259 2514; x_wconf 85' lang='lat' dir='ltr'>injecit</span> <span class='ocrx_word' id='word_1_222' title='bbox 270 2457 320 2515; x_wconf 91' lang='lat' dir='ltr'>ipse</span> <span class='ocrx_word' id='word_1_223' title='bbox 331 2469 414 2516; x_wconf 82' lang='lat' dir='ltr'>poeta,</span> <span class='ocrx_word' id='word_1_224' title='bbox 426 2459 468 2519; x_wconf 87' lang='lat' dir='ltr'>qui</span> <span class='ocrx_word' id='word_1_225' title='bbox 478 2457 604 2502; x_wconf 84' lang='lat' dir='ltr'>discessum</span> <span class='ocrx_word' id='word_1_226' title='bbox 618 2475 630 2503; x_wconf 90' lang='lat' dir='ltr'>e</span> <span class='ocrx_word' id='word_1_227' title='bbox 642 2461 680 2503; x_wconf 89' lang='lat' dir='ltr'>Si·</span> 
     </span>
     <span class='ocr_line' id='line_1_28' title="bbox 177 2523 680 2588; baseline 0.012 -22"><span class='ocrx_word' id='word_1_228' title='bbox 177 2523 231 2567; x_wconf 86' lang='lat' dir='ltr'>cilia</span> <span class='ocrx_word' id='word_1_229' title='bbox 249 2535 271 2568; x_wconf 84' lang='lat' dir='ltr'>et</span> <span class='ocrx_word' id='word_1_230' title='bbox 288 2539 405 2570; x_wconf 87' lang='lat' dir='ltr'>accessum</span> <span class='ocrx_word' id='word_1_231' title='bbox 422 2525 451 2570; x_wconf 89' lang='lat' dir='ltr'>ad</span> <span class='ocrx_word' id='word_1_232' title='bbox 465 2527 565 2571; x_wconf 82' lang='lat' dir='ltr'>Africam</span> <span class='ocrx_word' id='word_1_233' title='bbox 581 2531 680 2588; x_wconf 89' lang='lat' dir='ltr'>septimo</span> 
     </span>
     <span class='ocr_line' id='line_1_29' title="bbox 179 2595 680 2644; baseline 0.012 -6"><span class='ocrx_word' id='word_1_234' title='bbox 179 2608 285 2638; x_wconf 88' lang='lat' dir='ltr'>errorum</span> <span class='ocrx_word' id='word_1_235' title='bbox 297 2609 359 2638; x_wconf 83' lang='lat' dir='ltr'>anno</span> <span class='ocrx_word' id='word_1_236' title='bbox 370 2595 458 2640; x_wconf 81' lang='lat' dir='ltr'>factum</span> <span class='ocrx_word' id='word_1_237' title='bbox 469 2595 555 2641; x_wconf 87' lang='lat' dir='ltr'>diserte</span> <span class='ocrx_word' id='word_1_238' title='bbox 567 2610 680 2644; x_wconf 85' lang='lat' dir='ltr'>memorat</span> 
     </span>
     <span class='ocr_line' id='line_1_30' title="bbox 177 2663 679 2730; baseline 0.01 -21"><span class='ocrx_word' id='word_1_239' title='bbox 177 2682 199 2710; x_wconf 85' lang='lat' dir='ltr'>v.</span> <span class='ocrx_word' id='word_1_240' title='bbox 213 2669 270 2710; x_wconf 84' lang='lat' dir='ltr'>extr.</span> <span class='ocrx_word' id='word_1_241' title='bbox 283 2663 338 2708; x_wconf 86' lang='lat' dir='ltr'>libri</span> <span class='ocrx_word' id='word_1_242' title='bbox 349 2665 421 2710; x_wconf 81' lang='lat' dir='ltr'>lnam</span> <span class='ocrx_word' id='word_1_243' title='bbox 434 2674 454 2710; x_wconf 88' lang='lat' dir='ltr'>tc</span> <span class='ocrx_word' id='word_1_244' title='bbox 461 2669 511 2728; x_wconf 84' lang='lat' dir='ltr'>jam</span> <span class='ocrx_word' id='word_1_245' title='bbox 522 2664 616 2729; x_wconf 78' lang='lat' dir='ltr'>septima</span> <span class='ocrx_word' id='word_1_246' title='bbox 625 2683 679 2730; x_wconf 84' lang='lat' dir='ltr'>por-</span> 
     </span>
     <span class='ocr_line' id='line_1_31' title="bbox 175 2731 678 2798; baseline 0.012 -19"><span class='ocrx_word' id='word_1_247' title='bbox 175 2743 210 2780; x_wconf 84' lang='lat' dir='ltr'>tat</span> <span class='ocrx_word' id='word_1_248' title='bbox 221 2731 329 2778; x_wconf 82' lang='lat' dir='ltr'>Omnibus</span> <span class='ocrx_word' id='word_1_249' title='bbox 341 2744 453 2779; x_wconf 82' lang='lat' dir='ltr'>errantem</span> <span class='ocrx_word' id='word_1_250' title='bbox 463 2740 527 2782; x_wconf 65' lang='lat' dir='ltr'>terris</span> <span class='ocrx_word' id='word_1_251' title='bbox 536 2753 563 2783; x_wconf 84' lang='lat' dir='ltr'>ac</span> <span class='ocrx_word' id='word_1_252' title='bbox 568 2739 678 2798; x_wconf 78' lang='lat' dir='ltr'>fluctibus</span> 
     </span>
     <span class='ocr_line' id='line_1_32' title="bbox 176 2804 677 2858; baseline 0.012 -8"><span class='ocrx_word' id='word_1_253' title='bbox 176 2813 256 2858; x_wconf 75' lang='lat' dir='ltr'>testrrs,⁴</span> <span class='ocrx_word' id='word_1_254' title='bbox 268 2804 330 2849; x_wconf 91' lang='lat' dir='ltr'>idem</span> <span class='ocrx_word' id='word_1_255' title='bbox 341 2817 418 2850; x_wconf 85' lang='lat' dir='ltr'>tamen</span> <span class='ocrx_word' id='word_1_256' title='bbox 428 2807 530 2853; x_wconf 88' lang='lat' dir='ltr'>reditum</span> <span class='ocrx_word' id='word_1_257' title='bbox 541 2811 566 2854; x_wconf 92' lang='lat' dir='ltr'>in</span> <span class='ocrx_word' id='word_1_258' title='bbox 576 2811 677 2856; x_wconf 87' lang='lat' dir='ltr'>Siciliam</span> 
     </span>
     <span class='ocr_line' id='line_1_33' title="bbox 176 2875 678 2940; baseline 0.016 -20"><span class='ocrx_word' id='word_1_259' title='bbox 176 2875 221 2921; x_wconf 90' lang='lat' dir='ltr'>hoc</span> <span class='ocrx_word' id='word_1_260' title='bbox 232 2876 316 2922; x_wconf 84' lang='lat' dir='ltr'>eodem</span> <span class='ocrx_word' id='word_1_261' title='bbox 325 2892 387 2922; x_wconf 89' lang='lat' dir='ltr'>anno</span> <span class='ocrx_word' id='word_1_262' title='bbox 397 2881 495 2940; x_wconf 86' lang='lat' dir='ltr'>septimo</span> <span class='ocrx_word' id='word_1_263' title='bbox 505 2880 592 2926; x_wconf 84' lang='lat' dir='ltr'>factum</span> <span class='ocrx_word' id='word_1_264' title='bbox 599 2894 678 2928; x_wconf 87' lang='lat' dir='ltr'>narrat</span> 
     </span>
     <span class='ocr_line' id='line_1_34' title="bbox 175 2945 677 3014; baseline 0.012 -24"><span class='ocrx_word' id='word_1_265' title='bbox 175 2945 216 2992; x_wconf 89' lang='lat' dir='ltr'>lib.</span> <span class='ocrx_word' id='word_1_266' title='bbox 225 2947 254 3002; x_wconf 83' lang='lat' dir='ltr'>V,</span> <span class='ocrx_word' id='word_1_267' title='bbox 264 2945 309 2993; x_wconf 82' lang='lat'>626</span> <span class='ocrx_word' id='word_1_268' title='bbox 320 2948 477 3011; x_wconf 79' lang='lat' dir='ltr'>Septimupost</span> <span class='ocrx_word' id='word_1_269' title='bbox 485 2953 558 3014; x_wconf 81' lang='lat' dir='ltr'>Trojre</span> <span class='ocrx_word' id='word_1_270' title='bbox 565 2953 677 2996; x_wconf 80' lang='lat' dir='ltr'>excidium</span> 
     </span>
     <span class='ocr_line' id='line_1_35' title="bbox 170 3020 675 3084; baseline 0.016 -24"><span class='ocrx_word' id='word_1_271' title='bbox 170 3020 220 3080; x_wconf 86' lang='lat' dir='ltr'>jam</span> <span class='ocrx_word' id='word_1_272' title='bbox 231 3021 326 3064; x_wconf 81' lang='lat' dir='ltr'>vertitur</span> <span class='ocrx_word' id='word_1_273' title='bbox 335 3028 408 3064; x_wconf 83' lang='lat' dir='ltr'>restas.</span> <span class='ocrx_word' id='word_1_274' title='bbox 422 3022 453 3065; x_wconf 85' lang='lat' dir='ltr'>Ea</span> <span class='ocrx_word' id='word_1_275' title='bbox 461 3033 538 3066; x_wconf 87' lang='lat' dir='ltr'>tamen</span> <span class='ocrx_word' id='word_1_276' title='bbox 548 3024 566 3067; x_wconf 92' lang='lat' dir='ltr'>si</span> <span class='ocrx_word' id='word_1_277' title='bbox 579 3037 619 3077; x_wconf 87' lang='lat' dir='ltr'>eo,</span> <span class='ocrx_word' id='word_1_278' title='bbox 627 3039 675 3084; x_wconf 89' lang='lat' dir='ltr'>quo</span> 
     </span>
     <span class='ocr_line' id='line_1_36' title="bbox 174 3085 676 3152; baseline 0.012 -22"><span class='ocrx_word' id='word_1_279' title='bbox 174 3085 284 3143; x_wconf 84' lang='lat' dir='ltr'>fecimus,</span> <span class='ocrx_word' id='word_1_280' title='bbox 294 3088 365 3134; x_wconf 90' lang='lat' dir='ltr'>modo</span> <span class='ocrx_word' id='word_1_281' title='bbox 373 3089 492 3136; x_wconf 87' lang='lat' dir='ltr'>conciliari</span> <span class='ocrx_word' id='word_1_282' title='bbox 500 3105 610 3152; x_wconf 89' lang='lat' dir='ltr'>possunt,</span> <span class='ocrx_word' id='word_1_283' title='bbox 617 3108 676 3138; x_wconf 88' lang='lat' dir='ltr'>con-</span> 
     </span>
     <span class='ocr_line' id='line_1_37' title="bbox 174 3157 675 3224; baseline 0.012 -22"><span class='ocrx_word' id='word_1_284' title='bbox 174 3157 233 3202; x_wconf 85' lang='lat' dir='ltr'>cidit</span> <span class='ocrx_word' id='word_1_285' title='bbox 245 3171 321 3220; x_wconf 75' lang='lat' dir='ltr'>poetae</span> <span class='ocrx_word' id='word_1_286' title='bbox 335 3159 499 3222; x_wconf 88' lang='lat' dir='ltr'>reprehensio,</span> <span class='ocrx_word' id='word_1_287' title='bbox 516 3177 586 3224; x_wconf 83' lang='lat' dir='ltr'>quam</span> <span class='ocrx_word' id='word_1_288' title='bbox 595 3163 675 3208; x_wconf 92' lang='lat' dir='ltr'>Wood</span> 
     </span>
     <span class='ocr_line' id='line_1_38' title="bbox 174 3233 676 3298; baseline 0.014 -24"><span class='ocrx_word' id='word_1_289' title='bbox 174 3245 270 3292; x_wconf 90' lang='lat' dir='ltr'>quoque</span> <span class='ocrx_word' id='word_1_290' title='bbox 284 3244 362 3278; x_wconf 79' lang='lat' dir='ltr'>movet</span> <span class='ocrx_word' id='word_1_291' title='bbox 376 3239 399 3294; x_wconf 80' lang='lat' dir='ltr'>p.</span> <span class='ocrx_word' id='word_1_292' title='bbox 421 3247 473 3293; x_wconf 77' lang='lat'>229.</span> <span class='ocrx_word' id='word_1_293' title='bbox 490 3233 551 3280; x_wconf 87' lang='lat' dir='ltr'>Nolo.</span> <span class='ocrx_word' id='word_1_294' title='bbox 565 3236 589 3279; x_wconf 94' lang='lat' dir='ltr'>in</span> <span class='ocrx_word' id='word_1_295' title='bbox 602 3251 676 3298; x_wconf 79' lang='lat' dir='ltr'>expo-</span> 
     </span>
     <span class='ocr_line' id='line_1_39' title="bbox 173 3289 674 3364; baseline 0.02 -21"><span class='ocrx_word' id='word_1_296' title='bbox 173 3289 408 3349; x_wconf 68' lang='lat' dir='ltr'>nenda&#39;difficultate</span> <span class='ocrx_word' id='word_1_297' title='bbox 427 3306 501 3350; x_wconf 91' lang='lat' dir='ltr'>otium</span> <span class='ocrx_word' id='word_1_298' title='bbox 522 3319 674 3364; x_wconf 86' lang='lat' dir='ltr'>consumere,</span> 
     </span>
     <span class='ocr_line' id='line_1_40' title="bbox 173 3371 674 3431; baseline 0.02 -18"><span class='ocrx_word' id='word_1_299' title='bbox 173 3386 244 3431; x_wconf 82' lang='lat' dir='ltr'>quam</span> <span class='ocrx_word' id='word_1_300' title='bbox 249 3371 298 3431; x_wconf 85' lang='lat' dir='ltr'>jam</span> <span class='ocrx_word' id='word_1_301' title='bbox 305 3384 395 3420; x_wconf 85' lang='lat' dir='ltr'>veteres</span> <span class='ocrx_word' id='word_1_302' title='bbox 402 3388 530 3421; x_wconf 80' lang='lat' dir='ltr'>versarere.</span> <span class='ocrx_word' id='word_1_303' title='bbox 538 3391 560 3422; x_wconf 81' lang='lat' dir='ltr'>r.</span> <span class='ocrx_word' id='word_1_304' title='bbox 569 3379 674 3424; x_wconf 85' lang='lat' dir='ltr'>Servium</span> 
     </span>
     <span class='ocr_line' id='line_1_41' title="bbox 162 3440 673 3508; baseline 0.022 -25"><span class='ocrx_word' id='word_1_305' title='bbox 162 3441 203 3485; x_wconf 69' lang='lat' dir='ltr'>vad</span> <span class='ocrx_word' id='word_1_306' title='bbox 217 3440 258 3486; x_wconf 86' lang='lat' dir='ltr'>lib.</span> <span class='ocrx_word' id='word_1_307' title='bbox 271 3443 300 3497; x_wconf 91' lang='lat' dir='ltr'>V;</span> <span class='ocrx_word' id='word_1_308' title='bbox 313 3443 371 3500; x_wconf 73' lang='lat'>626,</span> <span class='ocrx_word' id='word_1_309' title='bbox 386 3449 525 3508; x_wconf 78' lang='lat' dir='ltr'>cujusnota</span> <span class='ocrx_word' id='word_1_310' title='bbox 541 3448 636 3494; x_wconf 89' lang='lat' dir='ltr'>tandem</span> <span class='ocrx_word' id='word_1_311' title='bbox 647 3452 673 3494; x_wconf 90' lang='lat' dir='ltr'>iu</span> 
     </span>
     <span class='ocr_line' id='line_1_42' title="bbox 172 3509 671 3579; baseline 0.02 -25"><span class='ocrx_word' id='word_1_312' title='bbox 172 3509 209 3556; x_wconf 82' lang='lat' dir='ltr'>his</span> <span class='ocrx_word' id='word_1_313' title='bbox 229 3511 306 3557; x_wconf 85' lang='lat' dir='ltr'>verbis</span> <span class='ocrx_word' id='word_1_314' title='bbox 325 3514 445 3560; x_wconf 87' lang='lat' dir='ltr'>subsistit:</span> <span class='ocrx_word' id='word_1_315' title='bbox 466 3519 544 3579; x_wconf 74' lang='lat' dir='ltr'>uErgo</span> <span class='ocrx_word' id='word_1_316' title='bbox 565 3530 671 3574; x_wconf 85' lang='lat' dir='ltr'>constat,</span> 
     </span>
     <span class='ocr_line' id='line_1_43' title="bbox 176 3583 671 3642; baseline 0.01 -15"><span class='ocrx_word' id='word_1_317' title='bbox 176 3583 346 3642; x_wconf 64' lang='lat' dir='ltr'>“quaestionem</span> <span class='ocrx_word' id='word_1_318' title='bbox 362 3583 422 3630; x_wconf 83' lang='lat' dir='ltr'>hanc</span> <span class='ocrx_word' id='word_1_319' title='bbox 436 3602 505 3631; x_wconf 79' lang='lat' dir='ltr'>unam</span> <span class='ocrx_word' id='word_1_320' title='bbox 524 3604 571 3633; x_wconf 86' lang='lat' dir='ltr'>esse</span> <span class='ocrx_word' id='word_1_321' title='bbox 588 3588 618 3634; x_wconf 87' lang='lat' dir='ltr'>de</span> <span class='ocrx_word' id='word_1_322' title='bbox 635 3591 671 3633; x_wconf 91' lang='lat' dir='ltr'>in·</span> 
     </span>
    </p>
   </div>
   <div class='ocr_carea' id='block_1_8' title="bbox 61 3649 672 3717">
    <p class='ocr_par' dir='ltr' id='par_1_8' title="bbox 61 3649 672 3717">
     <span class='ocr_line' id='line_1_44' title="bbox 61 3649 672 3717; baseline 0.02 -25"><span class='ocrx_word' id='word_1_323' title='bbox 61 3688 66 3698; x_wconf 90' lang='grc'><em>,</em></span> <span class='ocrx_word' id='word_1_324' title='bbox 135 3696 137 3700; x_wconf 70' lang='grc'>,</span> <span class='ocrx_word' id='word_1_325' title='bbox 175 3649 385 3710; x_wconf 69' lang='lat' dir='ltr'>«dissolubilibus;</span> <span class='ocrx_word' id='word_1_326' title='bbox 400 3671 457 3717; x_wconf 86' lang='lat' dir='ltr'>quas</span> <span class='ocrx_word' id='word_1_327' title='bbox 467 3671 516 3701; x_wconf 90' lang='lat' dir='ltr'>non</span> <span class='ocrx_word' id='word_1_328' title='bbox 528 3658 625 3704; x_wconf 89' lang='lat' dir='ltr'>dubium</span> <span class='ocrx_word' id='word_1_329' title='bbox 639 3671 672 3704; x_wconf 91' lang='lat' dir='ltr'>est</span> 
     </span>
    </p>
   </div>
   <div class='ocr_carea' id='block_1_9' title="bbox 129 3721 673 4069">
    <p class='ocr_par' dir='ltr' id='par_1_9' title="bbox 129 3721 673 4069">
     <span class='ocr_line' id='line_1_45' title="bbox 175 3721 672 3790; baseline 0.022 -24"><span class='ocrx_word' id='word_1_330' title='bbox 175 3721 372 3768; x_wconf 81' lang='lat' dir='ltr'>«emendaturum</span> <span class='ocrx_word' id='word_1_331' title='bbox 389 3726 459 3772; x_wconf 80' lang='lat' dir='ltr'>fuisse</span> <span class='ocrx_word' id='word_1_332' title='bbox 476 3727 607 3790; x_wconf 76' lang='lat' dir='ltr'>Virgilium.</span> <span class='ocrx_word' id='word_1_333' title='bbox 620 3751 630 3770; x_wconf 76' lang='lat' dir='ltr'>n</span> <span class='ocrx_word' id='word_1_334' title='bbox 648 3733 672 3777; x_wconf 88' lang='lat' dir='ltr'>Si</span> 
     </span>
     <span class='ocr_line' id='line_1_46' title="bbox 173 3793 672 3859; baseline 0.024 -25"><span class='ocrx_word' id='word_1_335' title='bbox 173 3793 225 3853; x_wconf 83' lang='lat' dir='ltr'>quis</span> <span class='ocrx_word' id='word_1_336' title='bbox 236 3793 314 3855; x_wconf 84' lang='lat' dir='ltr'>itaque</span> <span class='ocrx_word' id='word_1_337' title='bbox 324 3808 418 3856; x_wconf 81' lang='lat' dir='ltr'>poetam</span> <span class='ocrx_word' id='word_1_338' title='bbox 429 3799 454 3841; x_wconf 93' lang='lat' dir='ltr'>in</span> <span class='ocrx_word' id='word_1_339' title='bbox 466 3808 571 3859; x_wconf 88' lang='lat' dir='ltr'>tempore</span> <span class='ocrx_word' id='word_1_340' title='bbox 582 3801 672 3846; x_wconf 82' lang='lat' dir='ltr'>AEneidi</span> 
     </span>
     <span class='ocr_line' id='line_1_47' title="bbox 172 3867 672 3927; baseline 0.024 -21"><span class='ocrx_word' id='word_1_341' title='bbox 172 3879 221 3906; x_wconf 59' lang='lat' dir='ltr'>suae*</span> <span class='ocrx_word' id='word_1_342' title='bbox 228 3867 392 3912; x_wconf 88' lang='lat' dir='ltr'>constituendo</span> <span class='ocrx_word' id='word_1_343' title='bbox 404 3868 439 3911; x_wconf 89' lang='lat' dir='ltr'>sui</span> <span class='ocrx_word' id='word_1_344' title='bbox 452 3873 534 3927; x_wconf 80' lang='lat' dir='ltr'>parum</span> <span class='ocrx_word' id='word_1_345' title='bbox 545 3885 672 3918; x_wconf 85' lang='lat' dir='ltr'>memorem</span> 
     </span>
     <span class='ocr_line' id='line_1_48' title="bbox 129 3933 673 4003; baseline 0.024 -28"><span class='ocrx_word' id='word_1_346' title='bbox 129 3971 130 3974; x_wconf 74' lang='grc'>,</span> <span class='ocrx_word' id='word_1_347' title='bbox 171 3935 243 3977; x_wconf 83' lang='lat' dir='ltr'>luisse</span> <span class='ocrx_word' id='word_1_348' title='bbox 252 3933 330 3989; x_wconf 85' lang='lat' dir='ltr'>dicat,</span> <span class='ocrx_word' id='word_1_349' title='bbox 347 3949 395 3980; x_wconf 89' lang='lat' dir='ltr'>non</span> <span class='ocrx_word' id='word_1_350' title='bbox 409 3935 509 3980; x_wconf 89' lang='lat' dir='ltr'>multum</span> <span class='ocrx_word' id='word_1_351' title='bbox 520 3937 596 3986; x_wconf 85' lang='lat' dir='ltr'>habeo</span> <span class='ocrx_word' id='word_1_352' title='bbox 608 3941 673 4003; x_wconf 85' lang='lat' dir='ltr'>quod</span> 
     </span>
     <span class='ocr_line' id='line_1_49' title="bbox 173 4003 672 4069; baseline 0.018 -19"><span class='ocrx_word' id='word_1_353' title='bbox 173 4015 293 4062; x_wconf 82' lang='lat' dir='ltr'>reponam.</span> <span class='ocrx_word' id='word_1_354' title='bbox 308 4003 370 4049; x_wconf 84' lang='lat' dir='ltr'>illud</span> <span class='ocrx_word' id='word_1_355' title='bbox 389 4015 466 4054; x_wconf 81' lang='lat' dir='ltr'>tamen</span> <span class='ocrx_word' id='word_1_356' title='bbox 482 4006 550 4054; x_wconf 70' lang='lat' dir='ltr'>male.</span> <span class='ocrx_word' id='word_1_357' title='bbox 561 4008 672 4069; x_wconf 84' lang='lat' dir='ltr'>haberer,</span> 
     </span>
    </p>
   </div>
   <div class='ocr_carea' id='block_1_10' title="bbox 721 2301 1238 3990">
    <p class='ocr_par' dir='ltr' id='par_1_10' title="bbox 721 2301 1238 3990">
     <span class='ocr_line' id='line_1_50' title="bbox 731 2301 1238 2380; baseline -0.036 -16"><span class='ocrx_word' id='word_1_358' title='bbox 731 2316 796 2380; x_wconf 88' lang='lat' dir='ltr'>quod</span> <span class='ocrx_word' id='word_1_359' title='bbox 805 2327 875 2378; x_wconf 83' lang='lat' dir='ltr'>poeta</span> <span class='ocrx_word' id='word_1_360' title='bbox 885 2314 996 2375; x_wconf 88' lang='lat' dir='ltr'>temporis</span> <span class='ocrx_word' id='word_1_361' title='bbox 1005 2320 1073 2354; x_wconf 89' lang='lat' dir='ltr'>notat</span> <span class='ocrx_word' id='word_1_362' title='bbox 1082 2305 1178 2352; x_wconf 89' lang='lat' dir='ltr'>disertis</span> <span class='ocrx_word' id='word_1_363' title='bbox 1185 2301 1238 2347; x_wconf 58' lang='lat' dir='ltr'>veri</span> 
     </span>
     <span class='ocr_line' id='line_1_51' title="bbox 729 2379 1236 2448; baseline -0.03 -18"><span class='ocrx_word' id='word_1_364' title='bbox 729 2386 766 2432; x_wconf 87' lang='lat' dir='ltr'>bis</span> <span class='ocrx_word' id='word_1_365' title='bbox 776 2388 896 2448; x_wconf 89' lang='lat' dir='ltr'>apposuit,</span> <span class='ocrx_word' id='word_1_366' title='bbox 907 2398 976 2446; x_wconf 84' lang='lat' dir='ltr'>quas,</span> <span class='ocrx_word' id='word_1_367' title='bbox 987 2382 1006 2426; x_wconf 88' lang='lat' dir='ltr'>si</span> <span class='ocrx_word' id='word_1_368' title='bbox 1016 2379 1157 2430; x_wconf 84' lang='lat' dir='ltr'>abfuissent,</span> <span class='ocrx_word' id='word_1_369' title='bbox 1167 2387 1236 2418; x_wconf 86' lang='lat' dir='ltr'>nemo</span> 
     </span>
     <span class='ocr_line' id='line_1_52' title="bbox 730 2449 1237 2511; baseline -0.028 -9"><span class='ocrx_word' id='word_1_370' title='bbox 730 2457 904 2504; x_wconf 84' lang='lat' dir='ltr'>desideraturus</span> <span class='ocrx_word' id='word_1_371' title='bbox 916 2467 956 2501; x_wconf 84' lang='lat' dir='ltr'>aut</span> <span class='ocrx_word' id='word_1_372' title='bbox 970 2457 995 2498; x_wconf 92' lang='lat' dir='ltr'>in</span> <span class='ocrx_word' id='word_1_373' title='bbox 1006 2451 1068 2496; x_wconf 87' lang='lat' dir='ltr'>hanc</span> <span class='ocrx_word' id='word_1_374' title='bbox 1081 2449 1237 2511; x_wconf 72' lang='lat' dir='ltr'>questionem</span> 
     </span>
     <span class='ocr_line' id='line_1_53' title="bbox 730 2515 1236 2578; baseline -0.03 -5"><span class='ocrx_word' id='word_1_375' title='bbox 730 2527 884 2573; x_wconf 88' lang='lat' dir='ltr'>descensurus</span> <span class='ocrx_word' id='word_1_376' title='bbox 898 2526 985 2571; x_wconf 82' lang='lat' dir='ltr'>luisset.</span> <span class='ocrx_word' id='word_1_377' title='bbox 998 2523 1047 2567; x_wconf 82' lang='lat' dir='ltr'>Etsi</span> <span class='ocrx_word' id='word_1_378' title='bbox 1059 2535 1117 2565; x_wconf 86' lang='lat' dir='ltr'>vero</span> <span class='ocrx_word' id='word_1_379' title='bbox 1130 2515 1236 2578; x_wconf 85' lang='lat' dir='ltr'>expediri</span> 
     </span>
     <span class='ocr_line' id='line_1_54' title="bbox 728 2588 1236 2660; baseline -0.028 -16"><span class='ocrx_word' id='word_1_380' title='bbox 728 2597 770 2645; x_wconf 82' lang='lat' dir='ltr'>illa</span> <span class='ocrx_word' id='word_1_381' title='bbox 782 2601 876 2660; x_wconf 81' lang='lat' dir='ltr'>neq&#39;uit,</span> <span class='ocrx_word' id='word_1_382' title='bbox 890 2600 922 2642; x_wconf 82' lang='lat' dir='ltr'>ita</span> <span class='ocrx_word' id='word_1_383' title='bbox 932 2607 959 2640; x_wconf 86' lang='lat' dir='ltr'>ut</span> <span class='ocrx_word' id='word_1_384' title='bbox 970 2591 1031 2639; x_wconf 84' lang='lat' dir='ltr'>nihil</span> <span class='ocrx_word' id='word_1_385' title='bbox 1043 2591 1105 2636; x_wconf 79' lang='lat' dir='ltr'>forre</span> <span class='ocrx_word' id='word_1_386' title='bbox 1118 2588 1236 2650; x_wconf 80' lang='lat' dir='ltr'>reponere</span> 
     </span>
     <span class='ocr_line' id='line_1_55' title="bbox 728 2659 1237 2730; baseline -0.028 -15"><span class='ocrx_word' id='word_1_387' title='bbox 728 2659 1237 2730; x_wconf 69' lang='lat' dir='ltr'>possisalterutrumtamensumendumest,</span> 
     </span>
     <span class='ocr_line' id='line_1_56' title="bbox 728 2735 1235 2785; baseline -0.024 -1"><span class='ocrx_word' id='word_1_388' title='bbox 728 2751 768 2784; x_wconf 86' lang='lat' dir='ltr'>aut</span> <span class='ocrx_word' id='word_1_389' title='bbox 783 2737 826 2785; x_wconf 85' lang='lat' dir='ltr'>sub</span> <span class='ocrx_word' id='word_1_390' title='bbox 843 2737 913 2784; x_wconf 84' lang='lat' dir='ltr'>finem</span> <span class='ocrx_word' id='word_1_391' title='bbox 928 2738 983 2782; x_wconf 84' lang='lat' dir='ltr'>anni</span> <span class='ocrx_word' id='word_1_392' title='bbox 1000 2735 1117 2780; x_wconf 85' lang='lat' dir='ltr'>autumno</span> <span class='ocrx_word' id='word_1_393' title='bbox 1132 2740 1235 2776; x_wconf 82' lang='lat' dir='ltr'>exeunte</span> 
     </span>
     <span class='ocr_line' id='line_1_57' title="bbox 727 2799 1235 2856; baseline -0.022 -2"><span class='ocrx_word' id='word_1_394' title='bbox 727 2811 821 2856; x_wconf 86' lang='lat' dir='ltr'>AEne&#39;am</span> <span class='ocrx_word' id='word_1_395' title='bbox 831 2809 860 2854; x_wconf 89' lang='lat' dir='ltr'>ad</span> <span class='ocrx_word' id='word_1_396' title='bbox 870 2809 970 2854; x_wconf 84' lang='lat' dir='ltr'>Africam</span> <span class='ocrx_word' id='word_1_397' title='bbox 980 2806 1118 2855; x_wconf 89' lang='lat' dir='ltr'>accessisse,</span> <span class='ocrx_word' id='word_1_398' title='bbox 1128 2814 1152 2847; x_wconf 90' lang='lat' dir='ltr'>et</span> <span class='ocrx_word' id='word_1_399' title='bbox 1160 2799 1235 2845; x_wconf 85' lang='lat' dir='ltr'>altero</span> 
     </span>
     <span class='ocr_line' id='line_1_58' title="bbox 727 2872 1234 2942; baseline -0.026 -15"><span class='ocrx_word' id='word_1_400' title='bbox 727 2894 794 2942; x_wconf 45' lang='lat' dir='ltr'>attint),v</span> <span class='ocrx_word' id='word_1_401' title='bbox 800 2882 877 2941; x_wconf 88' lang='lat' dir='ltr'>primo</span> <span class='ocrx_word' id='word_1_402' title='bbox 891 2895 945 2926; x_wconf 83' lang='lat' dir='ltr'>vere</span> <span class='ocrx_word' id='word_1_403' title='bbox 958 2877 1063 2922; x_wconf 88' lang='lat' dir='ltr'>discessu</span> <span class='ocrx_word' id='word_1_404' title='bbox 1079 2873 1143 2918; x_wconf 88' lang='lat' dir='ltr'>facto</span> <span class='ocrx_word' id='word_1_405' title='bbox 1157 2873 1184 2916; x_wconf 88' lang='lat' dir='ltr'>in</span> <span class='ocrx_word' id='word_1_406' title='bbox 1195 2872 1234 2915; x_wconf 84' lang='lat' dir='ltr'>si-</span> 
     </span>
     <span class='ocr_line' id='line_1_59' title="bbox 726 2943 1234 3002; baseline -0.022 -6"><span class='ocrx_word' id='word_1_407' title='bbox 726 2950 803 2996; x_wconf 86' lang='lat' dir='ltr'>ciliam</span> <span class='ocrx_word' id='word_1_408' title='bbox 813 2966 931 2998; x_wconf 88' lang='lat' dir='ltr'>reversum</span> <span class='ocrx_word' id='word_1_409' title='bbox 943 2964 1007 3002; x_wconf 88' lang='lat' dir='ltr'>esse;</span> <span class='ocrx_word' id='word_1_410' title='bbox 1020 2957 1061 2992; x_wconf 87' lang='lat' dir='ltr'>aut</span> <span class='ocrx_word' id='word_1_411' title='bbox 1070 2960 1126 2990; x_wconf 89' lang='lat' dir='ltr'>vere</span> <span class='ocrx_word' id='word_1_412' title='bbox 1137 2943 1234 2989; x_wconf 87' lang='lat' dir='ltr'>demum</span> 
     </span>
     <span class='ocr_line' id='line_1_60' title="bbox 725 3015 1233 3086; baseline -0.022 -17"><span class='ocrx_word' id='word_1_413' title='bbox 725 3025 844 3086; x_wconf 88' lang='lat' dir='ltr'>sequentis</span> <span class='ocrx_word' id='word_1_414' title='bbox 855 3023 909 3068; x_wconf 88' lang='lat' dir='ltr'>anni</span> <span class='ocrx_word' id='word_1_415' title='bbox 921 3021 1016 3067; x_wconf 90' lang='lat' dir='ltr'>solvisse</span> <span class='ocrx_word' id='word_1_416' title='bbox 1027 3021 1124 3063; x_wconf 85' lang='lat' dir='ltr'>AEneam</span> <span class='ocrx_word' id='word_1_417' title='bbox 1134 3032 1165 3062; x_wconf 85' lang='lat' dir='ltr'>ex</span> <span class='ocrx_word' id='word_1_418' title='bbox 1174 3015 1233 3060; x_wconf 91' lang='lat' dir='ltr'>Sici-</span> 
     </span>
     <span class='ocr_line' id='line_1_61' title="bbox 725 3085 1233 3156; baseline -0.016 -18"><span class='ocrx_word' id='word_1_419' title='bbox 725 3093 769 3149; x_wconf 69' lang='lat' dir='ltr'>lia,</span> <span class='ocrx_word' id='word_1_420' title='bbox 788 3093 952 3156; x_wconf 72' lang='lat' dir='ltr'>Carthaginem</span> <span class='ocrx_word' id='word_1_421' title='bbox 968 3089 1087 3153; x_wconf 85' lang='lat' dir='ltr'>appulisse</span> <span class='ocrx_word' id='word_1_422' title='bbox 1106 3100 1130 3134; x_wconf 93' lang='lat' dir='ltr'>et</span> <span class='ocrx_word' id='word_1_423' title='bbox 1149 3085 1233 3132; x_wconf 88' lang='lat' dir='ltr'>eadem</span> 
     </span>
     <span class='ocr_line' id='line_1_62' title="bbox 725 3159 1236 3210; baseline -0.014 -2"><span class='ocrx_word' id='word_1_424' title='bbox 725 3175 801 3210; x_wconf 82' lang='lat' dir='ltr'>aestate</span> <span class='ocrx_word' id='word_1_425' title='bbox 815 3167 839 3209; x_wconf 90' lang='lat' dir='ltr'>in</span> <span class='ocrx_word' id='word_1_426' title='bbox 852 3162 955 3210; x_wconf 82' lang='lat' dir='ltr'>Siciliam</span> <span class='ocrx_word' id='word_1_427' title='bbox 971 3162 1078 3208; x_wconf 87' lang='lat' dir='ltr'>rediisse.</span> <span class='ocrx_word' id='word_1_428' title='bbox 1094 3159 1146 3204; x_wconf 86' lang='lat' dir='ltr'>Hoc</span> <span class='ocrx_word' id='word_1_429' title='bbox 1161 3159 1181 3203; x_wconf 94' lang='lat' dir='ltr'>si</span> <span class='ocrx_word' id='word_1_430' title='bbox 1195 3172 1236 3202; x_wconf 85' lang='lat' dir='ltr'>se-</span> 
     </span>
     <span class='ocr_line' id='line_1_63' title="bbox 725 3233 1235 3299; baseline -0.016 -17"><span class='ocrx_word' id='word_1_431' title='bbox 725 3251 806 3299; x_wconf 78' lang='lat' dir='ltr'>quare,</span> <span class='ocrx_word' id='word_1_432' title='bbox 815 3236 896 3282; x_wconf 87' lang='lat' dir='ltr'>saltem</span> <span class='ocrx_word' id='word_1_433' title='bbox 905 3250 1014 3282; x_wconf 81' lang='lat' dir='ltr'>versuum</span> <span class='ocrx_word' id='word_1_434' title='bbox 1023 3235 1123 3278; x_wconf 88' lang='lat' dir='ltr'>istorum</span> <span class='ocrx_word' id='word_1_435' title='bbox 1133 3233 1197 3276; x_wconf 87' lang='lat' dir='ltr'>ratio</span> <span class='ocrx_word' id='word_1_436' title='bbox 1207 3246 1235 3274; x_wconf 87' lang='lat' dir='ltr'>ac</span> 
     </span>
     <span class='ocr_line' id='line_1_64' title="bbox 724 3301 1234 3366; baseline -0.022 -10"><span class='ocrx_word' id='word_1_437' title='bbox 724 3309 839 3356; x_wconf 88' lang='lat' dir='ltr'>sententia</span> <span class='ocrx_word' id='word_1_438' title='bbox 856 3317 952 3352; x_wconf 85' lang='lat' dir='ltr'>constat.</span> <span class='ocrx_word' id='word_1_439' title='bbox 969 3305 1056 3366; x_wconf 78' lang='lat' dir='ltr'>igitur,</span> <span class='ocrx_word' id='word_1_440' title='bbox 1072 3302 1131 3347; x_wconf 88' lang='lat' dir='ltr'>dum</span> <span class='ocrx_word' id='word_1_441' title='bbox 1145 3301 1234 3347; x_wconf 77' lang='lat' dir='ltr'>melio-</span> 
     </span>
     <span class='ocr_line' id='line_1_65' title="bbox 723 3373 1233 3438; baseline -0.01 -16"><span class='ocrx_word' id='word_1_442' title='bbox 723 3393 773 3424; x_wconf 87' lang='lat' dir='ltr'>rem</span> <span class='ocrx_word' id='word_1_443' title='bbox 784 3380 900 3422; x_wconf 87' lang='lat' dir='ltr'>rationem</span> <span class='ocrx_word' id='word_1_444' title='bbox 908 3375 993 3438; x_wconf 81' lang='lat' dir='ltr'>aliq&#39;uis</span> <span class='ocrx_word' id='word_1_445' title='bbox 1006 3373 1131 3428; x_wconf 86' lang='lat' dir='ltr'>docuerit,</span> <span class='ocrx_word' id='word_1_446' title='bbox 1149 3383 1233 3419; x_wconf 83' lang='lat' dir='ltr'>tenea-</span> 
     </span>
     <span class='ocr_line' id='line_1_66' title="bbox 722 3444 1235 3507; baseline -0.01 -12"><span class='ocrx_word' id='word_1_447' title='bbox 722 3465 773 3502; x_wconf 89' lang='lat' dir='ltr'>mus</span> <span class='ocrx_word' id='word_1_448' title='bbox 791 3449 932 3504; x_wconf 33' lang='lat' dir='ltr'>hoc..Certe</span> <span class='ocrx_word' id='word_1_449' title='bbox 952 3448 1089 3500; x_wconf 75' lang='lat' dir='ltr'>(latrorum,</span> <span class='ocrx_word' id='word_1_450' title='bbox 1109 3460 1184 3507; x_wconf 86' lang='lat' dir='ltr'>quem</span> <span class='ocrx_word' id='word_1_451' title='bbox 1201 3444 1235 3500; x_wconf 81' lang='lat' dir='ltr'>ad</span> 
     </span>
     <span class='ocr_line' id='line_1_67' title="bbox 722 3516 1233 3582; baseline -0.008 -18"><span class='ocrx_word' id='word_1_452' title='bbox 722 3519 764 3564; x_wconf 90' lang='lat' dir='ltr'>lib.</span> <span class='ocrx_word' id='word_1_453' title='bbox 777 3521 797 3564; x_wconf 89' lang='lat' dir='ltr'>V</span> <span class='ocrx_word' id='word_1_454' title='bbox 814 3537 850 3582; x_wconf 89' lang='lat' dir='ltr'>pr.</span> <span class='ocrx_word' id='word_1_455' title='bbox 863 3519 893 3566; x_wconf 92' lang='lat' dir='ltr'>de</span> <span class='ocrx_word' id='word_1_456' title='bbox 911 3518 947 3563; x_wconf 92' lang='lat' dir='ltr'>his</span> <span class='ocrx_word' id='word_1_457' title='bbox 965 3517 1096 3579; x_wconf 89' lang='lat' dir='ltr'>disputasse</span> <span class='ocrx_word' id='word_1_458' title='bbox 1106 3516 1233 3570; x_wconf 77' lang='lat' dir='ltr'>videmus3</span> 
     </span>
     <span class='ocr_line' id='line_1_68' title="bbox 722 3588 1232 3651; baseline -0.01 -15"><span class='ocrx_word' id='word_1_459' title='bbox 722 3593 799 3636; x_wconf 89' lang='lat' dir='ltr'>omnia</span> <span class='ocrx_word' id='word_1_460' title='bbox 808 3591 838 3636; x_wconf 88' lang='lat' dir='ltr'>ad</span> <span class='ocrx_word' id='word_1_461' title='bbox 849 3590 949 3650; x_wconf 89' lang='lat' dir='ltr'>lubitum</span> <span class='ocrx_word' id='word_1_462' title='bbox 958 3588 1086 3651; x_wconf 76' lang='lat' dir='ltr'>fingentem</span> <span class='ocrx_word' id='word_1_463' title='bbox 1097 3588 1182 3633; x_wconf 85' lang='lat' dir='ltr'>audire</span> <span class='ocrx_word' id='word_1_464' title='bbox 1192 3588 1232 3650; x_wconf 90' lang='lat' dir='ltr'>pi-</span> 
     </span>
     <span class='ocr_line' id='line_1_69' title="bbox 722 3653 1235 3724; baseline -0.01 -17"><span class='ocrx_word' id='word_1_465' title='bbox 722 3673 767 3724; x_wconf 72' lang='lat' dir='ltr'>get.</span> <span class='ocrx_word' id='word_1_466' title='bbox 779 3663 826 3707; x_wconf 88' lang='lat' dir='ltr'>Nec</span> <span class='ocrx_word' id='word_1_467' title='bbox 837 3653 911 3708; x_wconf 79' lang='lat' dir='ltr'>Wood</span> <span class='ocrx_word' id='word_1_468' title='bbox 917 3695 924 3716; x_wconf 92' lang='lat'><em>‚</em></span> <span class='ocrx_word' id='word_1_469' title='bbox 942 3662 984 3722; x_wconf 93' lang='lat' dir='ltr'>qui</span> <span class='ocrx_word' id='word_1_470' title='bbox 994 3659 1076 3705; x_wconf 82' lang='lat' dir='ltr'>lliadis</span> <span class='ocrx_word' id='word_1_471' title='bbox 1089 3672 1114 3706; x_wconf 89' lang='lat' dir='ltr'>et</span> <span class='ocrx_word' id='word_1_472' title='bbox 1126 3658 1235 3721; x_wconf 78' lang='lat' dir='ltr'>AEneidis¹</span> 
     </span>
     <span class='ocr_line' id='line_1_70' title="bbox 722 3729 1233 3795; baseline -0.008 -17"><span class='ocrx_word' id='word_1_473' title='bbox 722 3744 833 3795; x_wconf 84' lang='lat' dir='ltr'>tempora¹</span> <span class='ocrx_word' id='word_1_474' title='bbox 842 3731 1006 3778; x_wconf 81' lang='lat' dir='ltr'>constituenda</span> <span class='ocrx_word' id='word_1_475' title='bbox 1026 3729 1074 3776; x_wconf 91' lang='lat' dir='ltr'>alio</span> <span class='ocrx_word' id='word_1_476' title='bbox 1093 3747 1168 3794; x_wconf 85' lang='lat' dir='ltr'>opere</span> <span class='ocrx_word' id='word_1_477' title='bbox 1185 3729 1233 3774; x_wconf 90' lang='lat' dir='ltr'>sibi</span> 
     </span>
     <span class='ocr_line' id='line_1_71' title="bbox 721 3801 1230 3866; baseline -0.01 -18"><span class='ocrx_word' id='word_1_478' title='bbox 721 3803 890 3866; x_wconf 88' lang='lat' dir='ltr'>proposuerat(</span> <span class='ocrx_word' id='word_1_479' title='bbox 896 3819 920 3866; x_wconf 88' lang='lat' dir='ltr'>p.</span> <span class='ocrx_word' id='word_1_480' title='bbox 930 3817 975 3864; x_wconf 84' lang='lat'>²²9</span> <span class='ocrx_word' id='word_1_481' title='bbox 982 3817 1017 3864; x_wconf 82' lang='lat' dir='ltr'>sq.</span> <span class='ocrx_word' id='word_1_482' title='bbox 1032 3813 1089 3864; x_wconf 91' lang='lat' dir='ltr'>etp.</span> <span class='ocrx_word' id='word_1_483' title='bbox 1105 3801 1158 3858; x_wconf 74' lang='lat'>254.</span> <span class='ocrx_word' id='word_1_484' title='bbox 1167 3815 1230 3847; x_wconf 80' lang='lat' dir='ltr'>vers.</span> 
     </span>
     <span class='ocr_line' id='line_1_72' title="bbox 722 3871 1234 3937; baseline 0.002 -18"><span class='ocrx_word' id='word_1_485' title='bbox 722 3875 811 3935; x_wconf 76' lang='lat' dir='ltr'>germ.)</span> <span class='ocrx_word' id='word_1_486' title='bbox 829 3875 882 3920; x_wconf 82' lang='lat' dir='ltr'>satis</span> <span class='ocrx_word' id='word_1_487' title='bbox 894 3871 1026 3937; x_wconf 80' lang='lat' dir='ltr'>probabilia</span> <span class='ocrx_word' id='word_1_488' title='bbox 1040 3871 1164 3935; x_wconf 79' lang='lat' dir='ltr'>amplexus</span> <span class='ocrx_word' id='word_1_489' title='bbox 1179 3885 1234 3920; x_wconf 81' lang='lat' dir='ltr'>esse·</span> 
     </span>
     <span class='ocr_line' id='line_1_73' title="bbox 723 3942 824 3990; baseline -0.03 0"><span class='ocrx_word' id='word_1_490' title='bbox 723 3942 824 3990; x_wconf 81' lang='lat' dir='ltr'>ridetur.</span> 
     </span>
    </p>
   </div>
   <div class='ocr_carea' id='block_1_11' title="bbox 0 0 1350 4594">
    <p class='ocr_par' dir='ltr' id='par_1_11' title="bbox 0 0 1350 4594">
     <span class='ocr_line' id='line_1_74' title="bbox 0 0 1350 4594; baseline 0 4"><span class='ocrx_word' id='word_1_491' title='bbox 0 0 1350 4594; x_wconf 95' lang='lat' dir='ltr'> </span> 
     </span>
    </p>
   </div>
  </div>
 </body>
</html>
