2742 4586
248 283 307 325 222
492 255 527 320 P.
550 253 781 317 VIRGILll
804 252 1034 320 MARONIS

243 385 281 446 ln
293 383 375 446 latus
388 383 488 469 inque
501 379 562 442 feri
574 399 708 442 curvam
719 377 933 464 compagibus
943 379 1054 442 alvum

244 489 418 553 Contorsit.
432 486 526 551 Stetit
538 484 593 547 illa
604 501 762 561 tremens,
777 498 939 572 uteroque
952 507 1086 549 recusso

245 595 424 660 insonuere
437 615 523 658 cavae
536 591 762 679 gemitumque
775 589 897 653 dedere
910 613 1067 654 cavernae.

243 704 297 781 Et,
312 702 339 766 si
351 703 417 765 fata
429 699 542 777 deum,
557 699 584 762 si
596 719 689 760 mens
702 719 770 760 non
782 696 864 760 laeva
876 697 1005 775 fuisset,

243 809 436 897 Impulerat,
450 805 538 868 ferro
550 803 716 890 Argolicas
727 800 852 866 foedare
865 802 1023 881 latebras;
1260 813 1290 866 55

242 915 407 1004 Trojaque
420 934 509 975 nunc
521 927 636 988 stares,
650 910 836 998 Priamique
848 932 904 972 arx
915 909 980 972 alta
991 931 1151 974 maneres.

274 1104 310 1148 51.
321 1091 470 1161 Quantopere
480 1111 570 1144 veteres
582 1099 730 1142 Grammatici
740 1099 765 1141 in
771 1097 820 1159 feri
830 1097 985 1160 trepidarint,
999 1114 1026 1142 ex
1037 1096 1121 1142 lacinia
1134 1094 1289 1158 intelligitur,

243 1189 313 1237 quam
319 1173 461 1232 Pomponius
468 1169 514 1214 11.1.
524 1185 551 1214 er
559 1181 614 1214 vett.
626 1167 723 1213 Scholiis
731 1168 924 1224 servavit:l’ERl‚
933 1167 1000 1222 idest,
1007 1170 1118 1231 equinam
1125 1165 1163 1210 lib.
1176 1167 1199 1208 V
1199 1167 1233 1220 11,
1242 1165 1289 1224 489

236 1243 316 1305 ferum
323 1239 421 1303 appellat
427 1241 672 1301 cervum.Apronianus
677 1236 728 1301 leqt't
735 1240 849 1300 Ferit,prn
855 1229 966 1301 percussit
972 1235 1144 1284 curuamoloum
1151 1240 1174 1280 in
1181 1238 1292 1298 compage

243 1312 343 1372 bus(hoc
351 1315 376 1356 in
383 1310 468 1355 CodM
477 1311 558 1355 ediceo
565 1309 672 1365 habetur,
678 1325 818 1372 quamquam
826 1313 937 1356 anemius
945 1309 1021 1355 adhuc
1026 1311 1148 1367 notatum).
1157 1305 1207 1351 Atu
1213 1306 1291 1370 legunt

241 1386 303 1438 Feri,
312 1392 337 1428 ut
347 1382 456 1445 sdferus,
462 1381 518 1444 feri,
529 1397 571 1443 pro
582 1396 646 1444 equo,
655 1390 680 1425 ut
682 1379 745 1444 fine,
751 1379 819 1443 ferm
830 1398 873 1443 pro
883 1381 1035 1446 quadrupede.
1046 1379 1095 1426 Alit
1103 1379 1179 1445 legunt
1190 1381 1255 1432 Feri,
1263 1385 1290 1422 ut

241 1461 273 1502 sic
280 1459 316 1510 sit,
330 1456 353 1500 id
362 1463 397 1499 est
399 1454 483 1517 feram,
492 1463 584 1516 propter
594 1453 662 1498 verbo
671 1452 773 1498 similiter
780 1454 882 1499 cadentia
892 1455 962 1514 (utsit
968 1453 1094 1517 proferunt
1103 1468 1197 1498 cumam
1203 1450 1289 1508 alvum)

241 1529 351 1572 -Porro
357 1525 406 1588 feri
414 1541 426 1570 c
435 1528 570 1589 compaginis
579 1541 601 1569 a.
613 1525 661 1569 MS.
674 1527 787 1570 Prisciani
799 1540 822 1587 p.
836 1523 878 1580 134
890 1537 995 1570 notatum
1004 1527 1029 1570 in
1039 1523 1135 1570 Collect.
1148 1525 1200 1568 Sar.
1214 1520 1290 1566 alvom

241 1598 302 1644 oud.
312 1621 343 1632 -
350 1597 386 1642 52.
398 1599 490 1642 lutorsit
501 1612 546 1642 sec.
557 1596 666 1642 Rottend.
676 1596 741 1658 quod
753 1595 848 1641 defendi
858 1598 930 1658 possit
940 1611 1019 1641 recuso
1026 1595 1082 1656 Reg.
1095 1609 1146 1640 am.
1156 1609 1193 1655 pr.
1204 1604 1228 1638 et
1235 1601 1289 1636 tert.

240 1666 339 1714 Mentel.
351 1683 405 1712 cum
414 1669 476 1712 binis
488 1667 557 1711 Goth.
570 1664 657 1712 recluso
666 1683 702 1728 pr.
713 1667 795 1712 llamb.
805 1679 828 1712 et
839 1681 885 1712 sec.
898 1668 983 1714 Moret.
995 1681 1125 1729 perperam.
1134 1689 1167 1700 ·-·
1177 1663 1215 1710 53.
1225 1665 1288 1708 soni-

242 1748 333 1802 tumque
343 1740 418 1798 Bigot.
432 1755 459 1783 er
471 1740 591 1799 interpret.
602 1747 697 1782 catervoe
711 1739 787 1799 Sprot.
798 1754 841 1799 pro
853 1755 900 1784 var.
913 1738 967 1784 leet.
978 1738 1042 1800 quod
1056 1739 1130 1800 prima
1141 1736 1220 1782 fronte
1231 1736 1289 1780 arri·

241 1810 297 1856 dere
310 1821 398 1872 potest,
410 1812 429 1854 si
440 1827 461 1855 v.
475 1809 518 1866 143
531 1811 677 1855 memineris:
690 1818 754 1854 utero
762 1812 858 1854 sonitum
869 1819 950 1873 quater
957 1825 1021 1854 anna
1038 1810 1124 1854 dedere.
1136 1807 1182 1854 Sed
1194 1823 1239 1858 uec
1249 1822 1289 1870 qe-

241 1885 309 1927 11111111
321 1898 364 1926 nec
376 1897 438 1926 cavos
450 1880 599 1942 respondent.
609 1905 642 1916 --
653 1881 690 1938 54.
701 1897 745 1927 uon
758 1897 819 1926 coeca
828 1881 876 1926 duo
889 1881 1032 1944 Guelpherb.
1045 1885 1070 1927 in
1086 1879 1183 1927 Collect.
1195 1883 1246 1926 Sex.
1257 1903 1289 1914 -

242 1956 278 2000 55.
292 1951 528 2016 impulerantllugeu.
542 1952 610 1999 male.
625 1962 709 2000 tentare
721 1952 818 2000 latebras
828 1955 909 1999 llamb.
921 1971 956 2016 pr.
969 1971 1012 2016 pro
1024 1971 1071 2001 var.
1081 1954 1135 1999 lect.
1146 1955 1287 2015 repetitum,

241 2038 273 2070 ut.
284 2027 362 2070 Burm.
370 2036 456 2079 monet,
468 2041 495 2070 ex
502 2042 523 2070 v.
532 2023 570 2070 38.
580 2028 665 2086 apen're
675 2025 757 2070 Hamb.
767 2025 898 2088 secfodere
907 2025 1035 2071 Goth.tert.
1047 2042 1075 2071 ex
1083 2027 1287 2085 interpretatione.

240 2116 262 2145 v.
275 2111 324 2144 not.
334 2123 366 2134 ·—
379 2099 415 2144 56.
428 2106 498 2142 staret
507 2106 531 2142 et
541 2113 653 2152 umneres,
663 2097 708 2143 hoc
720 2115 733 2142 a
745 2113 775 2142 m.
788 2115 824 2160 pr.
835 2097 921 2144 Medic.
931 2099 962 2143 ad
971 2099 1103 2144 Seruianam
1115 2113 1229 2144 norman:
1243 2119 1253 2139 a
1264 2101 1288 2145 Si

240 2179 311 2216 staret
321 2169 417 2232 legeris,
428 2185 530 2216 nmueres
540 2173 655 2233 sequitur,
664 2179 755 2232 propter
764 2163 934 2230 ὅμοιοσὲλωῗον.
944 2189 954 2210 υ
970 2171 1044 2215 Etiam
1055 2167 1095 2214 elii
1104 2167 1174 2214 codd.
1188 2171 1287 2214 variant.

240 2257 262 2285 v.
277 2242 355 2287 Heius.
366 2241 412 2287 Sed
423 2249 640 2287 stares-moneres
652 2243 781 2296 Romanus,
793 2256 873 2286 omnes
884 2242 945 2287 Pier.
958 2240 1044 2302 aliique
1056 2239 1124 2303 probi
1136 2239 1206 2305 codd.
1217 2241 1289 2284 Pom-

240 2314 325 2373 ponius
335 2311 433 2356 Sabinus
445 2311 494 2356 haec
509 2311 580 2358 habet
590 2329 595 2358 ;
605 2320 676 2358 staret
685 2325 709 2358 et
722 2320 822 2358 maneret
836 2311 893 2374 legit
905 2313 1059 2374 Apronianus.
1076 2311 1140 2354 Esset
1149 2320 1228 2355 tamen
1242 2308 1288 2354 hoe

241 2379 315 2428 altero
324 2380 450 2442 vulgarius.

241 2535 320 2584 tionis
330 2533 444 2602 poeticae
450 2532 552 2586 indoles
563 2554 594 2586 ac
602 2538 670 2588 ratio
676 2538 734 2588 fert.

235 2612 328 2682 ferum
350 2615 479 2683 exquisite
496 2613 561 2666 dixit
578 2635 628 2687 pro
651 2635 736 2687 equ0,

240 2703 270 2741 ut
286 2690 384 2744 docent
399 2692 494 2746 Lexica
514 2708 540 2746 et
556 2697 605 2747 viri
618 2697 690 2748 docti
703 2697 738 2749 ad

239 2769 386 2822 Phaedrum.
397 2774 430 2824 cf.
437 2772 463 2824 h.
472 2772 490 2823 l.
497 2773 583 2826 Cerda
591 2795 621 2828 ac
631 2779 735 2829 Petron.

232 2851 288 2920 ,89,
313 2866 351 2901 12.
376 2849 450 2904 alvus
470 2872 549 2904 curva
571 2857 738 2928 compagibus

239 2928 267 2979 11.
281 2950 303 2981 e.
318 2949 350 2982 ex
358 2949 487 3005 compage
496 2933 629 3004 lignorum
642 2953 738 2986 curvo-

240 3027 306 3060 rum.
328 3011 398 3065 stetit
419 3023 543 3077 tremens,
562 3033 613 3084 pro
630 3026 736 3066 contre·

168 3099 170 3102 '
239 3093 737 3164 muit.uteroreeusso,repercusseru-

239 3187 324 3220 vernoe
330 3208 339 3234 ,
350 3170 455 3234 doctius
463 3191 544 3241 quam
552 3191 666 3225 caverna
674 3173 701 3226 h.
713 3196 735 3226 e.

239 3267 323 3318 equus
337 3268 434 3314 cavus,
446 3251 517 3304 κοῖλον
528 3249 590 3318 diga.
601 3251 694 3325 Odyss.
706 3255 735 3314 a,

239 3327 298 3397 507.
321 3330 434 3400 gemitus
456 3349 505 3401 pro
533 3334 628 3383 sonitu.
651 3333 736 3385 resul-

239 3419 321 3458 tante.

274 3485 309 3552 54
320 3504 359 3556 sq.
372 3488 409 3538 Et
419 3518 453 3528 -
466 3488 616 3559 impulerat.
630 3492 662 3542 Et
671 3508 734 3544 sane

238 3566 385 3636 impulisset
397 3568 522 3620 Laocoon
534 3571 677 3638 Trojanos‚
696 3572 734 3622 ef-

237 3646 360 3709 fecisset,
374 3661 404 3696 ut
425 3651 486 3718 equi
507 3649 591 3700 latera
609 3649 735 3722 refringe-

781 2549 840 2590 'non
852 2529 1084 2608 fuisseqaloaytp
1094 2527 1119 2586 11
1127 2546 1177 2584 etc.
1188 2531 1285 2604 Odyss.

787 2621 819 2681 θ,
844 2619 903 2678 511.
928 2618 1042 2684 Quintus
1068 2613 1123 2666 Cal.
1148 2611 1286 2664 Palladem

786 2701 906 2750 nominat
926 2697 988 2761 ΧΠ,
1008 2696 1057 2762 387
1075 2695 1093 2764 ).
1110 2711 1183 2742 mens
1200 2691 1266 2744 laeva
1276 2729 1287 2756 ,

787 2779 899 2829 stultitia
908 2778 1093 2846 Trojanorum.
1102 2791 1125 2823 v.
1137 2773 1192 2822 Ecl.
1204 2774 1230 2836 l,
1245 2773 1285 2823 16.
1325 2780 1326 2783 ’

784 2861 864 2912 Forte
874 2870 963 2908 tamen
973 2855 1066 2906 melius
1071 2852 1203 2921 junxeris:
1214 2869 1287 2902 mens

787 2955 840 2989 non
853 2935 917 2988 loeva
935 2935 962 2987 11.
983 2953 1006 2984 e.
1024 2941 1088 2983 sana
1097 2969 1106 2994 ‚
1121 2932 1144 2981 si
1158 2931 1246 2981 fatum
1260 2941 1288 2981 et

786 3035 860 3067 mens
875 3034 941 3067 sana
951 3015 1053 3064 fuisset.
1071 3011 1093 3062 si
1100 3008 1164 3079 fata
1169 3007 1288 3078 fuissent

785 3097 832 3147 inf.
853 3115 877 3146 v.
892 3096 950 3162 433.
966 3096 999 3145 cf.
1019 3095 1068 3154 111,
1088 3092 1127 3142 16.
1148 3088 1287 3160 Argolicas
1353 3125 1354 3128 .

786 3175 912 3239 latebras,
926 3191 1009 3245 equus
1030 3189 1083 3241 quo
1102 3170 1224 3221 latebant
1235 3168 1286 3218 Ar-

785 3258 846 3327 givi.
862 3256 980 3326 foedare,
999 3253 1126 3322 exquisite
1146 3269 1196 3320 pro
1213 3251 1286 3302 lace-

785 3353 859 3399 rare,
879 3347 908 3385 ut
920 3334 978 3384 aliis
991 3336 1019 3384 in
1034 3333 1101 3383 locis
1113 3330 1147 3381 de
1160 3330 1285 3397 vulnere,

785 3428 831 3466 aut
842 3415 963 3466 mutilato
975 3433 1102 3484 corpore,
1115 3425 1145 3461 ut
1157 3409 1285 3476 αἰσχύνειν,

784 3493 923 3555 medaeas,
938 3493 985 3545 sed
995 3505 1020 3544 et
1032 3493 1118 3562 simpl.
1130 3510 1181 3562 pro
1194 3493 1286 3546 vulne·

783 3591 857 3626 rare:
875 3595 898 3625 v.
920 3576 967 3624 inf.
988 3575 1037 3639 lll,
1058 3575 1105 3640 141
1127 3586 1153 3624 et
1170 3573 1208 3624 ibi
1226 3587 1282 3625 not.

782 3654 843 3718 vu,
863 3653 928 3724 5753
947 3653 1017 3706 unde
1037 3667 1062 3705 et
1084 3671 1143 3704 cum
1164 3673 1196 3706 ea
1216 3673 1283 3706 voce

237 3737 310 3790 rent,
326 3737 393 3795 puta
410 3729 495 3777 securi
511 3730 627 3798 impacta
645 3743 694 3780 etc.
708 3743 734 3782 et
780 3734 914 3806 jungitur:
928 3735 966 3802 ll,
980 3735 1039 3786 286.
1052 3732 1079 3784 11.
1093 3733 1110 3784 l.
1125 3733 1282 3806 diffringere

237 3806 366 3857 interiora
400 3808 540 3874 aperirent.
575 3806 733 3874 Enimvero,

238 3901 295 3934 ecce
315 3902 408 3934 manus
419 3886 545 3952 juvenem
567 3898 616 3936 etc.
636 3888 659 3939 si
671 3889 734 3960 fata

239 3964 315 4014 deum
325 3962 507 4033 censuissent.
518 3964 550 4016 'h.
570 3985 592 4018 e.
614 3971 636 4020 si
652 3970 734 4024 fatale

784 3827 810 3863 et
820 3813 964 3865 dissolvere
973 3813 1101 3866 machinae
1115 3831 1280 3885 compagem.

784 3893 943 3946 adverbum
960 3895 1049 3942 omnia
1068 3911 1192 3962 expressa
1210 3893 1283 3966 apud

783 3973 887 4026 Petron.
900 3991 922 4024 c.
937 3972 970 4041 89
980 3989 1004 4023 r.
1017 3988 1050 4024 20
1063 3989 1101 4042 sq.
