<?xml version="1.0" encoding="UTF-8"?>
<!DOCTYPE html PUBLIC "-//W3C//DTD XHTML 1.0 Transitional//EN"
    "http://www.w3.org/TR/xhtml1/DTD/xhtml1-transitional.dtd">
<html xmlns="http://www.w3.org/1999/xhtml" xml:lang="en" lang="en">
 <head>
  <title>
</title>
<meta http-equiv="Content-Type" content="text/html;charset=utf-8" />
  <meta name='ocr-system' content='tesseract 3.04.00' />
  <meta name='ocr-capabilities' content='ocr_page ocr_carea ocr_par ocr_line ocrx_word'/>
</head>
<body>
  <div class='ocr_page' id='page_1' title='image "./pvirgiliusmaroq00barbgoog_0442.png"; bbox 0 0 2690 4594; ppageno 0'>
   <div class='ocr_carea' id='block_1_1' title="bbox 252 231 1047 320">
    <p class='ocr_par' dir='ltr' id='par_1_1' title="bbox 252 231 1047 320">
     <span class='ocr_line' id='line_1_1' title="bbox 252 231 1047 320; baseline -0.005 -18"><span class='ocrx_word' id='word_1_1' title='bbox 252 239 316 320; x_wconf 68' lang='lat'><strong>430</strong></span> <span class='ocrx_word' id='word_1_2' title='bbox 501 233 537 297; x_wconf 87' lang='lat' dir='ltr'><strong>P.</strong></span> <span class='ocrx_word' id='word_1_3' title='bbox 559 231 790 296; x_wconf 75' lang='lat' dir='ltr'><strong>VIRGlLll</strong></span> <span class='ocrx_word' id='word_1_4' title='bbox 813 233 1047 298; x_wconf 85' lang='lat' dir='ltr'><strong>MARONIS</strong></span> 
     </span>
    </p>
   </div>
   <div class='ocr_carea' id='block_1_2' title="bbox 248 354 1293 1180">
    <p class='ocr_par' dir='ltr' id='par_1_2' title="bbox 248 354 1124 864">
     <span class='ocr_line' id='line_1_2' title="bbox 252 354 1095 447; baseline -0.006 -21"><span class='ocrx_word' id='word_1_5' title='bbox 252 358 350 426; x_wconf 85' lang='lat' dir='ltr'><strong>Hand</strong></span> <span class='ocrx_word' id='word_1_6' title='bbox 362 360 497 447; x_wconf 87' lang='lat' dir='ltr'><strong>impune</strong></span> <span class='ocrx_word' id='word_1_7' title='bbox 509 355 655 446; x_wconf 91' lang='lat' dir='ltr'><strong>quidem.</strong></span> <span class='ocrx_word' id='word_1_8' title='bbox 669 357 737 421; x_wconf 88' lang='lat' dir='ltr'><strong>Nec</strong></span> <span class='ocrx_word' id='word_1_9' title='bbox 749 354 825 420; x_wconf 88' lang='lat' dir='ltr'><strong>talia</strong></span> <span class='ocrx_word' id='word_1_10' title='bbox 837 377 951 443; x_wconf 85' lang='lat' dir='ltr'><strong>passus</strong></span> <span class='ocrx_word' id='word_1_11' title='bbox 964 356 1095 438; x_wconf 70' lang='lat' dir='ltr'><strong>Ulixen,</strong></span> 
     </span>
     <span class='ocr_line' id='line_1_3' title="bbox 248 461 1008 534; baseline -0.007 -2"><span class='ocrx_word' id='word_1_12' title='bbox 248 467 420 534; x_wconf 88' lang='lat' dir='ltr'><strong>Oblitusve</strong></span> <span class='ocrx_word' id='word_1_13' title='bbox 435 463 485 528; x_wconf 90' lang='lat' dir='ltr'><strong>sui</strong></span> <span class='ocrx_word' id='word_1_14' title='bbox 498 480 547 527; x_wconf 88' lang='lat' dir='ltr'><strong>est</strong></span> <span class='ocrx_word' id='word_1_15' title='bbox 558 461 689 526; x_wconf 84' lang='lat' dir='ltr'><strong>Ithacus</strong></span> <span class='ocrx_word' id='word_1_16' title='bbox 702 461 893 526; x_wconf 85' lang='lat' dir='ltr'><strong>discrimine</strong></span> <span class='ocrx_word' id='word_1_17' title='bbox 906 479 1008 528; x_wconf 83' lang='lat' dir='ltr'><strong>tanto.</strong></span> 
     </span>
     <span class='ocr_line' id='line_1_4' title="bbox 251 567 1124 659; baseline -0.006 -20"><span class='ocrx_word' id='word_1_18' title='bbox 251 576 334 638; x_wconf 86' lang='lat' dir='ltr'><strong>Nam</strong></span> <span class='ocrx_word' id='word_1_19' title='bbox 346 569 457 648; x_wconf 87' lang='lat' dir='ltr'><strong>simul,</strong></span> <span class='ocrx_word' id='word_1_20' title='bbox 471 568 618 656; x_wconf 82' lang='lat' dir='ltr'><strong>expletus</strong></span> <span class='ocrx_word' id='word_1_21' title='bbox 632 567 786 657; x_wconf 82' lang='lat' dir='ltr'><strong>dapibus,</strong></span> <span class='ocrx_word' id='word_1_22' title='bbox 799 569 944 659; x_wconf 88' lang='lat' dir='ltr'><strong>vinoque</strong></span> <span class='ocrx_word' id='word_1_23' title='bbox 956 568 1124 658; x_wconf 76' lang='lat' dir='ltr'><strong>sepultae,</strong></span> 
     </span>
     <span class='ocr_line' id='line_1_5' title="bbox 249 675 1120 765; baseline -0.006 -20"><span class='ocrx_word' id='word_1_24' title='bbox 249 679 418 746; x_wconf 87' lang='lat' dir='ltr'><strong>Cervicem</strong></span> <span class='ocrx_word' id='word_1_25' title='bbox 431 675 581 741; x_wconf 77' lang='lat' dir='ltr'><strong>inflexam</strong></span> <span class='ocrx_word' id='word_1_26' title='bbox 594 675 718 763; x_wconf 87' lang='lat' dir='ltr'><strong>posuit,</strong></span> <span class='ocrx_word' id='word_1_27' title='bbox 727 675 898 765; x_wconf 87' lang='lat' dir='ltr'><strong>jacuitque</strong></span> <span class='ocrx_word' id='word_1_28' title='bbox 910 698 971 764; x_wconf 89' lang='lat' dir='ltr'><strong>per</strong></span> <span class='ocrx_word' id='word_1_29' title='bbox 982 692 1120 740; x_wconf 84' lang='lat' dir='ltr'>antrum</span> 
     </span>
     <span class='ocr_line' id='line_1_6' title="bbox 249 783 1065 864; baseline -0.005 -10"><span class='ocrx_word' id='word_1_30' title='bbox 249 791 448 864; x_wconf 84' lang='lat' dir='ltr'><strong>Immensus,</strong></span> <span class='ocrx_word' id='word_1_31' title='bbox 461 784 586 848; x_wconf 85' lang='lat' dir='ltr'><strong>saniem</strong></span> <span class='ocrx_word' id='word_1_32' title='bbox 598 801 748 850; x_wconf 83' lang='lat' dir='ltr'><strong>eructans</strong></span> <span class='ocrx_word' id='word_1_33' title='bbox 759 807 797 850; x_wconf 86' lang='lat' dir='ltr'><strong>ac</strong></span> <span class='ocrx_word' id='word_1_34' title='bbox 809 783 913 849; x_wconf 79' lang='lat' dir='ltr'><strong>furata</strong></span> <span class='ocrx_word' id='word_1_35' title='bbox 924 802 1065 850; x_wconf 88' lang='lat' dir='ltr'><strong>cruento</strong></span> 
     </span>
    </p>

    <p class='ocr_par' dir='ltr' id='par_1_3' title="bbox 206 891 1293 1180">
     <span class='ocr_line' id='line_1_7' title="bbox 248 891 1145 981; baseline -0.003 -22.134"><span class='ocrx_word' id='word_1_36' title='bbox 248 897 311 959; x_wconf 88' lang='lat' dir='ltr'><strong>Per</strong></span> <span class='ocrx_word' id='word_1_37' title='bbox 322 913 476 956; x_wconf 83' lang='lat' dir='ltr'><strong>somnum</strong></span> <span class='ocrx_word' id='word_1_38' title='bbox 487 891 661 954; x_wconf 87' lang='lat' dir='ltr'><strong>commixta</strong></span> <span class='ocrx_word' id='word_1_39' title='bbox 673 911 782 955; x_wconf 87' lang='lat' dir='ltr'><strong>mero:</strong></span> <span class='ocrx_word' id='word_1_40' title='bbox 796 913 872 970; x_wconf 85' lang='lat' dir='ltr'><strong>nos,</strong></span> <span class='ocrx_word' id='word_1_41' title='bbox 884 913 1002 979; x_wconf 79' lang='lat' dir='ltr'><strong>magna</strong></span> <span class='ocrx_word' id='word_1_42' title='bbox 1012 893 1145 981; x_wconf 88' lang='lat' dir='ltr'><strong>precati</strong></span> 
     </span>
     <span class='ocr_line' id='line_1_8' title="bbox 249 995 1088 1085; baseline -0.005 -21"><span class='ocrx_word' id='word_1_43' title='bbox 249 999 406 1076; x_wconf 85' lang='lat' dir='ltr'><strong>Numina,</strong></span> <span class='ocrx_word' id='word_1_44' title='bbox 420 996 591 1084; x_wconf 86' lang='lat' dir='ltr'><strong>sortitique</strong></span> <span class='ocrx_word' id='word_1_45' title='bbox 604 995 706 1074; x_wconf 79' lang='lat' dir='ltr'><strong>viceS,</strong></span> <span class='ocrx_word' id='word_1_46' title='bbox 720 1017 786 1060; x_wconf 86' lang='lat' dir='ltr'><strong>una</strong></span> <span class='ocrx_word' id='word_1_47' title='bbox 798 995 946 1085; x_wconf 89' lang='lat' dir='ltr'><strong>undique</strong></span> <span class='ocrx_word' id='word_1_48' title='bbox 959 997 1088 1061; x_wconf 87' lang='lat' dir='ltr'><strong>circum</strong></span> 
     </span>
     <span class='ocr_line' id='line_1_9' title="bbox 249 1100 1293 1180; baseline -0.01 -8"><span class='ocrx_word' id='word_1_49' title='bbox 249 1103 448 1180; x_wconf 87' lang='lat' dir='ltr'><strong>Fundimur,</strong></span> <span class='ocrx_word' id='word_1_50' title='bbox 462 1116 495 1165; x_wconf 89' lang='lat' dir='ltr'><strong>et</strong></span> <span class='ocrx_word' id='word_1_51' title='bbox 509 1100 574 1165; x_wconf 90' lang='lat' dir='ltr'><strong>telo</strong></span> <span class='ocrx_word' id='word_1_52' title='bbox 586 1100 700 1164; x_wconf 90' lang='lat' dir='ltr'><strong>lumen</strong></span> <span class='ocrx_word' id='word_1_53' title='bbox 711 1101 915 1168; x_wconf 88' lang='lat' dir='ltr'><strong>terebramus</strong></span> <span class='ocrx_word' id='word_1_54' title='bbox 927 1119 1025 1166; x_wconf 90' lang='lat' dir='ltr'><strong>acuto</strong></span> <span class='ocrx_word' id='word_1_55' title='bbox 1256 1116 1293 1162; x_wconf 80' lang='lat'><strong>635</strong></span> 
     </span>
    </p>
   </div>
   <div class='ocr_carea' id='block_1_3' title="bbox 174 1305 1326 2921">
    <p class='ocr_par' dir='ltr' id='par_1_4' title="bbox 246 1305 1294 1583">
     <span class='ocr_line' id='line_1_10' title="bbox 248 1305 1293 1372; baseline -0.007 -13"><span class='ocrx_word' id='word_1_56' title='bbox 248 1313 394 1372; x_wconf 81' lang='lat' dir='ltr'><strong>aliorumque</strong></span> <span class='ocrx_word' id='word_1_57' title='bbox 405 1307 557 1352; x_wconf 73' lang='lat' dir='ltr'><strong>vetustiorum</strong></span> <span class='ocrx_word' id='word_1_58' title='bbox 570 1307 707 1352; x_wconf 88' lang='lat' dir='ltr'><strong>anctoritate</strong></span> <span class='ocrx_word' id='word_1_59' title='bbox 721 1319 841 1369; x_wconf 78' lang='lat' dir='ltr'>receperat</span> <span class='ocrx_word' id='word_1_60' title='bbox 852 1307 972 1363; x_wconf 81' lang='lat' dir='ltr'><strong>Heinsius,</strong></span> <span class='ocrx_word' id='word_1_61' title='bbox 984 1321 1033 1352; x_wconf 89' lang='lat' dir='ltr'><strong>non</strong></span> <span class='ocrx_word' id='word_1_62' title='bbox 1047 1305 1160 1354; x_wconf 76' lang='lat' dir='ltr'><strong>offensus</strong></span> <span class='ocrx_word' id='word_1_63' title='bbox 1175 1306 1257 1354; x_wconf 86' lang='lat' dir='ltr'><strong>eadem</strong></span> <span class='ocrx_word' id='word_1_64' title='bbox 1266 1308 1293 1352; x_wconf 86' lang='lat' dir='ltr'><strong>rei</strong></span> 
     </span>
     <span class='ocr_line' id='line_1_11' title="bbox 247 1376 1292 1438; baseline -0.011 -9"><span class='ocrx_word' id='word_1_65' title='bbox 247 1379 374 1430; x_wconf 79' lang='lat' dir='ltr'><strong>maturabis</strong></span> <span class='ocrx_word' id='word_1_66' title='bbox 384 1390 503 1438; x_wconf 79' lang='lat' dir='ltr'><strong>expressa:</strong></span> <span class='ocrx_word' id='word_1_67' title='bbox 515 1376 596 1438; x_wconf 70' lang='lat' dir='ltr'><strong>trepidi</strong></span> <span class='ocrx_word' id='word_1_68' title='bbox 604 1376 629 1421; x_wconf 90' lang='lat' dir='ltr'><strong>h.</strong></span> <span class='ocrx_word' id='word_1_69' title='bbox 644 1393 665 1422; x_wconf 87' lang='lat' dir='ltr'><strong>e.</strong></span> <span class='ocrx_word' id='word_1_70' title='bbox 678 1377 784 1433; x_wconf 83' lang='lat' dir='ltr'><strong>tremuli,</strong></span> <span class='ocrx_word' id='word_1_71' title='bbox 797 1386 923 1423; x_wconf 74' lang='lat' dir='ltr'><strong>demerent.</strong></span> <span class='ocrx_word' id='word_1_72' title='bbox 938 1377 1019 1423; x_wconf 78' lang='lat' dir='ltr'><strong>Tacite</strong></span> <span class='ocrx_word' id='word_1_73' title='bbox 1031 1393 1087 1422; x_wconf 89' lang='lat' dir='ltr'><strong>eum</strong></span> <span class='ocrx_word' id='word_1_74' title='bbox 1100 1377 1214 1424; x_wconf 83' lang='lat' dir='ltr'><strong>deseruit</strong></span> <span class='ocrx_word' id='word_1_75' title='bbox 1225 1379 1292 1422; x_wconf 78' lang='lat' dir='ltr'><strong>Burni.</strong></span> 
     </span>
     <span class='ocr_line' id='line_1_12' title="bbox 247 1445 1294 1514; baseline -0.008 -16"><span class='ocrx_word' id='word_1_76' title='bbox 247 1453 344 1514; x_wconf 79' lang='lat' dir='ltr'><strong>antiquo</strong></span> <span class='ocrx_word' id='word_1_77' title='bbox 356 1457 463 1494; x_wconf 84' lang='lat' dir='ltr'><strong>revocato</strong></span> <span class='ocrx_word' id='word_1_78' title='bbox 474 1446 551 1508; x_wconf 75' lang='lat' dir='ltr'><strong>tepidi,</strong></span> <span class='ocrx_word' id='word_1_79' title='bbox 561 1445 651 1493; x_wconf 82' lang='lat' dir='ltr'><strong>scilicet</strong></span> <span class='ocrx_word' id='word_1_80' title='bbox 659 1447 724 1493; x_wconf 84' lang='lat' dir='ltr'><strong>vitali</strong></span> <span class='ocrx_word' id='word_1_81' title='bbox 733 1446 818 1495; x_wconf 81' lang='lat' dir='ltr'><strong>calore.</strong></span> <span class='ocrx_word' id='word_1_82' title='bbox 829 1447 910 1494; x_wconf 84' lang='lat' dir='ltr'><strong>Paullo</strong></span> <span class='ocrx_word' id='word_1_83' title='bbox 919 1448 1003 1493; x_wconf 83' lang='lat' dir='ltr'><strong>melius</strong></span> <span class='ocrx_word' id='word_1_84' title='bbox 1012 1446 1114 1493; x_wconf 82' lang='lat' dir='ltr'><strong>Ovidius</strong></span> <span class='ocrx_word' id='word_1_85' title='bbox 1122 1447 1180 1491; x_wconf 81' lang='lat' dir='ltr'><strong>xlv</strong></span> <span class='ocrx_word' id='word_1_86' title='bbox 1190 1449 1246 1493; x_wconf 86' lang='lat' dir='ltr'><strong>Met.</strong></span> <span class='ocrx_word' id='word_1_87' title='bbox 1259 1447 1294 1506; x_wconf 76' lang='lat'><strong>196</strong></span> 
     </span>
     <span class='ocr_line' id='line_1_13' title="bbox 246 1516 1293 1583; baseline -0.009 -13"><span class='ocrx_word' id='word_1_88' title='bbox 246 1523 296 1571; x_wconf 70' lang='lat' dir='ltr'><strong>elui</strong></span> <span class='ocrx_word' id='word_1_89' title='bbox 305 1520 413 1583; x_wconf 77' lang='lat' dir='ltr'><strong>trepident</strong></span> <span class='ocrx_word' id='word_1_90' title='bbox 421 1517 462 1563; x_wconf 82' lang='lat' dir='ltr'><strong>sub</strong></span> <span class='ocrx_word' id='word_1_91' title='bbox 472 1516 574 1564; x_wconf 76' lang='lat' dir='ltr'><strong>dentibus</strong></span> <span class='ocrx_word' id='word_1_92' title='bbox 585 1525 655 1564; x_wconf 79' lang='lat' dir='ltr'><strong>arttas.</strong></span> <span class='ocrx_word' id='word_1_93' title='bbox 664 1517 754 1580; x_wconf 82' lang='lat'>-629.</span> <span class='ocrx_word' id='word_1_94' title='bbox 764 1528 799 1564; x_wconf 89' lang='lat' dir='ltr'><strong>est</strong></span> <span class='ocrx_word' id='word_1_95' title='bbox 807 1519 872 1566; x_wconf 80' lang='lat' dir='ltr'><strong>deest</strong></span> <span class='ocrx_word' id='word_1_96' title='bbox 882 1518 944 1564; x_wconf 80' lang='lat' dir='ltr'><strong>binis</strong></span> <span class='ocrx_word' id='word_1_97' title='bbox 953 1535 989 1580; x_wconf 89' lang='lat' dir='ltr'><strong>ap.</strong></span> <span class='ocrx_word' id='word_1_98' title='bbox 1000 1519 1079 1564; x_wconf 77' lang='lat' dir='ltr'><strong>Burni.</strong></span> <span class='ocrx_word' id='word_1_99' title='bbox 1090 1543 1125 1554; x_wconf 88' lang='lat'>-</span> <span class='ocrx_word' id='word_1_100' title='bbox 1132 1518 1192 1565; x_wconf 85' lang='lat'>630.</span> <span class='ocrx_word' id='word_1_101' title='bbox 1200 1531 1293 1581; x_wconf 80' lang='lat' dir='ltr'><strong>nteroqnt</strong></span> 
     </span>
    </p>

    <p class='ocr_par' dir='ltr' id='par_1_5' title="bbox 198 1588 1326 2905">
     <span class='ocr_line' id='line_1_14' title="bbox 198 1588 1292 1656; baseline -0.009 -11"><span class='ocrx_word' id='word_1_102' title='bbox 198 1637 203 1646; x_wconf 92' lang='lat'><em>.</em></span> <span class='ocrx_word' id='word_1_103' title='bbox 245 1593 331 1650; x_wconf 82' lang='lat' dir='ltr'><strong>Wall,</strong></span> <span class='ocrx_word' id='word_1_104' title='bbox 350 1606 480 1656; x_wconf 79' lang='lat' dir='ltr'><strong>perperam.</strong></span> <span class='ocrx_word' id='word_1_105' title='bbox 489 1615 521 1626; x_wconf 92' lang='lat'>-</span> <span class='ocrx_word' id='word_1_106' title='bbox 532 1588 585 1636; x_wconf 76' lang='lat'><strong>631.</strong></span> <span class='ocrx_word' id='word_1_107' title='bbox 603 1593 711 1636; x_wconf 85' lang='lat' dir='ltr'><strong>cervicem</strong></span> <span class='ocrx_word' id='word_1_108' title='bbox 725 1591 830 1652; x_wconf 81' lang='lat' dir='ltr'><strong>inflexam</strong></span> <span class='ocrx_word' id='word_1_109' title='bbox 845 1606 888 1654; x_wconf 91' lang='lat' dir='ltr'><strong>pro</strong></span> <span class='ocrx_word' id='word_1_110' title='bbox 904 1589 976 1646; x_wconf 81' lang='lat' dir='ltr'><strong>flexa,</strong></span> <span class='ocrx_word' id='word_1_111' title='bbox 992 1603 1016 1636; x_wconf 87' lang='lat' dir='ltr'><strong>et</strong></span> <span class='ocrx_word' id='word_1_112' title='bbox 1032 1590 1080 1637; x_wconf 82' lang='lat' dir='ltr'><strong>lroc</strong></span> <span class='ocrx_word' id='word_1_113' title='bbox 1097 1606 1146 1653; x_wconf 92' lang='lat' dir='ltr'><strong>pro</strong></span> <span class='ocrx_word' id='word_1_114' title='bbox 1162 1591 1255 1637; x_wconf 83' lang='lat' dir='ltr'><strong>reflexa.</strong></span> <span class='ocrx_word' id='word_1_115' title='bbox 1267 1615 1292 1624; x_wconf 93' lang='lat'>-</span> 
     </span>
     <span class='ocr_line' id='line_1_15' title="bbox 245 1661 1292 1729; baseline -0.004 -21"><span class='ocrx_word' id='word_1_116' title='bbox 245 1668 299 1716; x_wconf 82' lang='lat'>632.</span> <span class='ocrx_word' id='word_1_117' title='bbox 316 1681 357 1729; x_wconf 82' lang='lat' dir='ltr'><strong>per</strong></span> <span class='ocrx_word' id='word_1_118' title='bbox 372 1671 463 1708; x_wconf 82' lang='lat' dir='ltr'><strong>antrum</strong></span> <span class='ocrx_word' id='word_1_119' title='bbox 478 1661 631 1716; x_wconf 87' lang='lat' dir='ltr'><strong>lmmensum,·</strong></span> <span class='ocrx_word' id='word_1_120' title='bbox 644 1664 677 1709; x_wconf 90' lang='lat' dir='ltr'><strong>sic</strong></span> <span class='ocrx_word' id='word_1_121' title='bbox 691 1665 796 1717; x_wconf 80' lang='lat' dir='ltr'><strong>Servius,</strong></span> <span class='ocrx_word' id='word_1_122' title='bbox 808 1662 870 1707; x_wconf 74' lang='lat' dir='ltr'><strong>oud.</strong></span> <span class='ocrx_word' id='word_1_123' title='bbox 883 1679 896 1707; x_wconf 86' lang='lat' dir='ltr'><strong>a</strong></span> <span class='ocrx_word' id='word_1_124' title='bbox 907 1678 938 1707; x_wconf 92' lang='lat' dir='ltr'><strong>m.</strong></span> <span class='ocrx_word' id='word_1_125' title='bbox 951 1679 987 1725; x_wconf 86' lang='lat' dir='ltr'><strong>pr.</strong></span> <span class='ocrx_word' id='word_1_126' title='bbox 1003 1662 1063 1709; x_wconf 89' lang='lat' dir='ltr'><strong>alter</strong></span> <span class='ocrx_word' id='word_1_127' title='bbox 1072 1661 1179 1708; x_wconf 84' lang='lat' dir='ltr'><strong>Mentel.</strong></span> <span class='ocrx_word' id='word_1_128' title='bbox 1192 1679 1206 1707; x_wconf 87' lang='lat' dir='ltr'><strong>a</strong></span> <span class='ocrx_word' id='word_1_129' title='bbox 1219 1678 1248 1706; x_wconf 84' lang='lat' dir='ltr'><strong>m.</strong></span> <span class='ocrx_word' id='word_1_130' title='bbox 1262 1677 1292 1724; x_wconf 85' lang='lat' dir='ltr'><strong>pr.</strong></span> 
     </span>
     <span class='ocr_line' id='line_1_16' title="bbox 243 1731 1291 1800; baseline -0.008 -16"><span class='ocrx_word' id='word_1_131' title='bbox 243 1737 311 1784; x_wconf 77' lang='lat' dir='ltr'><strong>Vosa-</strong></span> <span class='ocrx_word' id='word_1_132' title='bbox 324 1752 359 1800; x_wconf 91' lang='lat' dir='ltr'><strong>pr.</strong></span> <span class='ocrx_word' id='word_1_133' title='bbox 375 1734 423 1780; x_wconf 85' lang='lat' dir='ltr'><strong>duo</strong></span> <span class='ocrx_word' id='word_1_134' title='bbox 433 1731 558 1794; x_wconf 70' lang='lat' dir='ltr'><strong>[lemburg.</strong></span> <span class='ocrx_word' id='word_1_135' title='bbox 570 1732 666 1779; x_wconf 87' lang='lat' dir='ltr'><strong>totidem</strong></span> <span class='ocrx_word' id='word_1_136' title='bbox 678 1733 763 1778; x_wconf 88' lang='lat' dir='ltr'><strong>Moret.</strong></span> <span class='ocrx_word' id='word_1_137' title='bbox 776 1745 800 1778; x_wconf 89' lang='lat' dir='ltr'><strong>et</strong></span> <span class='ocrx_word' id='word_1_138' title='bbox 809 1731 869 1777; x_wconf 89' lang='lat' dir='ltr'><strong>Ven.</strong></span> <span class='ocrx_word' id='word_1_139' title='bbox 880 1747 918 1795; x_wconf 89' lang='lat' dir='ltr'><strong>ap.</strong></span> <span class='ocrx_word' id='word_1_140' title='bbox 933 1733 1071 1788; x_wconf 82' lang='lat' dir='ltr'><strong>Heinsium,</strong></span> <span class='ocrx_word' id='word_1_141' title='bbox 1089 1734 1134 1794; x_wconf 92' lang='lat' dir='ltr'><strong>qui</strong></span> <span class='ocrx_word' id='word_1_142' title='bbox 1144 1731 1291 1793; x_wconf 66' lang='lat' dir='ltr'><strong>praefmebau</strong></span> 
     </span>
     <span class='ocr_line' id='line_1_17' title="bbox 245 1801 1291 1864; baseline -0.006 -12"><span class='ocrx_word' id='word_1_143' title='bbox 245 1806 305 1856; x_wconf 79' lang='lat' dir='ltr'><strong>adde</strong></span> <span class='ocrx_word' id='word_1_144' title='bbox 315 1804 363 1850; x_wconf 88' lang='lat' dir='ltr'><strong>duo</strong></span> <span class='ocrx_word' id='word_1_145' title='bbox 372 1801 442 1850; x_wconf 83' lang='lat' dir='ltr'><strong>Goth.</strong></span> <span class='ocrx_word' id='word_1_146' title='bbox 457 1803 574 1864; x_wconf 78' lang='lat' dir='ltr'><strong>jacuitque</strong></span> <span class='ocrx_word' id='word_1_147' title='bbox 587 1817 630 1862; x_wconf 85' lang='lat' dir='ltr'><strong>per</strong></span> <span class='ocrx_word' id='word_1_148' title='bbox 639 1817 660 1846; x_wconf 88' lang='grc' dir='ltr'><strong>α.</strong></span> <span class='ocrx_word' id='word_1_149' title='bbox 675 1804 802 1848; x_wconf 87' lang='lat' dir='ltr'><strong>Immensus</strong></span> <span class='ocrx_word' id='word_1_150' title='bbox 818 1801 904 1848; x_wconf 81' lang='lat' dir='ltr'><strong>Medic.</strong></span> <span class='ocrx_word' id='word_1_151' title='bbox 921 1817 974 1847; x_wconf 91' lang='lat' dir='ltr'><strong>cum</strong></span> <span class='ocrx_word' id='word_1_152' title='bbox 986 1803 1071 1848; x_wconf 86' lang='lat' dir='ltr'><strong>ceteris</strong></span> <span class='ocrx_word' id='word_1_153' title='bbox 1082 1803 1159 1846; x_wconf 88' lang='lat' dir='ltr'><strong>etiam</strong></span> <span class='ocrx_word' id='word_1_154' title='bbox 1172 1802 1291 1856; x_wconf 73' lang='lat' dir='ltr'><strong>Pieriamn</strong></span> 
     </span>
     <span class='ocr_line' id='line_1_18' title="bbox 243 1871 1292 1939; baseline -0.008 -16"><span class='ocrx_word' id='word_1_155' title='bbox 243 1877 316 1939; x_wconf 88' lang='lat' dir='ltr'><strong>idque</strong></span> <span class='ocrx_word' id='word_1_156' title='bbox 328 1876 474 1918; x_wconf 83' lang='lat' dir='ltr'><strong>Burmannus</strong></span> <span class='ocrx_word' id='word_1_157' title='bbox 488 1874 567 1934; x_wconf 84' lang='lat' dir='ltr'><strong>potius</strong></span> <span class='ocrx_word' id='word_1_158' title='bbox 577 1872 657 1927; x_wconf 81' lang='lat' dir='ltr'><strong>duxit;</strong></span> <span class='ocrx_word' id='word_1_159' title='bbox 669 1886 731 1918; x_wconf 88' lang='lat' dir='ltr'><strong>recte</strong></span> <span class='ocrx_word' id='word_1_160' title='bbox 742 1873 838 1936; x_wconf 87' lang='lat' dir='ltr'><strong>quidem</strong></span> <span class='ocrx_word' id='word_1_161' title='bbox 848 1889 901 1919; x_wconf 92' lang='lat' dir='ltr'><strong>meo</strong></span> <span class='ocrx_word' id='word_1_162' title='bbox 915 1872 1076 1936; x_wconf 82' lang='lat' dir='ltr'><strong>qualicunque</strong></span> <span class='ocrx_word' id='word_1_163' title='bbox 1084 1871 1200 1934; x_wconf 81' lang='lat' dir='ltr'><strong>judicio;</strong></span> <span class='ocrx_word' id='word_1_164' title='bbox 1211 1883 1292 1916; x_wconf 88' lang='lat' dir='ltr'><strong>namet</strong></span> 
     </span>
     <span class='ocr_line' id='line_1_19' title="bbox 243 1935 1291 2011; baseline -0.006 -19"><span class='ocrx_word' id='word_1_165' title='bbox 243 1947 336 2011; x_wconf 85' lang='lat' dir='ltr'><strong>poetica</strong></span> <span class='ocrx_word' id='word_1_166' title='bbox 345 1943 452 1988; x_wconf 85' lang='lat' dir='ltr'><strong>oratione</strong></span> <span class='ocrx_word' id='word_1_167' title='bbox 462 1939 554 2003; x_wconf 75' lang='lat' dir='ltr'><strong>dignius</strong></span> <span class='ocrx_word' id='word_1_168' title='bbox 564 1952 587 1986; x_wconf 92' lang='lat' dir='ltr'><strong>et</strong></span> <span class='ocrx_word' id='word_1_169' title='bbox 599 1935 713 2004; x_wconf 57' lang='lat' dir='ltr'><strong>trenna</strong></span> <span class='ocrx_word' id='word_1_170' title='bbox 726 1945 837 2005; x_wconf 84' lang='lat' dir='ltr'><strong>majorem</strong></span> <span class='ocrx_word' id='word_1_171' title='bbox 847 1943 929 1999; x_wconf 83' lang='lat' dir='ltr'><strong>habet,</strong></span> <span class='ocrx_word' id='word_1_172' title='bbox 939 1958 1009 2005; x_wconf 89' lang='lat' dir='ltr'><strong>quam</strong></span> <span class='ocrx_word' id='word_1_173' title='bbox 1019 1941 1131 1988; x_wconf 87' lang='lat' dir='ltr'><strong>alterum.</strong></span> <span class='ocrx_word' id='word_1_174' title='bbox 1149 1943 1222 1996; x_wconf 84' lang='lat' dir='ltr'><strong>Nam,</strong></span> <span class='ocrx_word' id='word_1_175' title='bbox 1234 1940 1291 2004; x_wconf 88' lang='lat' dir='ltr'><strong>qaod</strong></span> 
     </span>
     <span class='ocr_line' id='line_1_20' title="bbox 243 2011 1290 2076; baseline -0.007 -12"><span class='ocrx_word' id='word_1_176' title='bbox 243 2018 335 2064; x_wconf 85' lang='lat' dir='ltr'><strong>Servius</strong></span> <span class='ocrx_word' id='word_1_177' title='bbox 345 2016 390 2059; x_wconf 85' lang='lat' dir='ltr'><strong>ait:</strong></span> <span class='ocrx_word' id='word_1_178' title='bbox 401 2013 537 2058; x_wconf 75' lang='lat' dir='ltr'><strong>Immensum</strong></span> <span class='ocrx_word' id='word_1_179' title='bbox 546 2012 576 2058; x_wconf 92' lang='lat' dir='ltr'><strong>ad</strong></span> <span class='ocrx_word' id='word_1_180' title='bbox 584 2011 722 2076; x_wconf 80' lang='lat' dir='ltr'><strong>Polyphemi</strong></span> <span class='ocrx_word' id='word_1_181' title='bbox 731 2012 914 2076; x_wconf 78' lang='lat' dir='ltr'><strong>magnitudinem</strong></span> <span class='ocrx_word' id='word_1_182' title='bbox 923 2015 1038 2076; x_wconf 89' lang='lat' dir='ltr'><strong>pertinet,</strong></span> <span class='ocrx_word' id='word_1_183' title='bbox 1050 2015 1121 2075; x_wconf 85' lang='lat' dir='ltr'><strong>quasi</strong></span> <span class='ocrx_word' id='word_1_184' title='bbox 1131 2015 1157 2058; x_wconf 91' lang='lat' dir='ltr'><strong>in</strong></span> <span class='ocrx_word' id='word_1_185' title='bbox 1171 2025 1222 2058; x_wconf 91' lang='lat' dir='ltr'><strong>toto</strong></span> <span class='ocrx_word' id='word_1_186' title='bbox 1230 2025 1290 2058; x_wconf 87' lang='lat' dir='ltr'><strong>antra</strong></span> 
     </span>
     <span class='ocr_line' id='line_1_21' title="bbox 240 2077 1326 2156; baseline -0.007 -20"><span class='ocrx_word' id='word_1_187' title='bbox 240 2089 355 2156; x_wconf 60' lang='lat' dir='ltr'><strong>jacuerim</strong></span> <span class='ocrx_word' id='word_1_188' title='bbox 372 2084 398 2130; x_wconf 88' lang='lat' dir='ltr'><strong>id</strong></span> <span class='ocrx_word' id='word_1_189' title='bbox 415 2087 493 2148; x_wconf 87' lang='lat' dir='ltr'><strong>patius</strong></span> <span class='ocrx_word' id='word_1_190' title='bbox 511 2084 541 2129; x_wconf 85' lang='lat' dir='ltr'><strong>ad</strong></span> <span class='ocrx_word' id='word_1_191' title='bbox 555 2077 582 2130; x_wconf 71' lang='lat' dir='ltr'><strong>‘ri</strong></span> <span class='ocrx_word' id='word_1_192' title='bbox 598 2098 640 2146; x_wconf 81' lang='lat' dir='ltr'><strong>per</strong></span> <span class='ocrx_word' id='word_1_193' title='bbox 654 2093 746 2129; x_wconf 74' lang='lat' dir='ltr'><strong>annum</strong></span> <span class='ocrx_word' id='word_1_194' title='bbox 759 2083 833 2140; x_wconf 85' lang='lat' dir='ltr'><strong>valet,</strong></span> <span class='ocrx_word' id='word_1_195' title='bbox 845 2084 910 2146; x_wconf 90' lang='lat' dir='ltr'><strong>quod</strong></span> <span class='ocrx_word' id='word_1_196' title='bbox 921 2086 998 2146; x_wconf 87' lang='lat' dir='ltr'><strong>majus</strong></span> <span class='ocrx_word' id='word_1_197' title='bbox 1009 2086 1044 2130; x_wconf 87' lang='lat' dir='ltr'><strong>rei</strong></span> <span class='ocrx_word' id='word_1_198' title='bbox 1056 2082 1201 2146; x_wconf 71' lang='lat' dir='ltr'><strong>phantasma</strong></span> <span class='ocrx_word' id='word_1_199' title='bbox 1213 2084 1290 2138; x_wconf 77' lang='lat' dir='ltr'><strong>offert.</strong></span> <span class='ocrx_word' id='word_1_200' title='bbox 1325 2097 1326 2100; x_wconf 70' lang='grc'>’</span> 
     </span>
     <span class='ocr_line' id='line_1_22' title="bbox 242 2153 1290 2223; baseline -0.006 -19"><span class='ocrx_word' id='word_1_201' title='bbox 242 2174 312 2223; x_wconf 89' lang='lat' dir='ltr'><strong>quam</strong></span> <span class='ocrx_word' id='word_1_202' title='bbox 322 2159 346 2201; x_wconf 88' lang='lat' dir='ltr'><strong>in</strong></span> <span class='ocrx_word' id='word_1_203' title='bbox 354 2163 426 2201; x_wconf 82' lang='lat' dir='ltr'><strong>antro.</strong></span> <span class='ocrx_word' id='word_1_204' title='bbox 435 2155 487 2199; x_wconf 86' lang='lat' dir='ltr'><strong>Jam</strong></span> <span class='ocrx_word' id='word_1_205' title='bbox 494 2156 537 2200; x_wconf 86' lang='lat' dir='ltr'><strong>etti</strong></span> <span class='ocrx_word' id='word_1_206' title='bbox 546 2153 642 2216; x_wconf 82' lang='lat' dir='ltr'><strong>adjicias</strong></span> <span class='ocrx_word' id='word_1_207' title='bbox 650 2169 656 2199; x_wconf 90' lang='lat'><strong>:</strong></span> <span class='ocrx_word' id='word_1_208' title='bbox 663 2157 737 2217; x_wconf 82' lang='lat' dir='ltr'><strong>jacuit</strong></span> <span class='ocrx_word' id='word_1_209' title='bbox 744 2170 786 2218; x_wconf 85' lang='lat' dir='ltr'><strong>per</strong></span> <span class='ocrx_word' id='word_1_210' title='bbox 793 2164 885 2200; x_wconf 83' lang='lat' dir='ltr'><strong>antrum</strong></span> <span class='ocrx_word' id='word_1_211' title='bbox 892 2155 1042 2209; x_wconf 83' lang='lat' dir='ltr'><strong>Immensum,</strong></span> <span class='ocrx_word' id='word_1_212' title='bbox 1052 2153 1100 2200; x_wconf 84' lang='lat' dir='ltr'><strong>ltoc</strong></span> <span class='ocrx_word' id='word_1_213' title='bbox 1110 2169 1161 2198; x_wconf 89' lang='lat' dir='ltr'><strong>non</strong></span> <span class='ocrx_word' id='word_1_214' title='bbox 1172 2170 1238 2216; x_wconf 84' lang='lat' dir='ltr'><strong>aeque</strong></span> <span class='ocrx_word' id='word_1_215' title='bbox 1247 2169 1290 2200; x_wconf 88' lang='lat' dir='ltr'><strong>rem</strong></span> 
     </span>
     <span class='ocr_line' id='line_1_23' title="bbox 241 2224 1290 2289; baseline -0.008 -13"><span class='ocrx_word' id='word_1_216' title='bbox 241 2231 267 2276; x_wconf 91' lang='lat' dir='ltr'><strong>in</strong></span> <span class='ocrx_word' id='word_1_217' title='bbox 276 2229 351 2289; x_wconf 81' lang='lat' dir='ltr'><strong>majus</strong></span> <span class='ocrx_word' id='word_1_218' title='bbox 361 2225 443 2280; x_wconf 74' lang='lat' dir='ltr'><strong>effert3</strong></span> <span class='ocrx_word' id='word_1_219' title='bbox 455 2225 533 2287; x_wconf 88' lang='lat' dir='ltr'><strong>potuit</strong></span> <span class='ocrx_word' id='word_1_220' title='bbox 542 2225 603 2270; x_wconf 91' lang='lat' dir='ltr'><strong>enim</strong></span> <span class='ocrx_word' id='word_1_221' title='bbox 614 2225 720 2272; x_wconf 86' lang='lat' dir='ltr'><strong>immensi</strong></span> <span class='ocrx_word' id='word_1_222' title='bbox 728 2228 788 2272; x_wconf 89' lang='lat' dir='ltr'><strong>antri</strong></span> <span class='ocrx_word' id='word_1_223' title='bbox 797 2224 963 2288; x_wconf 86' lang='lat' dir='ltr'><strong>qualecunque</strong></span> <span class='ocrx_word' id='word_1_224' title='bbox 971 2226 1073 2287; x_wconf 88' lang='lat' dir='ltr'><strong>spatium</strong></span> <span class='ocrx_word' id='word_1_225' title='bbox 1082 2240 1217 2287; x_wconf 79' lang='lat' dir='ltr'><strong>occupare3</strong></span> <span class='ocrx_word' id='word_1_226' title='bbox 1227 2239 1290 2286; x_wconf 90' lang='lat' dir='ltr'><strong>quam</strong></span> 
     </span>
     <span class='ocr_line' id='line_1_24' title="bbox 237 2289 1289 2366; baseline -0.008 -19"><span class='ocrx_word' id='word_1_227' title='bbox 237 2303 312 2366; x_wconf 75' lang='lat' dir='ltr'><strong>jacuit</strong></span> <span class='ocrx_word' id='word_1_228' title='bbox 322 2303 455 2351; x_wconf 67' lang='lat' dir='ltr'><strong>inmensus,-</strong></span> <span class='ocrx_word' id='word_1_229' title='bbox 466 2307 490 2343; x_wconf 92' lang='lat' dir='ltr'><strong>et</strong></span> <span class='ocrx_word' id='word_1_230' title='bbox 498 2310 561 2341; x_wconf 88' lang='lat' dir='ltr'><strong>nunc</strong></span> <span class='ocrx_word' id='word_1_231' title='bbox 571 2289 636 2343; x_wconf 77' lang='lat' dir='ltr'><strong>distis</strong></span> <span class='ocrx_word' id='word_1_232' title='bbox 647 2309 681 2342; x_wconf 83' lang='lat' dir='ltr'><strong>est</strong></span> <span class='ocrx_word' id='word_1_233' title='bbox 691 2296 751 2343; x_wconf 91' lang='lat' dir='ltr'><strong>illud</strong></span> <span class='ocrx_word' id='word_1_234' title='bbox 763 2296 860 2342; x_wconf 88' lang='lat' dir='ltr'><strong>alterum</strong></span> <span class='ocrx_word' id='word_1_235' title='bbox 869 2312 911 2359; x_wconf 85' lang='lat' dir='ltr'><strong>per</strong></span> <span class='ocrx_word' id='word_1_236' title='bbox 921 2306 1025 2350; x_wconf 77' lang='lat' dir='ltr'><strong>annum,</strong></span> <span class='ocrx_word' id='word_1_237' title='bbox 1042 2309 1069 2342; x_wconf 90' lang='lat' dir='ltr'><strong>ut</strong></span> <span class='ocrx_word' id='word_1_238' title='bbox 1078 2297 1180 2360; x_wconf 89' lang='lat' dir='ltr'><strong>impleat</strong></span> <span class='ocrx_word' id='word_1_239' title='bbox 1189 2313 1232 2343; x_wconf 90' lang='lat' dir='ltr'><strong>suo</strong></span> <span class='ocrx_word' id='word_1_240' title='bbox 1241 2309 1289 2340; x_wconf 86' lang='lat' dir='ltr'><strong>cor-¹</strong></span> 
     </span>
     <span class='ocr_line' id='line_1_25' title="bbox 239 2365 1325 2443; baseline -0.006 -25"><span class='ocrx_word' id='word_1_241' title='bbox 239 2387 299 2443; x_wconf 81' lang='lat' dir='ltr'><strong>pore</strong></span> <span class='ocrx_word' id='word_1_242' title='bbox 310 2382 384 2415; x_wconf 92' lang='lat' dir='ltr'><strong>totum</strong></span> <span class='ocrx_word' id='word_1_243' title='bbox 398 2373 499 2414; x_wconf 78' lang='lat' dir='ltr'><strong>antrum.</strong></span> <span class='ocrx_word' id='word_1_244' title='bbox 515 2366 577 2413; x_wconf 84' lang='lat' dir='ltr'><strong>cons.</strong></span> <span class='ocrx_word' id='word_1_245' title='bbox 595 2365 694 2413; x_wconf 75' lang='lat' dir='ltr'><strong>similem</strong></span> <span class='ocrx_word' id='word_1_246' title='bbox 705 2371 838 2416; x_wconf 86' lang='lat' dir='ltr'><strong>varietatem</strong></span> <span class='ocrx_word' id='word_1_247' title='bbox 849 2369 918 2418; x_wconf 79' lang='lat' dir='ltr'><strong>Ovid.</strong></span> <span class='ocrx_word' id='word_1_248' title='bbox 928 2370 961 2413; x_wconf 89' lang='lat' dir='ltr'><strong>lll</strong></span> <span class='ocrx_word' id='word_1_249' title='bbox 972 2369 1029 2416; x_wconf 88' lang='lat' dir='ltr'><strong>Met.</strong></span> <span class='ocrx_word' id='word_1_250' title='bbox 1041 2369 1081 2431; x_wconf 84' lang='lat'><strong>37,</strong></span> <span class='ocrx_word' id='word_1_251' title='bbox 1092 2383 1117 2416; x_wconf 89' lang='lat' dir='ltr'><strong>et</strong></span> <span class='ocrx_word' id='word_1_252' title='bbox 1127 2371 1158 2416; x_wconf 93' lang='lat' dir='ltr'><strong>ad</strong></span> <span class='ocrx_word' id='word_1_253' title='bbox 1171 2369 1289 2416; x_wconf 85' lang='lat' dir='ltr'><strong>lectionem</strong></span> <span class='ocrx_word' id='word_1_254' title='bbox 1324 2425 1325 2428; x_wconf 11' lang='grc' dir='ltr'><strong>Ἰ</strong></span> 
     </span>
     <span class='ocr_line' id='line_1_26' title="bbox 241 2435 1325 2504; baseline -0.005 -16"><span class='ocrx_word' id='word_1_255' title='bbox 241 2439 416 2504; x_wconf 85' lang='lat' dir='ltr'><strong>dijudicandam</strong></span> <span class='ocrx_word' id='word_1_256' title='bbox 425 2436 538 2497; x_wconf 85' lang='lat' dir='ltr'><strong>Quinctil.</strong></span> <span class='ocrx_word' id='word_1_257' title='bbox 549 2437 603 2481; x_wconf 88' lang='lat' dir='ltr'><strong>Vlll</strong></span> <span class='ocrx_word' id='word_1_258' title='bbox 608 2471 615 2493; x_wconf 88' lang='lat'>‚</span> <span class='ocrx_word' id='word_1_259' title='bbox 625 2435 652 2494; x_wconf 70' lang='lat' dir='ltr'><strong>d,</strong></span> <span class='ocrx_word' id='word_1_260' title='bbox 662 2438 704 2494; x_wconf 77' lang='lat'><strong>83,</strong></span> <span class='ocrx_word' id='word_1_261' title='bbox 714 2440 776 2485; x_wconf 92' lang='lat' dir='ltr'><strong>idem</strong></span> <span class='ocrx_word' id='word_1_262' title='bbox 788 2441 1004 2502; x_wconf 82' lang='lat' dir='ltr'><strong>interpretationem</strong></span> <span class='ocrx_word' id='word_1_263' title='bbox 1011 2451 1117 2486; x_wconf 82' lang='lat' dir='ltr'><strong>nostram</strong></span> <span class='ocrx_word' id='word_1_264' title='bbox 1126 2441 1212 2486; x_wconf 86' lang='lat' dir='ltr'><strong>firmat.</strong></span> <span class='ocrx_word' id='word_1_265' title='bbox 1223 2442 1288 2484; x_wconf 87' lang='lat' dir='ltr'><strong>Porro</strong></span> <span class='ocrx_word' id='word_1_266' title='bbox 1324 2451 1325 2500; x_wconf 44' lang='grc' dir='ltr'>ᾗ</span> 
     </span>
     <span class='ocr_line' id='line_1_27' title="bbox 240 2506 1325 2574; baseline -0.001 -19"><span class='ocrx_word' id='word_1_267' title='bbox 240 2511 377 2558; x_wconf 79' lang='lat' dir='ltr'><strong>Immensum</strong></span> <span class='ocrx_word' id='word_1_268' title='bbox 385 2509 470 2553; x_wconf 85' lang='lat' dir='ltr'><strong>sant&#39;em</strong></span> <span class='ocrx_word' id='word_1_269' title='bbox 479 2506 569 2570; x_wconf 85' lang='lat' dir='ltr'><strong>aliquot</strong></span> <span class='ocrx_word' id='word_1_270' title='bbox 578 2509 691 2564; x_wconf 78' lang='lat' dir='ltr'><strong>Pieriam,</strong></span> <span class='ocrx_word' id='word_1_271' title='bbox 702 2522 725 2556; x_wconf 89' lang='lat' dir='ltr'><strong>et</strong></span> <span class='ocrx_word' id='word_1_272' title='bbox 734 2509 823 2556; x_wconf 84' lang='lat' dir='ltr'><strong>zulich.</strong></span> <span class='ocrx_word' id='word_1_273' title='bbox 835 2527 847 2556; x_wconf 93' lang='lat' dir='ltr'><strong>a</strong></span> <span class='ocrx_word' id='word_1_274' title='bbox 857 2527 887 2555; x_wconf 84' lang='lat' dir='ltr'><strong>m.</strong></span> <span class='ocrx_word' id='word_1_275' title='bbox 897 2527 948 2574; x_wconf 77' lang='lat' dir='ltr'><strong>pn,</strong></span> <span class='ocrx_word' id='word_1_276' title='bbox 958 2526 1037 2573; x_wconf 84' lang='lat' dir='ltr'><strong>prave.</strong></span> <span class='ocrx_word' id='word_1_277' title='bbox 1047 2519 1071 2554; x_wconf 86' lang='lat' dir='ltr'><strong>et</strong></span> <span class='ocrx_word' id='word_1_278' title='bbox 1072 2510 1110 2573; x_wconf 83' lang='lat' dir='ltr'><strong>fi·</strong></span> <span class='ocrx_word' id='word_1_279' title='bbox 1121 2514 1203 2574; x_wconf 88' lang='lat' dir='ltr'><strong>scripti</strong></span> <span class='ocrx_word' id='word_1_280' title='bbox 1215 2513 1287 2557; x_wconf 86' lang='lat' dir='ltr'><strong>lleim.</strong></span> <span class='ocrx_word' id='word_1_281' title='bbox 1324 2519 1325 2544; x_wconf 65' lang='lat'><strong>³</strong></span> 
     </span>
     <span class='ocr_line' id='line_1_28' title="bbox 238 2573 1287 2645; baseline 0.001 -19"><span class='ocrx_word' id='word_1_282' title='bbox 238 2573 318 2638; x_wconf 70' lang='lat' dir='ltr'><strong>linem.</strong></span> <span class='ocrx_word' id='word_1_283' title='bbox 337 2594 391 2645; x_wconf 80' lang='lat' dir='ltr'><strong>curn</strong></span> <span class='ocrx_word' id='word_1_284' title='bbox 408 2577 477 2624; x_wconf 87' lang='lat' dir='ltr'><strong>Goth.</strong></span> <span class='ocrx_word' id='word_1_285' title='bbox 496 2589 549 2624; x_wconf 90' lang='lat' dir='ltr'><strong>tert.</strong></span> <span class='ocrx_word' id='word_1_286' title='bbox 567 2589 661 2626; x_wconf 83' lang='lat' dir='ltr'><strong>cruente</strong></span> <span class='ocrx_word' id='word_1_287' title='bbox 677 2583 743 2628; x_wconf 91' lang='lat' dir='ltr'><strong>Witt.</strong></span> <span class='ocrx_word' id='word_1_288' title='bbox 759 2607 791 2618; x_wconf 89' lang='lat'>-</span> <span class='ocrx_word' id='word_1_289' title='bbox 805 2581 857 2628; x_wconf 83' lang='lat'>633.</span> <span class='ocrx_word' id='word_1_290' title='bbox 876 2597 964 2627; x_wconf 88' lang='lat' dir='ltr'><strong>summa</strong></span> <span class='ocrx_word' id='word_1_291' title='bbox 978 2598 1002 2645; x_wconf 84' lang='lat' dir='ltr'><strong>p.</strong></span> <span class='ocrx_word' id='word_1_292' title='bbox 1023 2583 1130 2628; x_wconf 81' lang='lat' dir='ltr'><strong>Numina</strong></span> <span class='ocrx_word' id='word_1_293' title='bbox 1143 2581 1243 2630; x_wconf 82' lang='lat' dir='ltr'><strong>Doraill.</strong></span> <span class='ocrx_word' id='word_1_294' title='bbox 1261 2607 1287 2618; x_wconf 75' lang='grc'>-</span> 
     </span>
     <span class='ocr_line' id='line_1_29' title="bbox 239 2649 1286 2716; baseline -0.001 -18"><span class='ocrx_word' id='word_1_295' title='bbox 239 2649 294 2707; x_wconf 76' lang='grc'><strong>634.</strong></span> <span class='ocrx_word' id='word_1_296' title='bbox 303 2651 402 2696; x_wconf 85' lang='lat' dir='ltr'><strong>Nomina</strong></span> <span class='ocrx_word' id='word_1_297' title='bbox 409 2649 496 2695; x_wconf 87' lang='lat' dir='ltr'><strong>Medic.</strong></span> <span class='ocrx_word' id='word_1_298' title='bbox 509 2665 555 2694; x_wconf 84' lang='lat' dir='ltr'><strong>unu</strong></span> <span class='ocrx_word' id='word_1_299' title='bbox 565 2651 642 2696; x_wconf 85' lang='lat' dir='ltr'><strong>ordine</strong></span> <span class='ocrx_word' id='word_1_300' title='bbox 654 2651 724 2698; x_wconf 76' lang='lat' dir='ltr'><strong>wall.</strong></span> <span class='ocrx_word' id='word_1_301' title='bbox 735 2669 748 2700; x_wconf 89' lang='lat' dir='ltr'><strong>a</strong></span> <span class='ocrx_word' id='word_1_302' title='bbox 758 2668 789 2698; x_wconf 89' lang='lat' dir='ltr'><strong>m.</strong></span> <span class='ocrx_word' id='word_1_303' title='bbox 799 2669 835 2716; x_wconf 89' lang='lat' dir='ltr'><strong>pr.</strong></span> <span class='ocrx_word' id='word_1_304' title='bbox 842 2679 875 2688; x_wconf 90' lang='grc'>-</span> <span class='ocrx_word' id='word_1_305' title='bbox 882 2651 936 2700; x_wconf 83' lang='lat'><strong>635.</strong></span> <span class='ocrx_word' id='word_1_306' title='bbox 954 2650 1098 2698; x_wconf 82' lang='lat' dir='ltr'><strong>tenebremus</strong></span> <span class='ocrx_word' id='word_1_307' title='bbox 1108 2653 1133 2699; x_wconf 88' lang='lat' dir='ltr'><strong>h.</strong></span> <span class='ocrx_word' id='word_1_308' title='bbox 1145 2671 1168 2700; x_wconf 91' lang='lat' dir='ltr'><strong>e.</strong></span> <span class='ocrx_word' id='word_1_309' title='bbox 1181 2655 1286 2700; x_wconf 57' lang='lat' dir='ltr'><strong>obscura*</strong></span> 
     </span>
     <span class='ocr_line' id='line_1_30' title="bbox 238 2719 1286 2787; baseline -0.002 -19"><span class='ocrx_word' id='word_1_310' title='bbox 238 2735 303 2778; x_wconf 85' lang='lat' dir='ltr'><strong>mus,</strong></span> <span class='ocrx_word' id='word_1_311' title='bbox 313 2735 463 2776; x_wconf 67' lang='lat' dir='ltr'><strong>excaecemus,</strong></span> <span class='ocrx_word' id='word_1_312' title='bbox 473 2719 566 2782; x_wconf 71' lang='lat' dir='ltr'><strong>legebat</strong></span> <span class='ocrx_word' id='word_1_313' title='bbox 576 2723 692 2779; x_wconf 84' lang='lat' dir='ltr'><strong>Donatus,</strong></span> <span class='ocrx_word' id='word_1_314' title='bbox 703 2741 756 2770; x_wconf 90' lang='lat' dir='ltr'><strong>cum</strong></span> <span class='ocrx_word' id='word_1_315' title='bbox 766 2724 816 2772; x_wconf 89' lang='lat' dir='ltr'><strong>aliis</strong></span> <span class='ocrx_word' id='word_1_316' title='bbox 825 2725 889 2787; x_wconf 91' lang='lat' dir='ltr'><strong>apud</strong></span> <span class='ocrx_word' id='word_1_317' title='bbox 899 2727 1021 2780; x_wconf 79' lang='lat' dir='ltr'><strong>Servium,</strong></span> <span class='ocrx_word' id='word_1_318' title='bbox 1036 2726 1151 2772; x_wconf 85' lang='lat' dir='ltr'><strong>adversus</strong></span> <span class='ocrx_word' id='word_1_319' title='bbox 1164 2727 1257 2772; x_wconf 86' lang='lat' dir='ltr'><strong>Homeri</strong></span> <span class='ocrx_word' id='word_1_320' title='bbox 1267 2735 1286 2767; x_wconf 88' lang='lat' dir='ltr'><strong>et</strong></span> 
     </span>
     <span class='ocr_line' id='line_1_31' title="bbox 238 2788 1286 2905; baseline 0.006 -69"><span class='ocrx_word' id='word_1_321' title='bbox 238 2790 357 2905; x_wconf 47' lang='lat' dir='ltr'><strong>{oripidis</strong></span> <span class='ocrx_word' id='word_1_322' title='bbox 365 2788 436 2870; x_wconf 67' lang='lat' dir='ltr'><strong>fldem</strong></span> <span class='ocrx_word' id='word_1_323' title='bbox 449 2799 472 2836; x_wconf 90' lang='lat' dir='ltr'><strong>et</strong></span> <span class='ocrx_word' id='word_1_324' title='bbox 481 2790 627 2853; x_wconf 81' lang='lat' dir='ltr'><strong>exemplum,</strong></span> <span class='ocrx_word' id='word_1_325' title='bbox 644 2804 671 2838; x_wconf 89' lang='lat' dir='ltr'><strong>ut</strong></span> <span class='ocrx_word' id='word_1_326' title='bbox 679 2795 729 2856; x_wconf 90' lang='lat' dir='ltr'><strong>jam</strong></span> <span class='ocrx_word' id='word_1_327' title='bbox 739 2795 801 2841; x_wconf 86' lang='lat' dir='ltr'><strong>Pier.</strong></span> <span class='ocrx_word' id='word_1_328' title='bbox 812 2807 835 2840; x_wconf 92' lang='lat' dir='ltr'><strong>et</strong></span> <span class='ocrx_word' id='word_1_329' title='bbox 846 2794 886 2840; x_wconf 86' lang='lat' dir='ltr'><strong>alii</strong></span> <span class='ocrx_word' id='word_1_330' title='bbox 897 2805 1040 2841; x_wconf 86' lang='lat' dir='ltr'><strong>monuerunt</strong></span> <span class='ocrx_word' id='word_1_331' title='bbox 1048 2811 1055 2842; x_wconf 90' lang='grc'>;</span> <span class='ocrx_word' id='word_1_332' title='bbox 1064 2806 1101 2848; x_wconf 82' lang='lat' dir='ltr'><strong>est</strong></span> <span class='ocrx_word' id='word_1_333' title='bbox 1114 2790 1181 2842; x_wconf 67' lang='lat' dir='ltr'><strong>enim</strong></span> <span class='ocrx_word' id='word_1_334' title='bbox 1196 2792 1286 2856; x_wconf 63' lang='lat' dir='ltr'><strong>apidani</strong></span> 
     </span>
    </p>

    <p class='ocr_par' dir='ltr' id='par_1_6' title="bbox 174 2873 447 2921">
     <span class='ocr_line' id='line_1_32' title="bbox 174 2873 447 2921; baseline -0.004 -16"><span class='ocrx_word' id='word_1_335' title='bbox 174 2881 177 2887; x_wconf 91' lang='lat'>·</span> <span class='ocrx_word' id='word_1_336' title='bbox 254 2875 319 2916; x_wconf 77' lang='lat' dir='ltr'><strong>istst,</strong></span> <span class='ocrx_word' id='word_1_337' title='bbox 330 2873 447 2921; x_wconf 73' lang='lat' dir='ltr'><strong>raptantur.</strong></span> 
     </span>
    </p>
   </div>
   <div class='ocr_carea' id='block_1_4' title="bbox 237 3030 1286 3270">
    <p class='ocr_par' dir='ltr' id='par_1_7' title="bbox 237 3030 1286 3270">
     <span class='ocr_line' id='line_1_33' title="bbox 237 3030 1286 3110; baseline 0.006 -26"><span class='ocrx_word' id='word_1_338' title='bbox 237 3032 342 3104; x_wconf 61' lang='lat' dir='ltr'><strong>uulgari</strong></span> <span class='ocrx_word' id='word_1_339' title='bbox 352 3067 360 3096; x_wconf 85' lang='lat'><strong>,</strong></span> <span class='ocrx_word' id='word_1_340' title='bbox 370 3030 501 3110; x_wconf 82' lang='lat' dir='ltr'><strong>defluente</strong></span> <span class='ocrx_word' id='word_1_341' title='bbox 517 3034 590 3087; x_wconf 87' lang='lat' dir='ltr'><strong>tabo.</strong></span> <span class='ocrx_word' id='word_1_342' title='bbox 611 3035 736 3090; x_wconf 86' lang='lat' dir='ltr'><strong>Ceterum</strong></span> <span class='ocrx_word' id='word_1_343' title='bbox 783 3036 834 3110; x_wconf 63' lang='lat' dir='ltr'><strong>uqi</strong></span> <span class='ocrx_word' id='word_1_344' title='bbox 845 3038 937 3105; x_wconf 66' lang='grc' dir='ltr'><strong><em>ψυχῖς·</em></strong></span> <span class='ocrx_word' id='word_1_345' title='bbox 951 3036 1020 3104; x_wconf 59' lang='lat' dir='ltr'><strong>uine</strong></span> <span class='ocrx_word' id='word_1_346' title='bbox 1035 3034 1083 3106; x_wconf 64' lang='grc' dir='ltr'><strong>γὰρ</strong></span> <span class='ocrx_word' id='word_1_347' title='bbox 1102 3035 1176 3092; x_wconf 64' lang='lat' dir='ltr'><strong>mlv</strong></span> <span class='ocrx_word' id='word_1_348' title='bbox 1189 3038 1286 3106; x_wconf 54' lang='lat' dir='ltr'><strong>indta</strong></span> 
     </span>
     <span class='ocr_line' id='line_1_34' title="bbox 237 3112 1285 3184; baseline 0.004 -20"><span class='ocrx_word' id='word_1_349' title='bbox 237 3112 586 3184; x_wconf 85' lang='lat' dir='ltr'><strong>haecadnostrumpalatum</strong></span> <span class='ocrx_word' id='word_1_350' title='bbox 596 3115 670 3168; x_wconf 89' lang='lat' dir='ltr'><strong>haud</strong></span> <span class='ocrx_word' id='word_1_351' title='bbox 678 3135 735 3169; x_wconf 89' lang='lat' dir='ltr'><strong>esse</strong></span> <span class='ocrx_word' id='word_1_352' title='bbox 784 3113 827 3172; x_wconf 78' lang='lat' dir='ltr'><strong>in.</strong></span> <span class='ocrx_word' id='word_1_353' title='bbox 844 3120 872 3172; x_wconf 86' lang='lat' dir='ltr'><strong>t&#39;n</strong></span> <span class='ocrx_word' id='word_1_354' title='bbox 884 3120 1034 3172; x_wconf 85' lang='lat' dir='ltr'><strong>discrimine</strong></span> <span class='ocrx_word' id='word_1_355' title='bbox 1045 3129 1131 3170; x_wconf 88' lang='lat' dir='ltr'><strong>tanto.</strong></span> <span class='ocrx_word' id='word_1_356' title='bbox 1143 3149 1181 3158; x_wconf 88' lang='lat'><strong>-—</strong></span> <span class='ocrx_word' id='word_1_357' title='bbox 1189 3121 1249 3174; x_wconf 80' lang='lat'>630.</span> <span class='ocrx_word' id='word_1_358' title='bbox 1260 3137 1285 3170; x_wconf 83' lang='lat' dir='ltr'><strong>ex</strong></span> 
     </span>
     <span class='ocr_line' id='line_1_35' title="bbox 238 3193 1285 3270; baseline 0.006 -26"><span class='ocrx_word' id='word_1_359' title='bbox 238 3193 495 3264; x_wconf 84' lang='lat' dir='ltr'><strong>comparata,facile</strong></span> <span class='ocrx_word' id='word_1_360' title='bbox 508 3196 660 3270; x_wconf 68' lang='lat' dir='ltr'><strong>cantianos,</strong></span> <span class='ocrx_word' id='word_1_361' title='bbox 672 3197 732 3248; x_wconf 84' lang='lat' dir='ltr'><strong>Exc.</strong></span> <span class='ocrx_word' id='word_1_362' title='bbox 784 3199 844 3252; x_wconf 87' lang='lat' dir='ltr'><strong>eod.</strong></span> <span class='ocrx_word' id='word_1_363' title='bbox 857 3199 874 3250; x_wconf 91' lang='lat' dir='ltr'><strong>l.</strong></span> <span class='ocrx_word' id='word_1_364' title='bbox 890 3219 912 3250; x_wconf 87' lang='lat' dir='ltr'><strong>v.</strong></span> <span class='ocrx_word' id='word_1_365' title='bbox 928 3200 988 3268; x_wconf 82' lang='lat'>296.</span> <span class='ocrx_word' id='word_1_366' title='bbox 1009 3215 1059 3268; x_wconf 84' lang='lat'><strong>297</strong></span> <span class='ocrx_word' id='word_1_367' title='bbox 1071 3199 1132 3251; x_wconf 76' lang='lat' dir='ltr'><strong>Ksin&#39;</strong></span> <span class='ocrx_word' id='word_1_368' title='bbox 1144 3201 1285 3253; x_wconf 57' lang='lat' dir='ltr'><strong>tnta-01¹2,-</strong></span> 
     </span>
    </p>
   </div>
   <div class='ocr_carea' id='block_1_5' title="bbox 208 3267 1286 3588">
    <p class='ocr_par' dir='ltr' id='par_1_8' title="bbox 236 3267 1286 3433">
     <span class='ocr_line' id='line_1_36' title="bbox 236 3267 1284 3348; baseline 0.005 -24"><span class='ocrx_word' id='word_1_369' title='bbox 236 3267 306 3324; x_wconf 81' lang='lat' dir='ltr'><strong>XVl.</strong></span> <span class='ocrx_word' id='word_1_370' title='bbox 783 3299 842 3348; x_wconf 73' lang='lat' dir='ltr'><strong>spata</strong></span> <span class='ocrx_word' id='word_1_371' title='bbox 859 3277 1030 3343; x_wconf 66' lang='lat' dir='ltr'><strong>uetuerimne</strong></span> <span class='ocrx_word' id='word_1_372' title='bbox 1045 3277 1090 3329; x_wconf 78' lang='lat' dir='ltr'><strong>dni</strong></span> <span class='ocrx_word' id='word_1_373' title='bbox 1111 3275 1204 3344; x_wconf 65' lang='lat' dir='ltr'><strong>patitur.</strong></span> <span class='ocrx_word' id='word_1_374' title='bbox 1229 3279 1284 3332; x_wconf 86' lang='lat' dir='ltr'><strong>add.</strong></span> 
     </span>
     <span class='ocr_line' id='line_1_37' title="bbox 273 3347 1286 3433; baseline 0.008 -28"><span class='ocrx_word' id='word_1_375' title='bbox 273 3352 333 3405; x_wconf 77' lang='lat'>628.</span> <span class='ocrx_word' id='word_1_376' title='bbox 354 3369 392 3423; x_wconf 90' lang='lat' dir='ltr'><strong>sq.</strong></span> <span class='ocrx_word' id='word_1_377' title='bbox 416 3354 451 3404; x_wconf 84' lang='lat' dir='ltr'><strong>af.</strong></span> <span class='ocrx_word' id='word_1_378' title='bbox 472 3353 524 3405; x_wconf 93' lang='lat' dir='ltr'><strong>0d.</strong></span> <span class='ocrx_word' id='word_1_379' title='bbox 541 3377 561 3418; x_wconf 84' lang='lat' dir='ltr'><strong>t,</strong></span> <span class='ocrx_word' id='word_1_380' title='bbox 585 3373 635 3426; x_wconf 86' lang='lat'><strong>²99</strong></span> <span class='ocrx_word' id='word_1_381' title='bbox 653 3373 733 3427; x_wconf 82' lang='lat' dir='ltr'><strong>sqq,</strong></span> <span class='ocrx_word' id='word_1_382' title='bbox 783 3347 987 3428; x_wconf 79' lang='lat' dir='ltr'><strong>371.sepultus,</strong></span> <span class='ocrx_word' id='word_1_383' title='bbox 1001 3369 1080 3408; x_wconf 89' lang='lat' dir='ltr'><strong>motu</strong></span> <span class='ocrx_word' id='word_1_384' title='bbox 1092 3371 1120 3410; x_wconf 89' lang='lat' dir='ltr'><strong>et</strong></span> <span class='ocrx_word' id='word_1_385' title='bbox 1132 3361 1192 3412; x_wconf 84' lang='lat' dir='ltr'><strong>vita</strong></span> <span class='ocrx_word' id='word_1_386' title='bbox 1203 3364 1286 3433; x_wconf 81' lang='lat' dir='ltr'><strong>prisa-</strong></span> 
     </span>
    </p>

    <p class='ocr_par' dir='ltr' id='par_1_9' title="bbox 208 3427 1286 3588">
     <span class='ocr_line' id='line_1_38' title="bbox 208 3427 1284 3512; baseline 0.007 -29"><span class='ocrx_word' id='word_1_387' title='bbox 208 3487 216 3506; x_wconf 34' lang='lat' dir='ltr'><em>a</em></span> <span class='ocrx_word' id='word_1_388' title='bbox 236 3427 290 3498; x_wconf 74' lang='lat'><strong>316</strong></span> <span class='ocrx_word' id='word_1_389' title='bbox 311 3449 369 3502; x_wconf 88' lang='lat' dir='ltr'><strong>sqq.</strong></span> <span class='ocrx_word' id='word_1_390' title='bbox 394 3428 520 3484; x_wconf 83' lang='lat' dir='ltr'><strong>oblitusve</strong></span> <span class='ocrx_word' id='word_1_391' title='bbox 539 3434 581 3484; x_wconf 83' lang='lat' dir='ltr'><strong>sui</strong></span> <span class='ocrx_word' id='word_1_392' title='bbox 598 3444 653 3496; x_wconf 89' lang='lat' dir='ltr'><strong>est;</strong></span> <span class='ocrx_word' id='word_1_393' title='bbox 675 3435 732 3501; x_wconf 78' lang='lat' dir='ltr'><strong>sui,</strong></span> <span class='ocrx_word' id='word_1_394' title='bbox 783 3451 824 3489; x_wconf 85' lang='lat' dir='ltr'><strong>tus</strong></span> <span class='ocrx_word' id='word_1_395' title='bbox 840 3450 905 3491; x_wconf 88' lang='lat' dir='ltr'><strong>erat.</strong></span> <span class='ocrx_word' id='word_1_396' title='bbox 923 3437 1085 3490; x_wconf 68' lang='lat'><strong>631-533.</strong></span> <span class='ocrx_word' id='word_1_397' title='bbox 1104 3457 1130 3490; x_wconf 89' lang='lat' dir='ltr'><strong>v.</strong></span> <span class='ocrx_word' id='word_1_398' title='bbox 1144 3440 1214 3493; x_wconf 87' lang='lat' dir='ltr'><strong>ibid.</strong></span> <span class='ocrx_word' id='word_1_399' title='bbox 1230 3445 1284 3512; x_wconf 70' lang='lat'><strong>372,</strong></span> 
     </span>
     <span class='ocr_line' id='line_1_39' title="bbox 237 3509 1286 3588; baseline 0.01 -26"><span class='ocrx_word' id='word_1_400' title='bbox 237 3529 298 3562; x_wconf 87' lang='lat' dir='ltr'><strong>cum</strong></span> <span class='ocrx_word' id='word_1_401' title='bbox 307 3512 350 3575; x_wconf 83' lang='lat' dir='ltr'><strong>vi,</strong></span> <span class='ocrx_word' id='word_1_402' title='bbox 364 3509 390 3562; x_wconf 95' lang='lat' dir='ltr'><strong>h.</strong></span> <span class='ocrx_word' id='word_1_403' title='bbox 405 3530 428 3561; x_wconf 89' lang='lat' dir='ltr'><strong>e.</strong></span> <span class='ocrx_word' id='word_1_404' title='bbox 442 3528 494 3562; x_wconf 83' lang='lat' dir='ltr'><strong>suae</strong></span> <span class='ocrx_word' id='word_1_405' title='bbox 507 3514 609 3564; x_wconf 81' lang='lat' dir='ltr'><strong>astutiae</strong></span> <span class='ocrx_word' id='word_1_406' title='bbox 618 3532 649 3565; x_wconf 89' lang='lat' dir='ltr'><strong>ac</strong></span> <span class='ocrx_word' id='word_1_407' title='bbox 660 3512 735 3565; x_wconf 81' lang='lat' dir='ltr'><strong>calli·</strong></span> <span class='ocrx_word' id='word_1_408' title='bbox 782 3517 842 3587; x_wconf 73' lang='lat'><em>374.</em></span> <span class='ocrx_word' id='word_1_409' title='bbox 851 3517 904 3569; x_wconf 60' lang='grc' dir='ltr'><strong>κᾶτ’</strong></span> <span class='ocrx_word' id='word_1_410' title='bbox 912 3515 1093 3582; x_wconf 56' lang='grc' dir='ltr'><strong>ἱποέοχμόοιις</strong></span> <span class='ocrx_word' id='word_1_411' title='bbox 1104 3517 1192 3586; x_wconf 67' lang='grc' dir='ltr'><strong><em>παχὺν</em></strong></span> <span class='ocrx_word' id='word_1_412' title='bbox 1202 3521 1286 3588; x_wconf 58' lang='lat' dir='ltr'><strong>naizin</strong></span> 
     </span>
    </p>
   </div>
   <div class='ocr_carea' id='block_1_6' title="bbox 195 3589 1321 4000">
    <p class='ocr_par' dir='ltr' id='par_1_10' title="bbox 234 3589 1285 3912">
     <span class='ocr_line' id='line_1_40' title="bbox 237 3589 1285 3674; baseline 0.01 -33"><span class='ocrx_word' id='word_1_413' title='bbox 237 3589 341 3650; x_wconf 83' lang='lat' dir='ltr'><strong>ditatis;</strong></span> <span class='ocrx_word' id='word_1_414' title='bbox 353 3605 410 3658; x_wconf 84' lang='lat' dir='ltr'><strong>quae</strong></span> <span class='ocrx_word' id='word_1_415' title='bbox 418 3591 469 3641; x_wconf 86' lang='lat' dir='ltr'><strong>ista</strong></span> <span class='ocrx_word' id='word_1_416' title='bbox 480 3601 556 3643; x_wconf 84' lang='lat' dir='ltr'><strong>tetate</strong></span> <span class='ocrx_word' id='word_1_417' title='bbox 569 3591 662 3644; x_wconf 86' lang='lat' dir='ltr'><strong>eadem</strong></span> <span class='ocrx_word' id='word_1_418' title='bbox 672 3611 733 3644; x_wconf 89' lang='lat' dir='ltr'><strong>cum</strong></span> <span class='ocrx_word' id='word_1_419' title='bbox 781 3628 818 3637; x_wconf 91' lang='lat'><em>-</em></span> <span class='ocrx_word' id='word_1_420' title='bbox 828 3598 952 3674; x_wconf 83' lang='lat' dir='ltr'><strong>inflexam</strong></span> <span class='ocrx_word' id='word_1_421' title='bbox 965 3615 1015 3667; x_wconf 90' lang='lat' dir='ltr'><strong>pro</strong></span> <span class='ocrx_word' id='word_1_422' title='bbox 1028 3599 1153 3672; x_wconf 76' lang='lat' dir='ltr'><strong>vulgari,</strong></span> <span class='ocrx_word' id='word_1_423' title='bbox 1166 3603 1285 3656; x_wconf 82' lang='lat' dir='ltr'><strong>reflexam</strong></span> 
     </span>
     <span class='ocr_line' id='line_1_41' title="bbox 236 3667 1285 3750; baseline 0.01 -28"><span class='ocrx_word' id='word_1_424' title='bbox 236 3669 368 3742; x_wconf 84' lang='lat' dir='ltr'><strong>sapientia</strong></span> <span class='ocrx_word' id='word_1_425' title='bbox 383 3667 490 3733; x_wconf 82' lang='lat' dir='ltr'><strong>habita,</strong></span> <span class='ocrx_word' id='word_1_426' title='bbox 512 3683 542 3720; x_wconf 90' lang='lat' dir='ltr'><strong>ut</strong></span> <span class='ocrx_word' id='word_1_427' title='bbox 562 3688 595 3722; x_wconf 86' lang='lat' dir='ltr'><strong>ex</strong></span> <span class='ocrx_word' id='word_1_428' title='bbox 615 3673 731 3723; x_wconf 90' lang='lat' dir='ltr'><strong>llomero</strong></span> <span class='ocrx_word' id='word_1_429' title='bbox 774 3678 1010 3750; x_wconf 78' lang='lat' dir='ltr'><strong>jacuitt&#39;mmensus</strong></span> <span class='ocrx_word' id='word_1_430' title='bbox 1020 3680 1163 3748; x_wconf 68' lang='lat' dir='ltr'><strong>preclare,</strong></span> <span class='ocrx_word' id='word_1_431' title='bbox 1174 3702 1237 3734; x_wconf 91' lang='lat' dir='ltr'><strong>cum</strong></span> <span class='ocrx_word' id='word_1_432' title='bbox 1247 3701 1285 3733; x_wconf 88' lang='lat' dir='ltr'><strong>no-</strong></span> 
     </span>
     <span class='ocr_line' id='line_1_42' title="bbox 236 3751 1284 3828; baseline 0.006 -26"><span class='ocrx_word' id='word_1_433' title='bbox 236 3751 378 3804; x_wconf 86' lang='lat' dir='ltr'><strong>observare</strong></span> <span class='ocrx_word' id='word_1_434' title='bbox 390 3751 418 3800; x_wconf 88' lang='lat' dir='ltr'><strong>in</strong></span> <span class='ocrx_word' id='word_1_435' title='bbox 429 3762 537 3821; x_wconf 86' lang='lat' dir='ltr'><strong>promtu</strong></span> <span class='ocrx_word' id='word_1_436' title='bbox 552 3763 607 3812; x_wconf 86' lang='lat' dir='ltr'><strong>est;</strong></span> <span class='ocrx_word' id='word_1_437' title='bbox 627 3751 692 3803; x_wconf 90' lang='lat' dir='ltr'><strong>ibid.</strong></span> <span class='ocrx_word' id='word_1_438' title='bbox 705 3771 730 3804; x_wconf 87' lang='lat' dir='ltr'><strong>v.</strong></span> <span class='ocrx_word' id='word_1_439' title='bbox 780 3759 853 3808; x_wconf 89' lang='lat' dir='ltr'><strong>tione</strong></span> <span class='ocrx_word' id='word_1_440' title='bbox 862 3758 931 3808; x_wconf 84' lang='lat' dir='ltr'><strong>vasti</strong></span> <span class='ocrx_word' id='word_1_441' title='bbox 943 3759 1074 3826; x_wconf 86' lang='lat' dir='ltr'><strong>corporis.</strong></span> <span class='ocrx_word' id='word_1_442' title='bbox 1086 3760 1193 3828; x_wconf 79' lang='grc'>-634,</span> <span class='ocrx_word' id='word_1_443' title='bbox 1207 3761 1284 3814; x_wconf 84' lang='lat' dir='ltr'><strong>sortiti</strong></span> 
     </span>
     <span class='ocr_line' id='line_1_43' title="bbox 234 3823 1284 3912; baseline 0.009 -29"><span class='ocrx_word' id='word_1_444' title='bbox 234 3831 305 3899; x_wconf 67' lang='lat' dir='ltr'><strong>dno:</strong></span> <span class='ocrx_word' id='word_1_445' title='bbox 322 3823 400 3898; x_wconf 60' lang='grc' dir='ltr'>Αὐτὰρ</span> <span class='ocrx_word' id='word_1_446' title='bbox 419 3824 466 3894; x_wconf 71' lang='lat' dir='ltr'><strong>iyai</strong></span> <span class='ocrx_word' id='word_1_447' title='bbox 480 3826 731 3889; x_wconf 65' lang='lat' dir='ltr'><strong>tuditan-minae</strong></span> <span class='ocrx_word' id='word_1_448' title='bbox 780 3837 886 3891; x_wconf 81' lang='lat' dir='ltr'><strong>uisesh.</strong></span> <span class='ocrx_word' id='word_1_449' title='bbox 902 3858 924 3891; x_wconf 93' lang='lat' dir='ltr'><strong>e.</strong></span> <span class='ocrx_word' id='word_1_450' title='bbox 949 3837 1023 3908; x_wconf 90' lang='lat' dir='ltr'><strong>quod</strong></span> <span class='ocrx_word' id='word_1_451' title='bbox 1043 3841 1200 3912; x_wconf 87' lang='lat' dir='ltr'><strong>unicuique</strong></span> <span class='ocrx_word' id='word_1_452' title='bbox 1223 3853 1284 3895; x_wconf 86' lang='lat' dir='ltr'><strong>esset</strong></span> 
     </span>
    </p>

    <p class='ocr_par' dir='ltr' id='par_1_11' title="bbox 195 3906 1321 4000">
     <span class='ocr_line' id='line_1_44' title="bbox 195 3906 1321 4000; baseline 0.013 -39"><span class='ocrx_word' id='word_1_453' title='bbox 195 3949 197 3952; x_wconf 82' lang='lat'>.</span> <span class='ocrx_word' id='word_1_454' title='bbox 236 3910 369 3971; x_wconf 62' lang='lat' dir='ltr'><strong>aldianae,</strong></span> <span class='ocrx_word' id='word_1_455' title='bbox 389 3906 428 3960; x_wconf 77' lang='lat' dir='ltr'><strong>nal</strong></span> <span class='ocrx_word' id='word_1_456' title='bbox 442 3907 515 3986; x_wconf 63' lang='lat' dir='ltr'><strong>raian</strong></span> <span class='ocrx_word' id='word_1_457' title='bbox 530 3906 636 3981; x_wconf 67' lang='lat' dir='ltr'><strong>dautran,</strong></span> <span class='ocrx_word' id='word_1_458' title='bbox 657 3906 730 3967; x_wconf 72' lang='lat' dir='ltr'><strong>“nont</strong></span> <span class='ocrx_word' id='word_1_459' title='bbox 780 3916 920 3992; x_wconf 77' lang='lat' dir='ltr'><strong>agendum.</strong></span> <span class='ocrx_word' id='word_1_460' title='bbox 943 3915 1004 3970; x_wconf 85' lang='lat' dir='ltr'><strong>vide</strong></span> <span class='ocrx_word' id='word_1_461' title='bbox 1025 3917 1093 3969; x_wconf 89' lang='lat' dir='ltr'><strong>ibid.</strong></span> <span class='ocrx_word' id='word_1_462' title='bbox 1115 3938 1141 3972; x_wconf 85' lang='lat' dir='ltr'><strong>v.</strong></span> <span class='ocrx_word' id='word_1_463' title='bbox 1156 3919 1208 3974; x_wconf 81' lang='lat'><strong>331</strong></span> <span class='ocrx_word' id='word_1_464' title='bbox 1230 3939 1274 3990; x_wconf 84' lang='lat' dir='ltr'><strong>sqq</strong></span> <span class='ocrx_word' id='word_1_465' title='bbox 1320 3965 1321 4000; x_wconf 70' lang='lat'><strong>,</strong></span> 
     </span>
    </p>
   </div>
   <div class='ocr_carea' id='block_1_7' title="bbox 0 0 1350 4594">
    <p class='ocr_par' dir='ltr' id='par_1_12' title="bbox 0 0 1350 4594">
     <span class='ocr_line' id='line_1_45' title="bbox 0 0 1350 4594; baseline 0 3"><span class='ocrx_word' id='word_1_466' title='bbox 0 0 1350 4594; x_wconf 95' lang='lat' dir='ltr'><strong> </strong></span> 
     </span>
    </p>
   </div>
  </div>
 </body>
</html>
