2724 4580
336 316 569 386 uncinos
599 317 751 402 uruun‘
774 321 799 386 1.
846 311 847 314 ‘

1023 311 1085 437 sot

55 443 271 522 Teucrorum,
286 459 319 506 et
331 445 421 531 genti
432 429 554 508 nomen
566 427 671 524 dedit,
685 433 840 535 armaque
852 447 920 512 fixit
993 439 998 448 ’

54 551 166 630 Troia,
180 573 270 648 nunc
282 551 409 638 placida
421 534 610 640 compostus
621 537 702 642 pace
715 555 862 641 quiescit.

55 661 131 738 Nos,
144 660 403 746 tua'progenies,
417 661 492 724 coeii
504 659 623 748 quibus
635 660 751 745 adnuis
763 683 885 740 arcem,

54 764 195 830 Navibus
207 759 416 852 (infandum)
424 768 563 845 amissio,
577 769 674 830 unius
687 767 730 830 ob
743 768 825 830 iram

1045 676 1089 723 250

1004 843 1010 868 1

56 871 243 952 Prodimur,¹
253 889 352 961 atque
364 874 453 938 Italis
466 874 563 961 longe
577 872 795 963 disjungimur
806 875 880 974 oris.

7 1045 8 1050 ¹
56 1056 103 1101 sede
140 1071 167 1102 ue
179 1057 236 1102 Exc.
248 1057 326 1102 Burm.
335 1083 367 1094 -
377 1055 428 1118 249.
440 1059 519 1104 Troico
530 1068 576 1120 tres¹
587 1075 624 1120 ep.
634 1060 711 1105 Burm.
722 1074 772 1104 cum
783 1057 873 1122 placida
881 1075 932 1166 αἱ
943 1063 1028 1124 quteuit
1036 1064 1091 1110 Me-

57 1133 104 1179 nag.
114 1135 125 1163 a
137 1131 179 1164 ter.
189 1142 222 1153 -
230 1118 281 1163 251.
293 1117 387 1182 Inffinde
395 1119 442 1164 duo
453 1121 530 1164 Burin.
537 1153 544 1174 ,
556 1122 593 1178 (et
602 1123 634 1166 sic
646 1119 820 1182 apudServiutn
829 1121 897 1182 legen

931 1138 965 1168 m:
975 1123 1092 1185 infandum

57 1194 98 1246 pro·
108 1187 198 1250 infande
214 1189 316 1248 posuit.)
332 1191 419 1234 amissis
437 1188 554 1250 mflrndum
568 1189 665 1236 Dorvili.
674 1191 765 1236 -252.
781 1191 877 1236 Dubitat
891 1193 1048 1249 Burmannus,
1061 1211 1092 1240 au

58 1273 110 1319 oque
122 1258 415 1306 adscribendum-Verum
428 1263 469 1306 etsi
482 1275 530 1305 non
545 1261 669 1317 scribitur,
684 1260 906 1322 subintelligendum
917 1274 1008 1308 tamen:
1023 1274 1092 1328 atque

58 1329 84 1373 ab
98 1327 160 1374 tolo
176 1331 222 1375 oris
235 1329 396 1394 dr'sjonqimur,
408 1333 560 1394 interjacente
576 1335 634 1380 mari
650 1344 673 1379 et
688 1331 739 1378 aliis
752 1333 826 1380 terris.
840 1333 902 1378 'omis
916 1333 981 1382 Leid.
996 1349 1056 1381 unus
1069 1346 1093 1382 et

58 1397 134 1443 iiamh.
143 1414 181 1461 pr.
193 1413 237 1461 pro
247 1415 295 1445 var.
306 1399 360 1446 lect.

59 1555 138 1598 tomen
145 1585 154 1612 ,
168 1547 225 1600 noli
233 1546 333 1601 haerere
346 1549 380 1601 ad
391 1550 494 1601 fontem
505 1549 549 1600 Ti-

58 1629 136 1677 mavi:
149 1626 198 1678 sed
210 1629 307 1694 latius,
320 1631 347 1680 in
360 1632 413 1680 oris
433 1628 475 1679 his
491 1629 551 1680 lito-

59 1707 91 1755 ris
105 1705 250 1771 Adriatici,
263 1721 290 1759 et
302 1707 423 1778 quidem,
442 1725 503 1759 cum
515 1707 550 1759 ad

59 1786 159 1836 intimos
167 1788 242 1836 sinus
249 1785 367 1838 recessus
375 1797 549 1856 penetrasset,

7 1911 8 1920 ,
59 1866 122 1927 inter
130 1866 286 1937 Euganeos,
299 1869 346 1937 qui
357 1879 413 1917 tum
423 1865 478 1916 hoec
490 1865 551 1917 ioca

59 1946 193 2008 tenebant,
206 1947 343 1996 Patavium
354 1944 399 1996 iiie
414 1943 549 2009 condidit,

60 2037 83 2074 et
97 2025 170 2095 penti
187 2043 283 2075 nomen
302 2025 386 2083 dedic·
409 2035 436 2075 at
457 2022 552 2092 quale?

59 2102 145 2153 dicunt
151 2102 390 2154 Antenoi-idaeum:
405 2100 477 2171 apud
484 2118 551 2170 poe-

60 2192 95 2230 tas
111 2183 219 2251 utique,
233 2199 287 2231 non
303 2199 366 2233 vero
384 2181 553 2250 vulgare'no·

60 2278 123 2311 men.
133 2261 181 2314 sed
191 2262 350 2315 Venetorum
357 2278 467 2323 nornen,
479 2256 553 2328 quod

59 2340 133 2410 vulgo
149 2352 253 2392 veteres
266 2339 300 2390 ab
312 2338 420 2389 Henetis
438 2335 553 2405 Paphia-

60 2421 153 2488 goniae,
170 2435 238 2488 quos
254 2419 383 2468 Antenori
399 2419 447 2466 vite
465 2415 551 2465 socios

60 2499 136 2549 inisse
142 2498 261 2564 aiebant,
270 2497 379 2549 ductum
389 2511 445 2547 esse
451 2493 552 2544 volunt.

60 2596 182 2650 annaque
194 2575 270 2650 fixit,
281 2577 375 2642 Troia,
391 2593 458 2646 pace
474 2591 510 2624 sc.
526 2587 559 2625 et·

61 2659 202 2728 tranquillo
219 2660 274 2710 otio
286 2671 380 2728 parto,
394 2655 467 2726 quod
479 2655 554 2705 suevi

60 2757 144 2789 rerum
151 2740 267 2809 imagine
275 2737 406 2801 reddidit,
413 2736 498 2806 petitu
508 2732 555 2783 iiis

62 2818 93 2868 ab
105 2819 149 2882 iis,
160 2821 207 2888 qui
219 2818 315 2868 militia
325 2817 399 2868 missi
416 2833 489 2868 arma
501 2829 556 2864 sus·

62 2896 204 2966 penderent
213 2909 241 2948 et
249 2895 367 2968 figerent.
380 2896 413 2946 cf:
425 2895 558 2962 Pompon.¹

62 2976 119 3027 sab.
132 2977 167 3028 ad
184 2979 211 3027 h.
229 2977 247 3027 Ι.
268 2977 348 3026 Nunc
365 2972 471 3045 placida
484 2990 555 3022 com-

60 3067 143 3125 postus
160 3074 235 3128 pace.
248 3055 377 3128 quiescit:
403 3071 455 3124 quo
476 3069 555 3105 sensu

62 3134 114 3185 baec
122 3134 195 3185 dicta
206 3136 273 3197 sint,
288 3133 410 3184 dubitare
420 3132 496 3193 iicet3
511 3144 556 3182 out

62 3217 129 3265 enim
138 3215 172 3266 de
185 3226 326 3265 morteuut
338 3214 372 3265 de
385 3214 439 3263 otio
450 3225 476 3263 et
486 3224 557 3262 tran-

62 3295 205 3362 quillitate,
226 3313 281 3364 qua
296 3295 415 3346 Antenor
426 3292 562 3362 reliquam*

60 3375 139 3424 vitam
159 3376 266 3445 exegit,
290 3376 375 3443 accipi
388 3384 505 3442 potest,
528 3373 557 3422 in

61 3465 174 3522 utroque
191 3465 280 3504 tamen
293 3452 353 3504 duri
366 3451 467 3522 aliquid
479 3453 555 3502 inest.

62 3531 126 3585 Sane
139 3533 264 3604 componi
276 3532 398 3584 obsolute
410 3533 508 3582 mortui
520 3529 558 3580 di·

63 3625 170 3679 cuntur,
183 3625 209 3663 et
216 3612 298 3664 iidem
305 3613 442 3682 quiescere.
451 3610 498 3660 inf.
507 3610 562 3678 IX,-

61 3693 111 3760 445
129 3691 290 3763 placidaque
307 3692 343 3742 ibi
356 3692 460 3741 demum
476 3697 558 3738 morte

62 3771 169 3841 quievit.
182 3772 234 3834 Vl,
247 3770 295 3820 321
309 3769 415 3821 Sedibus
427 3777 457 3817 ut
467 3764 559 3818 saitem

61 3850 173 3922 placidis
185 3851 214 3900 t'n
227 3861 309 3901 morte
321 3850 460 3922 quiescam.
471 3848 558 3897 Vene-

63 3931 97 3978 ris
110 3943 201 3981 tamen
209 3929 338 3994 consilio,
351 3925 414 3979 dum
423 3928 561 3978 AEneaeca·

64 4007 228 4062 iamitatibus
255 4007 397 4064 Antenoris
423 4008 560 4064 fortunam

135 4113 162 4151 2.

598 1551 741 1622 secundam
750 1569 905 1623 componore
914 1553 987 1617 vuit,¹
997 1571 1093 1622 parum

598 1632 764 1695 conveniret,
771 1631 911 1680 Antenoris
921 1642 1028 1681 mortem
1034 1630 1094 1702 'pia-

598 1707 685 1758 ct'dom
701 1707 875 1774 lauderer'At
897 1711 920 1759 si
941 1707 974 1760 de
997 1711 1093 1778 quietis

600 1787 722 1852 sedibus,
736 1787 948 1857 rebuspiacutis,
960 1790 1095 1850 uita'tran·

600 1865 683 1935 quilla
695 1867 793 1936 agitur,
806 1878 863 1916 tum
872 1867 930 1918 fere
941 1885 979 1918 res
987 1884 1095 1936 compo-

598 1947 653 1997 sitee
665 1957 861 2009 memorantur,
876 1963 932 1996 uon
949 1946 998 2016 ipsi
1008 1945 1096 1996 *bomi-

599 2043 659 2084 nes‚·
672 2036 718 2074 aut
730 2026 752 2074 si
765 2024 818 2074 hoc
830 2027 879 2091 sit,
890 2037 947 2075 tum
963 2025 1096 2094 adjectum

601 2100 701 2170 aliquid
713 2097 819 2152 ¹videus:
833 2102 868 2151 ad
875 2119 981 2172 pacem,
993 2103 1029 2153 ad
1039 2122 1096 2154 mo-

601 2180 708 2232 destiam
720 2191 768 2231 etc.
782 2181 921 2248 Atqueita
930 2182 1011 2231 etism
1022 2183 1050 2232 in
1062 2183 1094 2232 iis

601 2260 665 2328 ipsis
676 2258 749 2308 'iocis
767 2256 809 2321 fit,
829 2274 886 2326 quae
901 2256 929 2308 h.
941 2258 964 2308 Ἰ.
989 2277 1005 2310 a
1026 2261 1096 2310 Bur-

600 2353 699 2388 manno
708 2334 866 2388 'laudantun
882 2336 1031 2388 Dicendum
1046 2341 1096 2390 ita-

602 2435 667 2487 que,
680 2428 726 2468 aut
736 2416 844 2485 poetbm
852 2414 878 2465 b.
886 2415 910 2465 Ἰ.
923 2419 1096 2486 compositum

601 2514 671 2547 novo
695 2495 814 2565 exemplo
834 2493 999 2562 adhibuisse,
1020 2510 1049 2547 ut
1069 2510 1099 2548 et

601 2594 660 2628 voc.
673 2575 816 2646 quiescere,
833 2571 896 2643 pro',
913 2577 994 2626 vitam
1008 2579 1097 2646 quiete

603 2658 720 2726 exigere3
732 2655 847 2724 quiescit
854 2655 926 2706 rebus
935 2652 1096 2724 compositis,

604 2735 724 2804 adeoque
746 2735 846 2802 etipse
869 2734 1037 2803 compositio,-
1051 2747 1098 2787 aut

596 2811 765 2866 *manendum
783 2814 913 2882 inpriore
930 2813 1096 2884 significatu:

604 2907 634 2944 ut
646 2911 662 2944 a
673 2895 775 2943 Venere
787 2891 971 2959 interpositum
980 2890 1033 2940 hoc
1044 2893 1097 2955 sit,

603 2969 823 3041 tranquillitatem
830 2969 959 3019 Antenori
969 2966 1004 3018 ed
1014 2981 1099 3019 extre·

603 3068 673 3102 mam
687 3065 771 3117 usque
789 3049 870 3098 vitam
889 3046 1037 3116 contigisse.
1058 3048 1099 3098 ita

602 3148 667 3203 pace
679 3145 728 3198 pro
740 3137 834 3178 morte.

641 3204 1002 3274 250-253.Argumentatur
1008 3204 1098 3254 Venus

606 3287 640 3339 ab
652 3285 773 3355 exemplo
788 3283 875 3334 simili.¹
892 3283 990 3352 Magno
1010 3293 1100 3332 autem

606 3385 664 3417 cum
676 3363 787 3416 artificio
800 3378 827 3414 se
839 3364 925 3430 ipsam
939 3361 1005 3412 facit
1019 3378 1100 3412 unam

606 3464 636 3496 ex
648 3445 786 3512 Trojanis,
797 3441 974 3511 quiinjuriam
982 3441 1098 3492 tulerint:

605 3525 674 3587 Nos,
686 3534 730 3572 tua
739 3519 888 3592 propenies,
902 3519 996 3589 quibus
1004 3519 1101 3571 annuis

606 3621 692 3653 arcem
704 3598 763 3652 coeli
770 3600 843 3664 ,hri
855 3600 959 3661 coeium,
968 3601 1101 3669 promittis

606 3683 715 3733 AEneam
724 3692 907 3750 postmortem
915 3680 984 3729 inter
993 3678 1057 3730 deos
1067 3679 1102 3729 iri

606 3753 726 3812 relatum.
740 3759 774 3810 cf.
790 3775 881 3808 moxv.
893 3756 952 3826 259.
964 3755 1064 3810 callide
1075 3767 1102 3808 et

606 3838 736 3891 invidiose
745 3839 823 3889 etiam
831 3836 876 3888 iiia
886 3858 891 3885 :
906 3835 984 3886 unius
990 3835 1025 3885 ob
1034 3837 1100 3885 iram

607 3935 643 3969 sc.
656 3918 781 3976 sunonis,
797 3927 823 3966 et
835 3914 943 3965 novibus
954 3932 979 3962 a.
992 3930 1041 3982 pro
1051 3929 1102 3961 ne·

607 4002 679 4054 vium
688 4010 764 4072 parte
774 4010 800 4054 et
806 3997 958 4070 prodimur,
968 4013 1016 4068 per
1027 3995 1102 4046 irau-

909 4097 924 4150 7
