2724 4580
254 325 296 392 72
500 267 1045 367 nurnornrruaaours
1100 328 1105 338 ,

252 423 366 491 'Omnis
378 439 415 490 ut
426 439 536 489 tecum
546 427 670 494 meritis
683 448 747 514 pro
756 412 875 490 talibus
887 448 991 490 annos

252 534 378 618 Erigat,
393 548 425 595 et
437 531 574 618 pulchra
585 532 682 595 faciat
694 548 726 594 te
738 531 831 618 prole
843 547 1023 618 parentem.
1259 543 1292 604 7³

294 638 405 701 AEolus
418 636 489 702 haec
501 651 631 701 contra:
644 633 751 716 Tuus,
766 660 786 700 o
798 637 925 724 regina,
939 634 1021 724 quid
1033 650 1126 722 optes

186 777 188 786 .
250 743 427 829 Explorare
440 743 549 822 labor3
563 741 645 805 mihi
654 741 745 830 jussa
757 764 928 829 capessere
943 743 991 806 fas
1004 755 1062 804 est.

249 850 302 912 Tu
314 849 410 924 mihi,
425 847 658 937 quodcumque
671 830 735 912 hoc
747 849 853 934 regni,
867 863 903 910 tu
915 862 1043 934 sceptra
1054 845 1074 909 J
1076 865 1239 932 ovemque
1269 923 1273 932 Ι

248 955 409 1018 Concilias
419 978 427 1032 ;
439 969 475 1016 tu
489 952 546 1018 das
559 953 664 1039 epulis
676 951 874 1017 adcumbere
887 950 1014 1030 divom,

247 1059 510 1148 Nimborumque
523 1059 603 1123 facis
613 1073 911 1146 tempestatumque
923 1073 1103 1145 potentem.
1257 1065 1290 1114 ou

292 1167 371 1230 Haec
382 1165 442 1228 ubi
454 1164 556 1244 dicta,
568 1187 685 1228 cavum
697 1185 854 1228 conversa
865 1162 1002 1250 cuspide
1014 1177 1163 1227 montem

246 1350 271 1396 id
290 1350 340 1396 lieri
362 1364 446 1410 posse;
466 1349 507 1395 sed
525 1347 723 1410 pronuntiandum
739 1349 860 1411 connubjo,
872 1361 899 1395 ut
917 1351 964 1395 sint
987 1361 1033 1394 tres
1049 1347 1188 1412 syllabae-
1199 1344 1236 1408 75.
1243 1344 1289 1407 fa-

246 1423 291 1465 erut
300 1430 321 1468 te
329 1420 392 1483 prole
404 1420 493 1466 beatum
502 1422 575 1481 Bigot.
584 1444 616 1456 -
624 1421 660 1481 76.
668 1418 748 1466 AEolus
757 1436 769 1464 e
778 1421 855 1466 canno
864 1436 903 1466 sex
914 1437 951 1482 ap.
965 1423 1042 1466 Burro.
1053 1436 1065 1464 a
1074 1417 1169 1464 librario
1180 1415 1293 1469 barbaro,

247 1502 273 1535 ut
284 1491 332 1536 lere
345 1506 443 1551 semper.
456 1490 517 1553 quod
525 1488 632 1535 nonnulli
650 1507 678 1535 ex
692 1491 838 1545 Heineianis;
848 1493 902 1536 item
915 1508 944 1537 ex
959 1492 1079 1536 Pierianis.
1094 1488 1230 1550 quodoptas
1240 1486 1292 1530 dno.

246 1560 327 1605 Hamb.
342 1572 365 1604 et
377 1560 413 1604 ed.
425 1561 483 1606 Ven.
498 1557 562 1621 1472.
574 1572 599 1604 ut
612 1572 635 1605 et
646 1559 710 1605 alibi.
723 1586 753 1595 -
765 1577 802 1622 77.
817 1559 878 1606 labos
889 1560 978 1605 Zulich.
988 1584 1019 1597 -
1029 1559 1066 1620 78.
1078 1557 1233 1621 quodcumque
1245 1553 1289 1598 hic·

245 1646 265 1673 r.
285 1629 353 1674 Goth.
372 1645 408 1691 pr.
418 1644 498 1692 -.79..
507 1627 605 1676 Concilio
617 1631 682 1674 Rom.
693 1656 723 1665 -
733 1630 763 1676 8ο
778 1639 894 1692 parentem
910 1630 991 1675 Hamb.
1008 1644 1057 1675 sec.

245 1796 297 1848 que
306 1775 397 1827 dicolr'o
406 1814 415 1841 ‚
427 1777 454 1827 h.
464 1797 485 1828 e.
497 1778 568 1828 dabo
577 1778 740 1849 simpliciter,

246 1858 281 1908 ad
289 1870 411 1908 ornatum
419 1871 445 1908 et
455 1857 662 1908 declarationem
672 1859 741 1908 refer

243 1936 288 1988 mir
311 1935 442 1986 connubio
459 1937 579 2005 junpam.
605 1935 740 1986 aemulatus

243 2025 323 2085 poeta
336 2026 375 2064 est
392 2013 458 2063 illud
475 2011 544 2063 arira
561 2011 691 2079 ὁπυίίμιναι
702 2012 741 2064 nal

234 2089 282 2147 ,eir
301 2092 429 2143 κεκλῆσθαι
449 2091 543 2142 ἄκοιτιν.
558 2093 638 2142 Dicas
653 2095 740 2157 forte,

228 2155 295 2222 l'uss
312 2171 354 2239 74.
369 2171 410 2238 75.
424 2171 581 2222 sententiam
593 2173 673 2222 nimis
683 2190 742 2224 esse

242 2264 407 2324 protractam
420 2271 450 2302 ac
462 2251 613 2303 verbosam..
627 2251 662 2301 At
678 2270 740 2304 ora-

243 2333 313 2382 toria
325 2343 381 2384 arte
393 2343 512 2382 moratur
528 2332 598 2382 luno
614 2333 642 2381 in
661 2351 743 2400 expo·

242 2409 338 2462 nendis
350 2411 382 2459 iis
400 2407 458 2478 'quar
473 2411 527 2459 vim
546 2408 581 2459 ad
598 2408 668 2459 AEoli
680 2412 739 2460 ani-

242 2506 315 2538 mum
332 2487 432 2538 habere
450 2488 560 2556 possint.
574 2513 609 2524 -
622 2488 663 2554 74.
680 2489 740 2537 Om-

243 2583 286 2617 nes
300 2575 330 2615 ut
342 2575 433 2614 tecum.
453 2557 477 2616 »ir
490 2558 537 2614 aila
555 2559 642 2614 inno
658 2564 740 2628 tium

242 2642 332 2697 virne.

188 2772 191 2776 ,
279 2741 320 2792 77.
333 2720 494 2793 Explorare,
506 2735 578 2774 recte
591 2739 701 2776 secusne
711 2725 739 2777 id

242 2802 302 2866 fiat,
313 2802 386 2872 quod
396 2799 460 2852 velis
472 2800 538 2852 fieri.
548 2801 574 2852 h.
588 2822 610 2853 e.
624 2804 739 2856 Rectene

241 2881 297 2932 haec
317 2899 351 2932 an
368 2897 443 2931 secus
460 2899 476 2930 a
494 2899 536 2931 me
549 2881 688 2951 postules,
710 2894 739 2932 tn

242 2961 302 3030 ipsa
320 2959 425 3010 videris.
445 2960 585 3009 Pramunit
597 2961 739 3011 transitum

242 3038 278 3089 ad
285 3038 402 3108 Neptuni
410 3036 619 3108 indignationem
629 3037 662 3089 de
670 3038 738 3088 AEoli

243 3118 356 3170 audacia
378 3137 402 3168 v.
433 3117 481 3169 130
505 3135 562 3188 sqq.
588 3117 737 3188 Simplicius

241 3196 372 3249 Homerus
384 3197 460 3248 Iliad.
474 3197 502 3261 ξ,
526 3197 582 3265 195.
596 3197 675 3257 aare,
692 3195 737 3248 dn

242 3272 349 3342 φρονέεις,
366 3271 458 3326 niuea
473 3271 499 3325 n'
508 3294 539 3339 με
557 3269 633 3340 duple
648 3272 736 3340 airum,

241 3355 331 3406 Venus
345 3355 379 3405 ad
388 3356 534 3415 lunonem
544 3372 622 3424 quem
631 3373 737 3406 versum

242 3443 269 3485 et
284 3434 348 3486 alibi
368 3435 479 3503 repetit,
498 3446 528 3483 ut
539 3434 633 3505 Odyss.
651 3453 675 3497 r,
693 3436 734 3504 89.

241 3537 277 3552 -·
297 3511 339 3577 78.
364 3512 455 3562 Verba
478 3511 548 3563 hanc
578 3515 737 3563 sententiam

150 3586 153 3592 ’
240 3587 374 3639 fundunt:
388 3590 440 3638 tuis
452 3589 480 3639 in
492 3609 533 3640 ure
545 3589 639 3641 officiis
650 3591 736 3662 debeo

240 3679 327 3717 totum
334 3664 528 3718 hocventorum
535 3687 654 3739 regnum,
663 3669 736 3739 quod

241 3744 307 3795 mihi
330 3763 346 3796 a
363 3746 428 3796 Jove
447 3747 607 3817 impetrasti,
628 3751 692 3818 quin
710 3763 737 3802 et

242 3825 734 3894 ipsuminterdeorumordinesloeum;

242 3905 264 3955 is
277 3905 346 3954 enim
365 3903 518 3974 designatur
533 3907 643 3975 antiqua
661 3911 736 3978 poesi

218 3992 222 3998 ·
242 4000 290 4053 per
310 3981 399 4045 istud:
417 3981 503 4054 epulis
519 3985 670 4042 accumbere
689 3989 737 4046 Di·¹

791 1797 861 1828 uum.
879 1790 909 1829 ut
922 1777 955 1830 de
972 1795 1065 1828 somno
1077 1777 1184 1826 Homer.
1197 1773 1216 1823 l.
1229 1772 1247 1823 l.
1260 1789 1290 1822 v.

791 1857 838 1923 241
855 1855 1015 1924 εἰλαπινάζων.
1032 1846 1221 1908 Obsduriorern
1239 1851 1291 1902 ali·

791 1954 870 2006 quam
894 1936 1027 1998 fabulam,
1051 1952 1130 2004 quarn
1151 1932 1291 2002 antiquior

789 2013 1291 2086 poetahaudindocteinvenerat,sub-

790 2112 846 2154 esse
874 2113 982 2147 necesse
1004 2108 1042 2146 est
1061 2114 1068 2145 :
1095 2093 1196 2144 scilicet
1218 2093 1290 2142 anti-

791 2177 897 2244 quiores
911 2165 1013 2245 poetar,¹
1025 2176 1069 2244 qui
1083 2189 1183 2234 aerem,
1203 2182 1291 2221 atmo-

791 2254 921 2324 sphaeram
940 2273 988 2304 nos
1005 2253 1130 2316 dicimus,
1143 2269 1191 2320 per
1203 2251 1290 2302 luno-

789 2351 851 2384 nem
874 2334 1058 2396 declararunt,
1080 2333 1136 2400 ejus
1156 2327 1290 2381 beneficio

788 2411 893 2462 AEolum
910 2412 989 2462 deum
1003 2412 1103 2462 lactum
1117 2425 1239 2460 narrasse
1248 2409 1289 2457 vi·
1352 2407 1353 2416 ’

789 2487 902 2540 dentur:
921 2488 1139 2558 quandoquidem
1159 2505 1204 2538 aer
1224 2499 1290 2538 con·¹
1326 2493 1330 2508 '

789 2568 883 2618 citatus
898 2581 991 2619 ventos
1006 2580 1086 2620 creat.
1104 2565 1221 2617 Certavit
1238 2583 1287 2615 au·

787 2657 841 2695 tem
860 2644 940 2698 Maro
956 2665 1017 2698 cum
1033 2647 1151 2697 Homero
1165 2643 1240 2695 Iliad.
1254 2644 1286 2708 ξ,

790 2723 853 2789 238,
867 2726 916 2777 ubi
934 2728 1005 2778 luno
1029 2725 1129 2777 Somno
1147 2721 1226 2792 &pirus
1250 2724 1288 2774 al)

787 2802 908 2854 Vulcano
917 2805 1020 2856 affabre
1028 2802 1217 2856 fabricandum
1223 2820 1287 2872 pro·

786 2881 876 2931 mittit.
887 2882 973 2934 Gerda
985 2883 1022 2934 ita
1032 2881 1160 2944 illustrat,
1170 2892 1200 2930 ut
1211 2892 1287 2932 vete-

787 2977 828 3010 res
850 2958 1101 3028 dicatsseredidisse,
1120 2962 1148 3010 in
1170 2960 1287 3009 eronis

786 3051 918 3109 potestate
937 3058 1019 3111 regna
1037 3053 1063 3092 et
1081 3041 1192 3109 imperia
1209 3055 1284 3098 osse;

786 3139 880 3190 parurn
891 3121 1041 3173 commode.
1053 3149 1087 3160 -
1098 3120 1188 3171 Verba
1199 3119 1285 3170 conei-

787 3197 846 3263 lias,
855 3199 900 3252 das
906 3238 914 3264 ,
923 3217 972 3270 pro
981 3200 1128 3270 praeteritis.
1138 3195 1284 3248 Concilium

787 3278 821 3328 ad
839 3278 918 3348 plura
936 3281 1058 3330 refertur.
1070 3279 1178 3340 Jovem,
1190 3279 1286 3347 propi·

785 3361 852 3408 tium
885 3358 1038 3433 reddendp,
1067 3356 1285 3409 benevolentiam

785 3440 841 3505 ejus
850 3456 1011 3510 reqnumquc
1021 3439 1055 3490 ab
1063 3455 1094 3488 eo
1103 3436 1283 3507 impetrando.

820 3517 942 3568 81-83.
956 3519 1017 3568 Haeo
1029 3515 1122 3567 eadem
1135 3534 1177 3585 ap.
1194 3515 1283 3581 Quin-

784 3606 841 3646 tum
852 3595 869 3646 l.
887 3595 905 3645 l.
922 3596 996 3660 XIV,
1007 3613 1032 3644 v.
1050 3594 1102 3663 479
1118 3611 1176 3664 sqq.
1190 3594 1283 3645 AEolus

784 3672 861 3743 χιρσὶῃ
874 3674 914 3725 ὑπ’
926 3670 1080 3738 despaleneo
1095 3673 1139 3740 ἔρος
1146 3671 1213 3740 piper
1222 3673 1284 3742 τύψι

784 3755 869 3822 speleu
877 3782 911 3794 -
920 3753 963 3818 βίᾳ
975 3752 1000 3802 d'
1010 3750 1084 3821 ἓῤῥκξι
1092 3747 1194 3805 aaudiat.
1209 3753 1284 3822 (non

784 3832 853 3885 male
865 3832 1001 3901 epitheton
1020 3829 1116 3899 adjecit
1132 3844 1224 3882 noster
1236 3851 1283 3883 cu·

784 3927 846 3962 vum
865 3921 995 3973 montem,
1013 3921 1124 3980 propter
1143 3914 1285 3982 antrum.)

785 3991 820 4042 cf.
840 3989 892 4064 loc.
911 3987 969 4042 Val.
986 3988 1024 4042 Fl.
1043 3990 1069 4054 l,
1086 3988 1138 4046 608
1155 4004 1196 4060 sq.
1211 3988 1284 4042 Tum
