2656 4592
232 291 294 359 500

480 297 514 357 P.
539 295 772 360 VlRGlLll
795 297 1029 365 MARONIS

230 415 380 504 Adspicis
392 417 481 484 haec?
492 421 542 484 An
554 437 600 500 te,
616 423 759 510 genitor,
774 447 877 512 quum
891 425 1031 489 fulmina
1044 442 1197 515 torques,

229 525 462 615 Nequidquam
475 526 669 594 horremus?
680 531 825 620 caecique
839 532 872 594 in
885 532 1031 597 nubibus
1046 534 1145 621 ignes
1220 551 1222 556 ’

230 631 425 696 Terrificant
436 635 578 716 animos,
593 653 626 700 et
638 638 747 702 inania
760 661 929 702 murmura
941 640 1105 703 miscent?
1239 667 1276 696 m

229 739 378 818 Femina,
393 763 466 829 quae
480 743 601 806 nostris
615 765 727 808 errans
740 745 773 806 in
787 743 923 822 finibus,
939 744 1059 810 urbem
1124 765 1129 772 ·

229 845 387 932 Exiguam
400 848 507 933 pretio
520 850 646 936 posuit,
661 851 714 913 cui
726 850 804 913 litus
816 850 993 929 arandum,

229 951 357 1039 Cuique
370 951 435 1016 loci
447 953 535 1040 leges
549 953 717 1033 dedimus,
732 955 897 1019 connubia
911 973 1023 1018 nostra

229 1057 400 1144 Reppulit,
413 1082 450 1123 ac
464 1058 638 1123 dominum
652 1064 775 1124 AEnean
789 1063 822 1124 in
835 1085 935 1148 regna
949 1063 1089 1150 recepit.

229 1163 271 1226 Et
284 1186 372 1227 nunc
384 1164 440 1226 ille
453 1165 557 1244 Paris,
571 1188 647 1229 cum
660 1167 814 1230 semiviro
827 1167 1000 1244 comitatu,

231 1271 373 1334 Maeonia
386 1287 536 1334 mentum
548 1273 660 1350 mitra,
675 1277 867 1362 crinemque
879 1272 1074 1338 madentem

229 1475 232 1479 ·
261 1457 312 1502 208.
323 1459 422 1518 Respicis
434 1455 456 1500 li.
469 1457 550 1502 Franc.
563 1458 654 1522 Aspicis
666 1457 706 1505 hoc
717 1459 816 1506 Dorvill.
829 1458 877 1504 ltaec
884 1463 983 1524 partitor,
1000 1475 1031 1504 ou
1040 1475 1096 1504 cum
1107 1467 1149 1504 tua
1160 1461 1240 1505 Vener.
1252 1476 1276 1502 n«

228 1543 265 1572 πω
273 1526 348 1574 velue
359 1543 412 1573 mss.
425 1529 486 1574 Pier.
499 1539 604 1592 torquem
614 1531 702 1576 Medic.
714 1543 736 1576 et
748 1531 855 1577 Leidens.
867 1555 899 1567 —
912 1546 964 1592 ²⁰9·
977 1547 1069 1576 oremus
1079 1531 1274 1577 noritis-210.

229 1600 334 1642 immunia
345 1614 374 1641 m.
385 1596 484 1643 Dorrill.
494 1625 525 1634 -
536 1615 589 1644 212.
600 1602 715 1665 Err'quum
724 1601 810 1647 Medic.
822 1619 834 1647 a
846 1618 876 1646 m.
891 1618 927 1663 pr.
942 1605 1020 1664 posuit
1026 1605 1102 1664 pretio
1113 1618 1150 1662 pr.
1162 1602 1275 1660 limburg.

223 1693 260 1710 .-
271 1668 322 1714 21¹3.
334 1669 377 1714 Cui
386 1668 443 1732 tuqus
451 1671 596 1735 dedimusque
606 1671 649 1718 ioci
657 1673 722 1720 Leid.
732 1685 755 1720 et
762 1675 854 1734 liugen.
865 1672 919 1720 locis
926 1673 999 1718 Wall.
1008 1699 1041 1708 —
1051 1673 1106 1729 aod.
1117 1671 1212 1735 Depuli't
1221 1673 1275 1719 Leid.

228 1755 273 1802 pro
282 1756 330 1785 rar.
341 1739 410 1796 lecu,
423 1740 463 1786 sed
473 1740 572 1788 alterum
582 1759 633 1788 voc.
644 1746 764 1806 proprium
777 1760 782 1788 :
793 1761 816 1789 v.
826 1745 986 1789 Burmannus
996 1743 1079 1806 Sthep.
1090 1753 1114 1789 et
1121 1742 1193 1788 codd.
1203 1743 1277 1788 Servii.

163 1855 171 1874 ‹
227 1811 325 1854 AEneam
334 1809 438 1873 aliquot,
448 1810 503 1856 hinc
513 1813 617 1860 Parrhas.
626 1815 722 1859 AEneum
732 1818 804 1860 orsus
811 1829 879 1878 sequa
889 1831 908 1858 r.
918 1839 951 1850 -
961 1816 1014 1859 215.
1025 1815 1060 1858 At
1068 1828 1131 1858 nunc
1142 1813 1224 1858 llamb.
1234 1829 1277 1874 pr,

228 1879 305 1926 male:
322 1897 344 1926 v.
356 1883 570 1929 Burmann-216.
582 1887 616 1930 M.
629 1901 659 1930 m.
670 1886 740 1932 burda
749 1888 856 1944 Nunnius
865 1889 890 1932 in
900 1885 1020 1932 subustus.
1031 1887 1135 1931 Moeonis
1145 1884 1206 1929 male
1216 1883 1278 1945 vulgo

229 2035 356 2106 Maxyes,
377 2037 530 2089 Nomadum
551 2059 653 2110 genus,
674 2042 729 2092 sive

228 2115 374 2186 improprie
403 2118 490 2169 Mauri
515 2138 531 2170 a
558 2133 639 2190 poeta
664 2120 730 2171 dicti

229 2193 295 2264 (inf.
314 2196 366 2248 320
385 2197 552 2271 Nomades),
571 2202 625 2251 sive
645 2213 675 2251 ut
691 2201 730 2252 illi

230 2277 264 2327 ab
288 2279 364 2327 initio
389 2275 447 2328 illas
471 2288 555 2328 terras
578 2282 728 2348 tenuerint,

230 2375 296 2426 quas
307 2370 457 2426 temporum
470 2375 594 2410 successu
607 2358 728 2410 Numida

228 2449 410 2506 occuparunt;
425 2455 586 2507 quamquam
600 2451 625 2489 et
638 2438 667 2488 hi
680 2440 730 2489 ori·

228 2519 289 2588 gine
299 2517 387 2566 Mauri
397 2534 454 2567 esse
464 2529 585 2585 potuere.
595 2519 663 2569 Nam
675 2520 730 2570 Nu·

228 2595 729 2668 midarumnomen,nontamstirpem,

228 2691 310 2744 quam
319 2674 379 2723 vitae
389 2690 481 2742 genus,
492 2672 518 2722 h.
531 2694 553 2724 e.
565 2675 728 2741 Nomadum,

228 2753 366 2823 designat,
381 2749 503 2820 pluribus
517 2751 626 2803 diversae
638 2755 728 2823 stirpis

226 2830 495 2904 populiscommune:
506 2829 728 2904 libationemepu·

226 2915 259 2966 lis
276 2915 354 2965 factis
374 2911 413 2980 (v.
429 2914 454 2976 l,
468 2911 535 2981 728)
552 2915 661 2964 omnino
678 2933 728 2984 pro

227 2993 301 3046 cultu
318 3011 395 3045 sacro
410 3011 440 3043 ac
457 2992 585 3062 religione
601 2992 683 3066 dixit,
700 3007 729 3045 ut

226 3087 325 3145 poeta:
339 3074 400 3126 toris
407 3071 485 3144 pictis
496 3091 519 3122 v.
531 3089 590 3143 sup.
599 3073 620 3135 l,
630 3074 690 3141 708,
701 3075 729 3124 in

227 3153 308 3205 domo
321 3153 450 3215 Didonis,
469 3151 517 3202 ubi
534 3164 624 3202 tamen
636 3153 730 3204 melius

225 3235 316 3285 locum
334 3252 411 3285 suum
430 3233 499 3283 tueri
512 3231 636 3282 videntur
651 3250 731 3302 quam

227 3317 296 3364 inter
307 3313 386 3365 rudes
399 3314 517 3364 Mauros.
528 3312 648 3383 Adspicis
661 3313 732 3364 luc?

226 3392 371 3444 formulam
390 3391 526 3443 illustrant
547 3410 579 3443 ex
598 3391 674 3444 iliad.
696 3413 708 3444 u
719 3432 728 3458 ,

227 3473 287 3538 448.
309 3473 372 3523 coeoi
386 3471 457 3542 iqnes
476 3471 503 3521 h.
523 3469 541 3522 l.
568 3472 628 3542 plus
648 3491 729 3543 quam

227 3551 342 3617 occulti,
354 3553 450 3611 invisi3
463 3552 524 3616 sed,
537 3550 579 3603 rel
592 3555 637 3622 qui
652 3555 728 3619 vani,

226 3637 335 3696 inanes,
357 3644 434 3697 sunt,
455 3633 498 3684 vel
519 3635 565 3704 qui
584 3647 682 3685 temere
703 3649 728 3686 et

226 3713 338 3764 fortuito
355 3713 494 3777 feruntur,
508 3715 584 3782 quasi
596 3732 666 3764 caeco
678 3714 728 3766 im-

225 3809 299 3867 petu.
312 3791 383 3844 Male
397 3793 467 3844 Serv.
486 3806 513 3845 et
529 3793 574 3844 alii
590 3816 596 3843 z
614 3810 728 3862 quorum

227 3877 301 3945 origo
314 3887 340 3925 et
352 3874 420 3924 ratio
437 3884 592 3943 ignoratur:
610 3874 729 3925 tonitrua

227 3955 351 4017 miscent,
371 3951 398 4002 h.
418 3952 435 4001 l.
456 3950 584 4014 turbant,
606 3953 727 4019 animos,

228 4045 273 4083 aut
291 4035 384 4103 ignes,
405 4029 535 4106 fulmina,
555 4028 682 4097 miscent,
705 4050 726 4084 s.

780 2039 906 2110 adjuncta
917 2039 1033 2103 habent,
1047 2058 1068 2090 s.
1082 2038 1204 2100 faciunt,
1214 2051 1280 2084 mur-

779 2137 865 2172 muru.

817 2200 999 2250 211.Derev.
1014 2195 1164 2260 tib.1,365
1178 2213 1279 2265 sqq.-

780 2280 928 2346 212-214
952 2278 1015 2328 litus
1036 2277 1177 2328 arandum.
1202 2277 1277 2346 Argu-

778 2372 868 2410 tantur
887 2361 986 2429 intppr.
1007 2357 1054 2409 Est
1073 2355 1190 2408 litoralis
1207 2355 1277 2426 plaga

779 2452 804 2490 et
818 2457 880 2510 ager
898 2439 925 2488 in
945 2451 1015 2489 terra
1030 2438 1099 2486 mari
1110 2437 1217 2485 vicina:
1235 2433 1278 2483 loci

780 2519 846 2592 iopes
870 2519 1008 2577 dedimus,
1029 2519 1095 2585 juS,
1121 2517 1274 2586 imperium:

780 2599 900 2668 adeoque
914 2598 1003 2648 locum
1017 2593 1214 2666 possidendum
1226 2614 1232 2653 ;
1246 2593 1277 2640 ita

777 2667 877 2744 malim,
884 2677 1061 2748 quamlocum
1070 2675 1121 2725 sub
1130 2686 1205 2725 certa
1213 2673 1273 2742 lege:

778 2757 916 2808 dominum
927 2795 936 2821 ‚
949 2775 1003 2806 non
1016 2755 1164 2817 maritum,
1180 2765 1210 2803 ut
1222 2749 1276 2802 alibi

779 2854 861 2906 saepe,
890 2835 938 2886 sed
954 2834 998 2885 hic
1012 2834 1125 2885 multum
1138 2831 1276 2890 invidiose,

777 2917 937 2986 participem
965 2915 1069 2986 regni,
1102 2913 1170 2983 quin
1201 2910 1274 2961 solum

779 3015 866 3067 regem
887 3007 914 3046 et
934 2995 1073 3046 dominum
1092 3016 1099 3043 ε
1121 2993 1161 3042 sic
1180 3007 1275 3061 quoque

780 3077 956 3126 Burmannus.

818 3154 973 3208 215-218.
992 3153 1070 3204 Paris
1090 3151 1156 3210 ille;
1183 3151 1276 3202 doctius

780 3235 851 3286 forte
865 3253 945 3305 quam
958 3251 1008 3304 pro
1023 3232 1107 3284 larbae
1124 3231 1215 3282 Mauri
1229 3248 1278 3301 per·

781 3333 848 3366 sona
859 3335 866 3374 ;
879 3315 966 3365 mollis
978 3312 1024 3363 ille
1036 3312 1186 3380 Trojanus,
1200 3309 1277 3380 qualis

779 3396 851 3446 Paris
863 3393 935 3465 apud
943 3395 1050 3444 Homer.
1059 3391 1137 3442 lliad.
1149 3391 1233 3458 ιγ,39ι
1245 3407 1276 3458 sq.
1303 3435 1304 3439 ,

779 3486 825 3524 aut
840 3474 930 3544 potius
942 3471 969 3522 h.
987 3470 1005 3520 l.
1026 3482 1162 3540 quatenus
1176 3471 1277 3528 AEoeas,

778 3565 808 3602 ut
820 3553 887 3604 alter
904 3553 992 3612 Paris,
1012 3548 1058 3599 alii
1080 3550 1160 3618 quasi
1180 3560 1278 3619 pactam

778 3635 918 3706 conjugem
935 3630 1040 3701 eripuit.
1060 3627 1142 3680 sicet
1158 3630 1230 3681 Serv.
1249 3646 1278 3677 se

779 3713 874 3764 miviro
886 3712 983 3762 cconf.
1002 3709 1049 3760 inf.
1071 3709 1126 3773 IX,
1144 3710 1212 3777 617,
1232 3707 1279 3758 dio

779 3805 837 3844 tum
860 3793 981 3862 inprimis
1000 3802 1129 3860 respectu
1148 3806 1279 3840 sacrorum

778 3872 898 3945 Cybeles.
914 3871 1033 3922 Maronia
1042 3871 1218 3922 -subuixus
1231 3886 1279 3920 res·

778 3955 844 4025 picit
855 3951 995 4024 Phrygiam
1012 3953 1138 4015 mitram,
1157 3950 1185 4002 h.
1203 3970 1226 4001 e.
1242 3949 1278 4020 pi·

780 4031 849 4085 leram
868 4033 1025 4094 incurvum,
1045 4042 1076 4082 ut
1093 4033 1169 4085 Serv.
1187 4030 1279 4085 habet,
