2694 4574
158 343 223 408 nn
247 300 470 406 cannma
494 340 640 406 nrrco
662 340 968 409 vinourlno.
1046 345 1084 412 31

8 501 9 504 ¹
48 464 193 556 quidem,
205 469 232 531 si
246 466 317 556 ejus
323 465 488 555 judicium
498 481 531 529 et
542 465 736 552 elegantiam
749 483 837 530 recte
847 483 960 547 teneo,
970 490 1089 556 parum

46 573 213 660 probabile
230 571 372 637 videtur.
393 571 577 660 Sapientior
596 589 666 637 erat
683 590 795 660 poeta,
822 590 855 638 et
877 575 925 638 rei
950 576 1088 662 poeticae

46 679 292 767 intelligentior,
310 701 409 767 quam
424 678 571 742 uttalem
583 679 819 766 cogitationem
831 680 1023 744 inanimum
1035 678 1091 745 ad·
1165 751 1166 754 Ἴ

46 786 196 849 mitteret.
213 787 311 864 Nam,
328 765 653 872 praeterquamquod
666 787 775 848 AEneae
788 785 1009 850 characterem
1021 809 1090 850 uon

7 873 9 918 t
47 890 182 968 invenit,
202 868 318 954 sed‘ab
335 889 405 954 aliis
414 889 482 979 jam
496 888 653 953 traditum
662 891 806 977 accepit,
823 889 1088 977 circumspicien-
1133 944 1136 948 .

48 994 93 1059 dae
110 1012 203 1060 erant
217 1019 236 1059 a
250 1013 349 1084 poeta
366 996 503 1059 virtutes
522 997 632 1060 AEneae
649 994 827 1084 ejusmodi,
848 1017 921 1082 quae
940 996 973 1059 in
994 997 1090 1083 epico

48 1118 239 1188 argumento
248 1103 315 1165 vim
327 1118 359 1166 et
369 1101 582 1189 splendorem
592 1102 766 1182 haberent,
779 1117 811 1165 et
821 1102 998 1180 factorum,
1015 1125 1089 1189 quae

49 1206 353 1286 enarrandaerant,
376 1229 504 1272 caussas
520 1206 656 1272 idoneas
671 1205 931 1295 suppeditarent.
952 1206 1051 1288 Quod
1066 1209 1093 1271 si

48 1311 96 1374 illc
118 1312 269 1376 studium
289 1335 388 1377 suum
408 1335 535 1401 ponere
556 1315 715 1378 voluisset
736 1313 876 1378 maxime
898 1313 932 1375 in
954 1312 1032 1392 hoc,
1057 1329 1093 1376 ut

48 1419 160 1482 AEneas
182 1422 332 1506 Augusto
353 1419 602 1497 assimilaretur,
626 1418 848 1507 quam-multa
867 1434 900 1482 et
918 1442 1016 1508 qnam
1035 1441 1091 1506 pa·

47 1546 115 1586 rum
129 1542 362 1588 consentanea
389 1521 491 1612 epicae
517 1527 716 1605 narrationi,
744 1543 959 1614 argumento,
981 1527 1092 1614 operis
1174 1578 1177 1586 .

48 1627 239 1710 characteri,
259 1647 451 1717 temporum
468 1631 602 1710 rationi,
622 1631 772 1696 illaturus
792 1633 826 1694 in
843 1633 976 1696 carmen
995 1653 1093 1696 suum

47 1738 173 1803 fuisset!

86 1843 214 1908 Eadem
234 1843 305 1907 fere
320 1843 374 1906 via
389 1865 522 1918 carmen
544 1847 689 1907 πολιτικὴ
710 1840 883 1906 eonditum
897 1865 916 1904 a
932 1857 1031 1930 poeta
1044 1843 1093 1907 vi·

49 1973 118 2016 sum
128 1951 198 2040 jam
210 1950 290 2014 olim
303 1953 418 2014 eratR.
432 1950 518 2012 Patri
530 1949 692 2032 leBossu(
699 1953 740 2034 1),
752 1951 963 2014 utRomanos
973 1951 1093 2038 partim

48 2055 86 2120 ad
95 2053 368 2144 amplectendum
381 2071 413 2119 et
424 2053 639 2143 probandum
646 2071 843 2142 praesentem
850 2078 961 2119 rerum
973 2072 1095 2120 statum

47 2161 227 2240 adducere,
244 2161 365 2249 partim
378 2162 564 2248 Augustum
576 2157 619 2222 ad
632 2157 895 2223 moderationem
905 2182 943 2223 ac
956 2159 1095 2223 clemen·

46 2268 127 2332 tiam
145 2263 326 2345 adhortari,
348 2281 381 2330 et
396 2289 415 2328 a
436 2263 671 2329 dominationis
690 2261 828 2326 libidine
848 2278 881 2326 et
899 2263 1094 2351 impotentia
1149 2297 1154 2305 ·

48 2395 204 2438 revocare
219 2371 371 2436 voluerit.
390 2369 455 2436 Sed
467 2351 529 2434 nec
543 2369 622 2433 huic
634 2367 772 2438 consilio
785 2367 852 2432 ulla
865 2391 904 2431 ex
919 2385 1010 2456 parte
1025 2391 1095 2432 ress

48 2477 174 2566 pondet
197 2477 341 2542 AEneidis
360 2478 429 2541 sive
447 2490 694 2563 argumentum,
715 2475 784 2538 sive
796 2475 960 2554 tractatio,
980 2475 1092 2562 prolu-

50 2606 109 2670 gus
129 2605 170 2662 ex
185 2583 268 2647 urbe
281 2583 415 2648 incensa
426 2583 558 2674 ll'pneas,
578 2602 699 2644 novam
714 2577 828 2643 sedem
848 2581 979 2668 quaerit,
996 2581 1095 2644 armis

49 2690 117 2752 vim
129 2689 253 2762 illatam
265 2687 452 2776 propulsat,
466 2703 500 2771 et
512 2686 558 2750 sic
567 2708 683 2774 porro,
697 2683 778 2773 quid
790 2684 924 2750 tandem
936 2686 987 2750 his
998 2687 1094 2764 inest,

51 2795 142 2886 quod
160 2795 204 2860 ad
218 2794 404 2884 imperandi
416 2811 502 2860 artes
518 2816 556 2858 ac
574 2794 712 2858 virtutes
729 2795 878 2881 spectet?
899 2793 1031 2858 Fabulae
1049 2811 1096 2858 ta·
1195 2857 1199 2863 .

49 2925 126 2966 men
145 2902 334 2990 Virgilianae
353 2901 506 2964 universe
526 2901 647 2978 inesse,
676 2915 709 2962 et
729 2899 763 2962 in
782 2897 920 2985 singulis
941 2900 1095 2964 carminis

49 3009 212 3097 partibus,
222 3025 280 3073 aut
289 3008 384 3088 locis,
395 3006 592 3080 acrersibus
603 3028 775 3076 occurrere
788 3004 873 3085 talia,
886 3027 960 3093 quae
972 3007 1095 3094 priuci-

49 3113 149 3202 pibus
161 3138 221 3203 pro
230 3114 416 3180 salubribus
424 3109 829 3201 praeceptiscommendari
839 3111 981 3198 possint,
996 3134 1096 3175 nemo

50 3238 168 3309 neget,
184 3221 265 3309 quin
279 3221 377 3285 etiam
390 3220 476 3283 inter
484 3220 657 3298 utilitates,
671 3240 745 3306 quae
757 3233 930 3305 poetarum
942 3216 1095 3280 carmini-

47 3327 114 3391 bus
122 3326 302 3406 debentur,
314 3327 479 3415 praecipue
489 3325 554 3390 hoc
564 3321 892 3390 commemorandum
903 3337 961 3386 est.
970 3323 1095 3385 Verum

48 3457 122 3498 non
132 3451 306 3523 propterea
317 3432 383 3498 dici
392 3448 502 3520 potest
513 3451 551 3498 ac
564 3431 663 3496 debet
675 3455 682 3493 ε
696 3431 730 3493 in
745 3426 922 3494 condendo
938 3429 1094 3508 carmine,

49 3557 84 3604 et
98 3541 135 3602 in
147 3538 257 3603 fabula
270 3537 445 3626 deligenda
460 3555 493 3602 et
511 3536 709 3610 ordinanda,
725 3536 789 3599 tale
805 3551 1007 3622 praeceptum
1022 3557 1098 3622 pro-

47 3648 198 3735 positum
210 3663 317 3735 poetae
330 3647 445 3724 luisse,
457 3645 550 3735 cujus
561 3640 743 3732 explicandi
754 3663 866 3706 caussa
875 3642 1096 3706 narrationem

46 3751 249 3817 institueret.
262 3753 402 3816 Narrare
414 3750 469 3814 ille
480 3750 585 3816 voluit
601 3772 639 3814 ac
657 3746 773 3812 debuit
787 3763 858 3812 rem
876 3769 1041 3835 magnam,
1063 3764 1095 3810 et

84 3970 135 4044 (Ι)
149 3973 239 4026 Traite
245 3975 282 4024 du
295 3972 392 4024 Ροὲηιε
403 3973 500 4046 e‘pique
508 4010 517 4038 ‚
531 3955 592 4026 Libss
603 3973 629 4038 l,
642 3988 702 4042 cap.
719 3985 758 4020 11.
