2694 4574
246 280 288 361 rt
565 270 891 360 utsoursrrro
915 273 953 343 11

245 419 352 491 poetae
367 395 534 465 inventa'a
552 421 605 463 me
626 417 833 464 numeratum
857 417 905 465 est
922 402 976 488 (1).
995 401 1113 466 Miram
1133 403 1227 469 enim
1243 379 1284 471 ad
1336 415 1337 478 j

246 507 419 570 hominum
432 505 557 570 animos
571 505 638 569 vim
650 505 773 571 habent
789 507 973 571 futurarum
987 531 1097 572 rerum
1110 507 1288 576 denuntia·-

246 615 367 692 tiones,
390 629 422 677 et
443 637 482 677 ex
503 613 541 676 iis
560 630 706 678 eventus.
728 607 859 702 Quippe
879 639 916 679 ea
933 633 982 680 est
1000 605 1128 705 generis
1146 600 1286 684 humani
1336 661 1337 690 r

246 735 402 807 tanquam
427 717 643 796 imbecillitas,
669 735 725 796 ut,
751 719 926 798 silurum,
951 721 1077 786 etiamsi
1099 721 1237 788 obscure
1256 740 1287 788 et
1336 745 1337 755 ¹

246 823 415 912 ambigue,
429 835 461 886 et
473 823 559 886 nullo
572 821 786 906 cumfiuctu,
803 825 941 910 praevisa
952 842 984 888 et
1000 825 1156 913 praedicta
1173 826 1287 891 audias

246 950 339 1006 mus,
363 929 485 1017 majore
508 928 680 1022 miratione
701 930 843 993 contacti
862 929 962 994 simus
982 953 1114 1010 omnes,
1135 933 1286 1020 quamsi
1336 973 1337 986 κ

125 1085 127 1089 .
177 1105 180 1111 ,
247 1035 419 1124 praesentia
436 1035 521 1099 bene
541 1035 708 1113 constitui,
728 1035 909 1122 prudenter
923 1039 1007 1125 geri,
1028 1038 1210 1104 videamus
1231 1043 1287 1104 Est
1336 1067 1337 1090 r

247 1165 347 1230 porro
361 1140 697 1227 accommodatissima
715 1143 853 1228 poeticae
868 1144 928 1206 arti
948 1159 981 1206 et
1000 1145 1138 1208 orationi
1157 1146 1214 1210 illa
1235 1169 1286 1210 ex·
1336 1227 1337 1232 η

247 1248 403 1335 pensatio,
426 1270 525 1336 quam
536 1247 687 1311 vaticinia
701 1247 842 1325 faciunt,
863 1264 896 1311 et
913 1263 1018 1335 poetae
1035 1251 1186 1337 spiritum
1205 1251 1288 1316 nihil

248 1355 371 1443 majore
386 1377 461 1419 cum
477 1355 509 1415 vi
528 1351 667 1440 impellit
684 1369 717 1416 et
734 1351 927 1431 inflammat,
944 1377 1043 1442 quam
1054 1371 1166 1419 vatum
1178 1357 1286 1435 furor,
1336 1415 1337 1420 ,

250 1476 282 1524 et
299 1460 505 1524 oraculorum
520 1457 681 1544 ambages.
701 1456 851 1521 Tandem
865 1459 1019 1545 Virgilius
1035 1461 1077 1523 ea
1088 1476 1182 1524 astate
1201 1462 1288 1525 vive·
1336 1493 1337 1533 ς

248 1563 317 1644 bat,
332 1588 397 1654 qua
410 1581 498 1629 totus
510 1581 670 1628 terrarum
682 1563 770 1627 orbis
783 1565 867 1627 miro
883 1565 1111 1629 vaticiniorum
1127 1581 1161 1628 et
1175 1557 1288 1631 oraru*

248 1669 357 1734 lorum
368 1695 479 1735 amore
494 1669 690 1734 insaniebat:
708 1669 794 1734 conf.
808 1672 941 1756 Argum.
953 1671 1020 1734 Ecl.
1036 1673 1096 1733 lV:
1117 1671 1161 1734 ita
1176 1687 1215 1735 ut
1230 1673 1288 1736 ista

250 1775 462 1864 expediendae
472 1775 665 1840 narrationis
675 1776 775 1863 cpicae
786 1776 867 1840 ratio
878 1799 939 1863 pro
951 1775 1139 1840 felicissimo
1152 1777 1287 1842 invento

249 1883 349 1969 vulgo
366 1881 480 1944 haberi
496 1880 641 1945 deberet.
663 1882 721 1943 Est
738 1897 848 1944 tamen
863 1882 963 1944 etiam
980 1881 1043 1945 hoc
1063 1899 1289 1947 commentum

251 1989 296 2052 ita
314 2005 551 2076 comparatum,
577 2005 614 2052 ut
637 2009 794 2052 remmon
816 1990 1012 2076 excogitasse
1034 1988 1091 2053 sed
1114 1990 1288 2056 commode
1336 2021 1337 2072 q

175 2127 178 2132 ·
252 2094 395 2159 oblatam
412 2096 576 2182 sapienter
593 2095 627 2157 in
646 2081 731 2158 usus
743 2115 819 2157 suos
839 2095 1043 2159 convertisse
1058 2093 1222 2159 dicendus
1239 2097 1287 2159 sit.

251 2201 337 2264 Miro
360 2202 448 2265 enim
470 2201 617 2264 omnium
638 2202 834 2286 scriptorum
856 2222 1018 2264 consensu
1029 2197 1104 2265 ‘tota
1125 2198 1167 2264 de
1190 2203 1289 2266 AEnea
1336 2199 1337 2240 l

250 2307 392 2371 narratio
407 2329 467 2393 per
482 2305 646 2383 vaticinia,
665 2305 813 2382 oracula,
825 2307 964 2382 somnia,
980 2307 1114 2392 auguria
1129 2323 1162 2369 et
1181 2308 1289 2370 omina

252 2413 404 2499 exigitur,
430 2412 498 2475 sive
511 2400 585 2473 'hoc
605 2425 791 2495 poetarum,
816 2410 973 2498 aquibus
994 2411 1035 2474 ab
1056 2412 1149 2484 initio
1172 2434 1212 2475 ea
1231 2412 1289 2474 fuit
1336 2398 1337 2464 l

252 2533 399 2593 tractata,
416 2516 483 2578 sive
497 2515 708 2602 antiquorum
718 2514 905 2595 hominum,
917 2539 936 2578 a
949 2514 1067 2603 quibus
1082 2517 1207 2602 posteri
1221 2535 1289 2579 eam
1336 2525 1337 2554 ³

251 2636 467 2708 acceperunt,
494 2619 632 2705 ingeniis
659 2619 872 2684 tribuendum
898 2636 955 2683 est.
980 2621 1140 2708 Trojanos
1169 2634 1289 2684 sane'e

251 2724 404 2812 Phrygia,
420 2725 631 2809 auguriorum
644 2725 846 2813 omninoque
861 2725 1058 2788 vaticinandi
1072 2748 1109 2789 ac
1121 2725 1290 2790 divinandi
1336 2711 1337 2716 ἵ

251 2830 370 2894 artium
383 2829 475 2917 quasi
487 2844 588 2893 matre
599 2851 635 2894 ac
646 2829 733 2907 sede,
746 2828 907 2916 digressos
923 2830 1040 2892 multas
1053 2829 1151 2918 liujus
1164 2832 1290 2918 generis

252 2935 378 3000 fabulas
401 2935 435 2996 in
459 2935 616 3000 Graeciam
633 2951 671 2998 et
693 2935 818 2997 ltaliam
839 2951 1027 3021 apportasse
1052 2934 1224 3023 probabile
1239 2929 1288 2998 -fit

252 3044 365 3107 Fuisse
377 3043 474 3130 adea,
496 3043 552 3130 qui
570 3040 776 3128 disciplinam
793 3041 985 3126 auguralem
996 3062 1015 3102 e
1028 3040 1167 3127 Phrygia
1181 3041 1216 3102 in
1230 3042 1289 3103 lta·
1336 3051 1337 3090 t

252 3147 330 3211 liam
341 3149 469 3212 allatam
479 3147 656 3226 traderent,
671 3145 809 3208 eServio
820 3145 861 3207 ad
871 3144 927 3208 lib.
941 3147 1004 3223 Ill,
1018 3144 1081 3230 359
1097 3143 1221 3223 discas;
1234 3145 1290 3208 etsi

244 3255 442 3344 'Tyrrhenos
452 3255 521 3343 jam
536 3270 630 3330 antea
645 3252 813 3315 communi
828 3251 1042 3315 barbarorum
1059 3253 1289 3344 superstitione

255 3372 308 3424 eas
326 3376 411 3423 artes
432 3359 574 3448 tenuisse
600 3354 803 3421 credendum
823 3373 881 3420 est.
906 3357 1050 3422 Omnino
1073 3357 1163 3419 euim
1185 3357 1290 3444 prisco

253 3481 417 3551 tempora,
435 3480 612 3551 antequam
628 3476 752 3523 naturae
767 3460 917 3525 studium·
930 3461 1081 3526 subtilius
1098 3477 1131 3524 et
1150 3459 1291 3547 philoso-

253 3568 340 3657 phiae
354 3591 492 3634 acumen
512 3566 687 3643 increbuit,
708 3588 786 3651 gens
802 3567 864 3630 fuit
880 3567 986 3644 nulla,
1003 3587 1076 3654 quae
1092 3586 1160 3628 non
1174 3565 1290 3652 signifi-

249 3676 320 3741 cari
344 3676 472 3752 futura,
498 3688 530 3735 et
552 3694 571 3734 a
595 3669 791 3759 quibusdam
813 3673 950 3759 intelligi
966 3669 1173 3760 ¹praedicique
1196 3691 1288 3759 possa

289 3901 400 3977 (t)Sup.
411 3890 503 3969 Disqn.
517 3900 537 3950 Ι.
551 3917 570 3952 s.
584 3900 628 3955 IX,
640 3901 707 3953 XVI.
