2694 4574
286 287 1314 324 mmmmmmmmwwmummwmmmmowl

518 395 1000 612 nisoursrno
1037 480 1094 581 n

781 745 1035 804 nas

286 943 442 1022 annun
456 944 500 1006 iu
516 941 688 1010 anulus
702 895 1031 1016 rniurtrmun
1044 943 1312 1008 ruvnurioun

286 1171 428 1303 Quaen
449 1209 483 1271 in
499 1205 706 1270 inveniendis
725 1207 823 1271 rebus
846 1209 982 1272 omnino
1004 1207 1132 1296 Virgilii
1156 1209 1329 1296 ingenium*

285 1315 399 1393 fuerit,
416 1337 483 1378 non
498 1331 565 1377 tam
585 1310 767 1377 fecundum
781 1311 863 1376 illud
879 1314 912 1376 in
928 1314 1150 1404 excogitandis
1165 1316 1256 1380 novis
1273 1338 1314 1378 re-

285 1445 359 1486 rum
375 1408 649 1508 generibusjnec
661 1417 771 1482 'audax
789 1417 831 1482 ad
850 1419 1071 1508 suscipienda,
1094 1421 1148 1484 vel
1170 1418 1315 1485 tentanda

285 1531 443 1593 intentata
462 1527 503 1591 ab
522 1528 592 1592 aliis
612 1544 644 1589 et
667 1528 801 1605 intacta,
827 1543 883 1591 aut
906 1551 962 1606 ea,
990 1551 1132 1616 quorum
1156 1549 1331 1592 successus

285 1651 371 1700 esset
387 1633 508 1698 dubius
529 1649 562 1697 et
583 1633 743 1713 incertus;
764 1632 838 1712 sed,
860 1657 932 1722 quae
953 1656 1016 1698 nec
1034 1634 1144 1698 minor
1161 1634 1231 1726 laus
1252 1650 1313 1710 est,

249 1728 252 1734 ¹
283 1758 398 1804 natum
420 1755 452 1804 et
471 1740 594 1804 factum
615 1738 656 1803 ad
676 1740 808 1803 inventa
822 1740 970 1828 priorum
990 1739 1084 1803 rudia
1104 1756 1136 1802 et
1158 1739 1314 1826 inchoata,

284 1844 500 1934 perficienda,
523 1863 556 1908 et
570 1844 738 1931 polienda,
762 1843 993 1934 ornandaque3
1013 1869 1111 1934 quam
1125 1843 1315 1910 admirabilis

284 1973 384 2040 porro
406 1973 443 2015 ac
465 1950 542 2014 felix
561 1949 696 2029 fabulae,
717 1973 815 2040 quam
837 1949 899 2014 sibi
922 1951 1073 2016 carminis
1094 1966 1315 2038 argumentum

284 2057 376 2135 fecit,
393 2071 508 2120 natura
520 2057 574 2133 sit,
590 2074 622 2121 et
632 2061 794 2147 'quantum
809 2057 842 2120 in
857 2056 921 2121 hoc
936 2055 1058 2122 dilectu
1068 2055 1233 2148 judicium
1245 2055 1315 2118 emi·

284 2155 375 2239 neat,
396 2151 566 2250 superiore
581 2163 820 2251 Disquisitione
831 2162 1015 2250 expositum
1026 2178 1083 2227 est.
1097 2164 1222 2242 Restat,
1234 2159 1316 2250 quod

218 2285 220 2292 ·
284 2267 341 2331 illo
355 2267 429 2332 loco
443 2268 581 2357 polliciti
593 2289 720 2345 sumus,
735 2284 771 2332 ut
783 2267 896 2356 paucis
909 2266 1126 2352 declaremus,
1138 2265 1223 2331 unde
1228 2282 1317 2352 poeto

274 2363 434 2458 fizdulam
445 2396 553 2446 suam,
566 2377 694 2462 ejusque
708 2388 777 2438 tam
790 2376 914 2461 copiose
925 2372 1118 2440 instruendae
1129 2370 1318 2439 atomaudoe

284 2485 459 2545 materiam
478 2483 658 2566 accepen't5
682 2498 718 2545 ut
745 2479 823 2548 inde
849 2482 967 2548 clarius
990 2499 1159 2572 appareat,
1196 2503 1268 2570 quae
1290 2496 1318 2543 et

287 2601 410 2674 quanta
426 2586 552 2649 inventi
571 2587 641 2651 laus
657 2603 764 2682 poetae
781 2587 913 2675 ingenio
933 2611 970 2652 ea
991 2588 1024 2650 in
1046 2611 1081 2652 re
1098 2587 1271 2663 debeatur,
1291 2601 1320 2648 et

287 2689 388 2779 q'uam
401 2690 550 2754 limatum
564 2710 597 2757 et
607 2692 728 2772 subtile
740 2693 810 2782 ejus
823 2695 923 2757 fuerit
930 2693 1093 2783 judicium
1104 2695 1138 2760 in
1149 2689 1319 2786 deligendo

287 2794 350 2859 sibi
365 2813 559 2883 argumento
575 2797 753 2886 ejusmodi,
771 2798 862 2887 quod
884 2800 1031 2886 ingentes
1053 2822 1164 2862 rerum
1183 2816 1216 2862 et
1237 2820 1321 2861 orna-

287 2918 476 2966 mentorum
493 2902 630 2968 haberet
646 2905 756 2992 copias
774 2905 817 2968 ab
837 2904 907 2968 aliis
919 2903 988 2992 jam
1006 2922 1133 2992 paratas
1152 2920 1185 2967 et
1205 2902 1321 2967 submi·

286 3008 453 3087 nistratas‚
476 3025 513 3071 ut
535 3007 685 3074 doctrina
706 3026 834 3074 tanturn
858 3027 890 3076 et
908 3009 1026 3098 judicii
1049 3010 1221 3098 sagacitate
1242 3029 1320 3095 opus

287 3129 372 3177 esset
385 3112 428 3177 ad
443 3113 601 3179 dilectum
614 3113 813 3179 faciendum.

331 3221 356 3281 l.
376 3218 489 3282 Solent
509 3218 578 3282 fere
597 3221 814 3307 Interpretari,
835 3237 995 3308 quantum
1014 3221 1174 3308 intelligo,
1200 3220 1320 3309 quique

285 3324 340 3386 alii
361 3322 422 3388 hac
444 3322 485 3387 de
505 3347 542 3387 re
560 3341 678 3412 agunt,
701 3326 746 3389 ita
768 3341 927 3404 statuere,
942 3342 980 3390 ut
992 3342 1123 3413 poetam
1137 3325 1258 3390 famam
1272 3323 1320 3385 ali-

286 3451 384 3516 quam
404 3428 577 3493 obscuram
595 3428 637 3494 de
659 3433 768 3493 AEneae
785 3431 818 3493 in
838 3431 963 3494 Italiam
982 3429 1125 3496 adventu
1146 3445 1320 3519 sequutum

286 3555 356 3597 esse
372 3532 490 3598 dicant.
507 3534 685 3598 Enimvero
698 3523 800 3612 exiis,
815 3558 888 3624 quae
899 3560 919 3600 a
930 3537 1088 3626 Dionysio
1102 3536 1206 3600 Halic.
1217 3533 1273 3598 lib.
1289 3534 1317 3606 1,

287 3643 328 3725 49
346 3660 394 3727 sq.
417 3638 457 3704 53
478 3663 526 3727 sq.
549 3661 589 3726 72
609 3639 1039 3725 (1),aStrabonelib.Xll,
1059 3665 1079 3706 a
1092 3640 1269 3705 Plutarcho
1288 3639 1319 3700 in

320 3829 358 3900 (1)
370 3830 487 3881 Omnino
498 3831 519 3878 is
529 3848 574 3895 ea,
588 3846 644 3899 quae
655 3829 687 3880 de
695 3831 780 3883 AEueae
830 3833 947 3886 studiose
961 3846 1001 3886 est
1011 3845 1187 3905 persequutus
1202 3829 1265 3883 inde
1275 3847 1288 3879 a
1298 3845 1320 3876 c.

286 3910 314 3960 in
330 3907 433 3960 ltaliam
448 3905 560 3958 atlt'cntn
572 3920 680 3960 narrata
692 3923 781 3978 erant,
829 3911 875 3978 453
890 3913 963 3983 quod
974 3915 1031 3985 ipse
1038 3913 1178 3986 profitetur
1188 3913 1222 3965 ab
1232 3910 1320 3962 initio:
