2742 4586
197 217 200 222 ⁵
252 271 317 357 „a
496 237 499 242 ’
599 263 946 339 ΕΧουΒευει“

159 395 161 399 ’
248 386 395 438 adductum
403 387 453 451 ait,
466 387 530 455 quia
539 385 602 435 odio
612 385 712 456 Ulyssis
722 384 867 455 reliquerat
875 387 995 450 classem;
1004 385 1135 442 dilucidet
1144 389 1197 444 hoc
1207 392 1298 446 Philo*

247 477 346 547 stratus
356 467 461 518 Heroic.
476 467 500 517 8.
516 483 641 532 narrans,
653 465 879 537 Agamemnonem
896 468 1051 520 insidiatum
1063 472 1153 539 Ajaci,
1173 475 1217 524 cui
1228 473 1296 524 cass
1365 523 1366 526 ,

247 545 373 598 sandram
381 546 528 614 eripuerat,
541 545 610 598 falso
621 546 731 598 crimine
741 547 892 616 opprimere
902 547 1017 601 voluisse
1025 568 1099 616 eum,
1108 568 1190 621 quem
1198 553 1296 620 injuria

247 643 264 680 a
275 644 303 678 se
316 627 444 679 affectum
454 625 504 677 sibi
515 627 595 678 irasci
607 638 694 678 norat.

698 809 840 822 m
889 809 897 816 '¹

546 947 915 1040 EXCURSUS
950 955 984 1038 Ι.

603 1123 922 1190 remmmmm

248 1279 252 1289 ’
279 1291 304 1354 l,
313 1288 355 1341 51.
365 1285 405 1338 52.
418 1285 561 1349 Ventorum
571 1282 720 1353 inputriam
727 1321 736 1347 ,
750 1281 807 1334 loca
812 1283 872 1353 feta
879 1283 1033 1354 furentibus
1041 1286 1149 1350 austris,
1160 1283 1294 1353 AEcliamj

242 1372 272 1422 in
284 1368 398 1420 insulam
407 1365 534 1429 AEoliam‚
547 1364 620 1414 venit
630 1365 740 1428 AEneas,
752 1362 779 1414 h.
794 1383 817 1414 e.
828 1382 909 1415 unam
922 1383 953 1416 ex
964 1364 1070 1436 AEoliis‚
1085 1385 1150 1436 quas
1162 1381 1188 1418 et
1195 1369 1296 1421 Vulcae
1365 1373 1366 1376 ’

239 1452 301 1501 nias
311 1461 337 1501 et
349 1449 480 1518 Liparaeas
494 1444 638 1515 appellant.
655 1445 742 1495 Unam
754 1442 873 1495 AEoliam
885 1457 1015 1496 memorat
1035 1446 1161 1518 Virgilius
1181 1449 1294 1500 Homeri
1365 1471 1366 1474 ¹

241 1528 364 1598 exemplo
376 1526 470 1597 Odyss.
485 1536 510 1584 κ’,
524 1542 564 1594 pr.
579 1523 705 1593 adquam
719 1522 834 1574 obseura
846 1521 879 1574 de
891 1521 933 1574 his
952 1523 1019 1574 locis
1035 1524 1107 1575 fama
1121 1539 1293 1595 pervenerat.-

241 1606 411 1677 Complures
428 1617 454 1655 et
470 1621 541 1656 nunc
559 1603 611 1653 sint
628 1613 654 1652 et
673 1602 737 1652 olim
753 1603 872 1652 fuerint:
893 1614 995 1672 septem
1012 1614 1113 1654 veteres
1133 1597 1293 1664 nominant:

243 1705 366 1756 quaenam
376 1703 407 1737 ex
418 1687 450 1736 iis
465 1684 533 1735 AEoli
546 1682 622 1740 sedes
633 1700 664 1734 ae.
676 1683 749 1754 regia
759 1683 854 1746 fuerit,
867 1701 916 1734 nec
925 1686 1056 1736 Homerus
1065 1682 1228 1749 declaravit,
1241 1705 1295 1736 nec

241 1768 381 1838 Virgilius.
399 1766 429 1814 ln
441 1760 599 1835 Strongylen
616 1774 705 1814 tamen
724 1759 817 1831 (nunc
829 1762 986 1834 Stromboli)
1001 1765 1166 1816 consensisse
1185 1765 1297 1816 videtur

242 1847 404 1916 antiquitas:
418 1842 564 1906 Strab.V1‚
577 1861 603 1913 p.
618 1841 670 1907 424
682 1843 710 1892 Β.
724 1840 860 1911 Στρογγύλη
873 1872 907 1880 -
919 1835 1029 1896 {maffia
1035 1839 1103 1894 tiele
1111 1843 1190 1895 Αἴολον
1202 1844 1295 1894 siniret»
1365 1911 1366 1916 1

240 1927 323 1992 φασίν.
344 1925 405 1978 add.
427 1923 492 1974 Plin.
506 1923 556 1987 111,
569 1941 587 1992 9
605 1940 625 1972 s.
648 1922 686 1990 14.
700 1923 811 1986 Hieram
826 1936 913 1975 autem
926 1921 937 1991 (
951 1922 1068 1978 Volcano
1080 1942 1151 1974 nunc
1164 1923 1267 1974 dictam
1282 1927 1295 1991 )
1365 1917 1366 1920 Ἴ

242 2008 363 2060 Vulcano
382 2007 503 2078 plerique
523 2007 658 2076 assignant
664 2025 671 2066 ;
690 2004 738 2056 alii
750 2005 889 2076 Liparum:
903 2025 926 2056 v.
947 2005 982 2058 ad
995 2008 1053 2058 lun.
1068 2007 1142 2071 vm,
1155 2007 1217 2072 416.
1236 2008 1297 2057 Va-

241 2090 324 2141 riasse
333 2091 362 2140 in
374 2087 415 2139 his
427 2099 529 2138 veteres
541 2086 638 2136 mirum
649 2103 704 2136 non
717 2097 772 2150 est,
786 2105 845 2137 cum
859 2088 918 2157 ipsa
929 2085 976 2137 illa
987 2098 1096 2152 natura,
1110 2105 1126 2137 a
1136 2104 1191 2156 qua
1204 2086 1296 2138 ductae
1365 2139 1366 2142 ,

216 2169 219 2178 '
240 2169 339 2221 fabulae
352 2180 426 2231 sunt,
439 2167 560 2238 pluribus
574 2165 667 2217 insulis
680 2167 830 2216 communis
843 2168 892 2229 sit,
905 2167 959 2216 sive
972 2164 1136 2217 flammarum
1147 2185 1295 2236 erumpend
1365 2157 1366 2220 l

241 2253 320 2313 tium,
342 2251 396 2300 sive
419 2260 560 2300 ventorum
583 2247 818 2298 subterraneorum
837 2247 973 2297 fremitum
993 2248 1113 2318 cogites:
1133 2249 1174 2297 uti
1193 2260 1296 2317 praeter

239 2331 413 2393 Strabonem,
426 2330 575 2399 principem
589 2341 723 2379 auctorem
736 2327 768 2378 de
781 2327 822 2377 his
837 2327 929 2378 insulis
945 2328 980 2377 Vl
993 2346 1019 2398 p.
1034 2328 1084 2393 422
1098 2345 1153 2397 sq,
1167 2327 1295 2398 aliosque

179 2455 182 2462 .
238 2423 342 2462 veteres
360 2429 376 2461 a
388 2409 476 2460 Cerda
488 2407 560 2460 adh.
575 2406 592 2457 l.
606 2407 743 2476 Apollonii
755 2405 842 2457 Schol.
863 2407 912 2472 lv,
930 2407 992 2474 761.·
1007 2407 1055 2469 111,
1074 2406 1116 2471 41.
1135 2405 1236 2477 Spanh.
1256 2407 1295 2458 ad

237 2487 346 2540 Gallim.
360 2489 387 2537 in
399 2487 477 2538 Dian.
492 2486 535 2554 47.
549 2484 654 2536 Cluver.
668 2487 696 2535 in
709 2484 799 2536 Sicilia
812 2484 858 2535 lib.
872 2485 910 2549 ΙΙ,
924 2502 946 2535 c.
964 2485 995 2550 14
1008 2483 1146 2549 laudatos,
1162 2505 1177 2536 e
1194 2505 1294 2537 recen-
1365 2487 1366 2490 ’

236 2568 352 2619 tioribus
365 2568 485 2637 inprimis
497 2565 583 2616 Houel
596 2564 613 2630 (
622 2565 649 2618 V
646 2583 728 2636 oyage
738 2565 898 2636 pistoresque
914 2564 945 2614 de
960 2562 1055 2629 sicile,
1075 2565 1106 2620 de
1121 2563 1210 2616 Malte
1221 2567 1296 2616 etde

235 2649 331 2720 lipari
342 2649 372 2697 T.
386 2649 411 2714 1,
424 2667 446 2698 c.
460 2647 496 2696 XI
506 2647 529 2718 )‚
549 2646 700 2717 Strongyles
713 2658 886 2715 prospectum
904 2644 1025 2696 ediderat
1041 2644 1139 2696 lllustr.
1156 2647 1294 2697 Hamilto·
1365 2639 1366 2688 l

236 2747 287 2780 nus
301 2727 327 2780 in
342 2727 445 2798 Campis
457 2725 600 2796 Phleqroeis
616 2725 633 2792 (
648 2727 693 2780 To.
707 2725 801 2798 lnpt.
821 2725 853 2794 37
872 2726 891 2797 ).
911 2724 1048 2776 Videndus
1072 2726 1105 2776 de
1126 2726 1178 2778 hac
1200 2728 1295 2780 insula
1365 2725 1366 2782 i

237 2825 346 2880 quoque
358 2809 436 2859 AEtna
448 2825 472 2857 v.
487 2807 534 2873 43]
551 2823 609 2876 sqq.
623 2807 659 2855 Ut
676 2818 763 2857 autem
773 2817 875 2856 veteres
885 2817 1030 2876 qventorum
1044 2817 1070 2856 et
1083 2805 1166 2871 AEoli,
1181 2809 1228 2876 qui
1242 2825 1293 2858 eos
1365 2841 1366 2844 =

236 2902 357 2959 regeret,
370 2886 460 2938 sedem
472 2885 521 2937 has
531 2884 648 2950 insulas,
661 2903 707 2936 seu
717 2904 799 2936 unam
808 2903 841 2936 ex
851 2884 920 2953 illis,
931 2887 1065 2950 facerent,
1076 2885 1205 2938 naturalis
1213 2886 1293 2940 haud

235 2967 318 3020 dubie
334 2985 381 3019 eos
393 2965 503 3018 adduxit
515 2964 637 3026 habitus;
652 2967 707 3016 sive
721 2977 814 3029 antra,
839 2983 896 3035 quae
916 2984 947 3016 ex
965 2965 1161 3035 antiquioribus
1178 2967 1292 3037 ignibus

236 3060 407 3119 supererant,
419 3047 504 3097 ventis
517 3044 696 3097 subterraneis
709 3048 816 3116 pervia,
834 3063 881 3096 seu
894 3045 967 3115 quod
984 3046 1153 3098 observatum
1168 3060 1243 3112 erat,
1257 3067 1293 3099 ex

233 3129 356 3179 fremitus
369 3127 474 3179 diversa
485 3127 603 3190 ratione,
616 3125 795 3196 flammaeque,
808 3127 928 3197 fuliginis
940 3139 966 3178 et
979 3126 1135 3191 afflationis,
1153 3131 1291 3196 praenosei

233 3226 313 3280 posse
328 3221 420 3260 ventos
433 3220 585 3278 surgentes;
600 3209 693 3270 etiam,
709 3209 767 3277 quis
783 3209 861 3258 tertio
881 3218 942 3278 post
955 3207 998 3258 die
1011 3209 1159 3276 spiraturus
1172 3209 1207 3258 sit
1221 3227 1291 3260 ven·
1365 3227 1366 3262 ἐ

234 3301 277 3340 tus
289 3310 295 3339 ι
307 3288 360 3338 vid.
374 3287 497 3338 Strabon.
510 3289 561 3350 vl,
574 3306 602 3357 p,
616 3287 667 3353 423
684 3285 757 3357 qu.
780 3289 789 3353 (
803 3287 883 3359 276).
905 3287 1003 3337 Plinius
1023 3286 1041 3337 l.
1059 3305 1081 3337 c.
1103 3285 1245 3358 Strongyle
1259 3288 1293 3338 irc
1365 3317 1366 3320 =

234 3385 287 3440 qua
300 3366 419 3438 regnavit
432 3364 538 3426 AEolus;
558 3383 617 3440 quet
629 3387 645 3415 a
657 3367 756 3437 Lipara
769 3364 910 3437 liquidiore
919 3366 1035 3442 flamma
1056 3375 1160 3415 tuntum
1174 3366 1289 3436 disserte

233 3445 434 3516 ecujusfumo,
448 3446 560 3516 quinam
570 3445 833 3520 staturisintventt',
854 3445 881 3496 in
898 3447 1015 3512 triduum
1026 3445 1167 3515 proedicere
1190 3443 1289 3494 incola·
1365 3479 1366 3482 =

233 3525 388 3584 traduntur,·
402 3525 471 3574 unite
483 3535 570 3576 ventos
580 3525 658 3576 AEolo
664 3525 781 3595 paruisse
788 3525 974 3576 existimatum.
985 3524 1055 3575 AEoli
1063 3535 1152 3575 autem
1160 3523 1287 3594 mythum

233 3604 287 3655 alio
297 3604 378 3653 modo
391 3607 496 3655 ornavit
506 3606 651 3669 Homerus,
664 3623 725 3655 cum
736 3605 807 3655 Anni
820 3607 947 3656 vertentis
959 3604 1080 3675 symbola
1092 3605 1119 3652 in
1131 3620 1194 3652 eum
1209 3614 1287 3654 tran-

232 3683 306 3735 stulit
318 3682 412 3756 Odyss.
427 3705 453 3745 a,
470 3701 499 3749 1,
513 3702 565 3754 quo
579 3697 635 3735 toto
648 3684 708 3737 loco
726 3699 882 3756 comparato
901 3685 1045 3756 intelliges,
1058 3683 1164 3734 AEolum
1176 3685 1289 3755 Virgilii

231 3765 292 3836 plus
304 3764 440 3838 dignitatis
457 3766 573 3831 haherc3
587 3769 666 3818 etiam
678 3769 705 3816 in
718 3766 784 3834 hoc,
798 3767 871 3837 quod
891 3777 972 3833 utres,
986 3766 1082 3836 quibus
1099 3766 1172 3815 venti
1192 3767 1284 3815 inclu-
1365 3771 1366 3832 ᾗ

232 3844 345 3909 duntur,
359 3846 468 3906 absunt;
483 3847 528 3915 qui
541 3847 643 3897 sanein
655 3849 802 3900 Homericis
814 3848 913 3898 fabulis
926 3848 1016 3898 locum
1028 3863 1105 3897 suum
1118 3857 1245 3911 tuentur,
1256 3848 1285 3896 in

230 3925 342 3996 Virgilio
355 3938 443 3992 autem
463 3925 577 3977 absurde
594 3929 674 3996 positi
690 3930 810 3980 fuissent.
831 3928 993 3998 Comparate
1011 3940 1100 3977 tamen
1113 3925 1206 3990 Quint.
1222 3925 1283 3976 Cal:
1365 3919 1366 3942 ³

231 4005 292 4060 loco
304 4006 379 4074 xlv,
391 4005 443 4074 474
456 4023 512 4078 sqq.
526 4006 673 4080 intelligere
683 4009 748 4064 mihi
760 4009 867 4076 videor,
879 4009 1012 4081 praeivisse
1025 4006 1136 4080 Virgilio
1150 4025 1183 4060 ex
1197 4007 1285 4080 cycli-
1365 3999 1366 4092 l
