2724 4580
220 283 278 346 118

459 283 493 345 r.
516 261 749 346 uiuerin-

764 269 997 346 Muuouts
1036 274 1039 278 ’

157 403 160 410 ’
215 401 260 466 Ut
272 401 407 467 reduces
420 403 465 466 illi
477 400 596 467 ludunt
607 399 819 467 stridentibus
831 401 904 480 alis,

125 566 129 571 .
215 509 257 573 Et
268 524 353 572 coetu
365 508 493 571 cinxere
504 508 631 594 polum,
645 523 826 595 cantusque
838 503 978 572 dedere:

216 609 313 678 Haud
323 611 416 675 aliter
427 633 621 700 puppesque
632 627 696 676 tuae
707 608 878 699 pubesque
891 625 1024 677 tuorum

214 717 279 780 Aut
290 732 421 802 portum
432 731 535 794 tenet,
548 731 604 780 aut
615 717 715 803 pleno
727 715 814 782 subit
826 715 908 780 ostia
918 715 1002 780 velo.

215 824 316 908 Perge
328 819 442 899 modo,
456 837 502 900 et,
516 843 580 910 qua
591 837 624 886 te
636 819 728 888 ducit
738 819 805 900 vis',
818 820 922 910 dirige
934 831 1092 908 gressum.

1202 724 1249 783 loe

215 987 306 1048 -398,
316 995 408 1032 utcoetu
423 987 507 1035 Mores.
521 1003 557 1049 pr·
569 1003 622 1034 am.
631 1004 667 1050 pr.
684 1004 706 1035 v.
722 988 765 1034 inl.
782 986 835 1045 486.
847 997 930 1034 coetum
945 986 1031 1032 Medic.
1044 984 1084 1031 sed
1100 1000 1123 1029 m
1133 995 1247 1031 notatum.
1295 1046 1298 1049 ᾖ

214 1060 303 1102 uinxere
317 1054 389 1102 solum
402 1056 462 1116 conj.
475 1058 552 1101 Burm.
563 1057 603 1103 sed
618 1075 640 1104 v.
652 1070 701 1104 not.
711 1085 742 1094 -
751 1059 803 1120 399.
814 1057 928 1122 pubesque
941 1065 984 1102 tuoe
997 1070 1127 1119 puppesque
1138 1057 1212 1116 Bigot.
1224 1055 1250 1098 vl

214 1127 292 1176 Burm.
301 1125 388 1182 -rloe
399 1136 477 1188 portus
486 1127 567 1172 Hsmb.
576 1143 612 1190 pr.
623 1153 655 1164 -·
664 1127 717 1186 lios.
726 1145 772 1193 quo
782 1137 802 1176 ts
811 1129 882 1178 Pierii
893 1128 997 1190 Iougob.
1007 1125 1108 1172 etmulti
1117 1141 1155 1186 ap.
1168 1127 1248 1170 Burni.

214 1286 317 1346 petere,
338 1276 429 1328 volatu
454 1293 485 1328 ex
507 1276 562 1329 altu
580 1275 705 1331 deorsum
753 1276 1005 1350 spissescentem
1021 1272 1130 1347 polum,
1144 1273 1249 1345 agmine
1316 1345 1321 1352 .

213 1357 300 1418 facto,
313 1355 400 1407 autad
410 1373 480 1418 eam,
492 1357 706 1428 petitametocu·
752 1361 825 1413 facto
844 1359 954 1430 cingunt
964 1354 975 1424 (
987 1355 1021 1406 ad
1034 1354 1170 1406 oculorum
1189 1371 1251 1403 scn-

213 1434 246 1488 lis
254 1435 396 1505 volatuque
405 1435 578 1505 designatum,
584 1437 639 1504 jem
645 1453 706 1507 pro·

213 1516 274 1584 pius
292 1515 368 1578 ferri,
388 1513 501 1584 ideoque
518 1534 576 1566 eam
597 1514 707 1587 despec-

213 1605 284 1654 tsre;
300 1607 327 1646 et
338 1612 408 1644 nunc
420 1594 511 1646 ludere
529 1595 604 1646 facto
620 1598 648 1647 in
666 1614 707 1646 or·

213 1670 478 1736 bemvolatu‚donec
486 1671 559 1724 humi
567 1674 708 1726 consident

214 1763 265 1802 aut·
276 1769 352 1802 amne
368 1763 527 1822 merguntur.
548 1750 652 1804 Scilicet
665 1771 707 1803 co-

193 1881 194 1887 ,
213 1830 349 1901 gitandum
359 1843 411 1892 est,
425 1850 521 1902 cygnos
534 1831 621 1883 adhuc
632 1846 705 1884 recto

212 1909 304 1959 volatu
325 1927 374 1978 per
395 1927 480 1960 aerem
499 1910 614 1979 fugisse,
635 1928 706 1961 nunc

214 1989 337 2040 deorsum
344 1990 407 2040 ferri
417 1985 506 2040 versus
515 2002 624 2052 terram,
644 1991 708 2042 litus

213 2083 279 2142 puta
291 2071 370 2121 maris
379 2070 421 2121 vel
433 2069 560 2136 fluminis,
574 2070 647 2140 quod
659 2090 706 2122 an-

212 2162 257 2202 tea
267 2150 420 2202 insederant
432 2171 438 2200 ε
458 2148 469 2218 (
480 2169 541 2202 nam
554 2150 604 2220 397
625 2161 655 2202 ut
666 2170 707 2203 re-

212 2229 287 2280 duces
302 2227 374 2300 illi)
395 2232 477 2301 Igitur
498 2229 553 2282 lraec
571 2233 639 2283 ratio
658 2252 708 2303 per

25 2343 27 2346 -
122 2363 129 2368 ,
213 2323 240 2357 se
253 2309 353 2376 optimu
367 2320 448 2372 esset,
462 2310 512 2359 nisi
527 2309 568 2372 id,
582 2308 616 2360 ad
633 2308 706 2379 quod

211 2403 272 2435 mox
289 2389 452 2457 comparatio
468 2388 637 2449 transfertur„
652 2388 706 2439 ulio

213 2463 336 2515 duceret:
356 2485 417 2516 narn
435 2484 459 2515 v.
480 2467 532 2531 400
550 2467 641 2523 classis
659 2478 707 2518 aut

209 2553 315 2612 portum
332 2553 401 2594 tenet
414 2541 425 2611 (
437 2545 510 2614 atqui
524 2543 644 2595 hocerat
656 2555 706 2598 terb

212 2637 253 2670 ras
271 2635 361 2690 capere
369 2624 387 2691 )
399 2634 447 2672 aut
461 2625 540 2692 pleno
557 2624 627 2676 subit
640 2625 705 2676 ostiu

212 2697 268 2748 velo
286 2697 375 2767 (hoc,
390 2702 562 2772 despectare)
576 2691 640 2754 Haec'
653 2706 704 2776 igi·

211 2789 255 2828 tur
271 2782 333 2831 satis
353 2780 489 2834 declarant
509 2795 616 2852 poetam
629 2784 706 2836 aliter

210 2857 266 2911 haec
278 2877 332 2912 non
349 2863 481 2930 accepisse
498 2879 594 2932 quam,
607 2881 704 2934 cygnos

212 2950 256 2988 aut
269 2957 360 3010 cape-rc
371 2956 516 3010 occupare,
530 2955 633 3005 tenere,
650 2954 705 2994 ter·

187 3033 267 3082 ¹rus,
295 3033 340 3071 aut
363 3040 407 3072 eas
430 3023 589 3092 despectare,
613 3023 703 3074 volatu

210 3095 333 3150 deorsum
349 3100 430 3152 facto.
452 3103 544 3171 Captus
551 3102 607 3168 jam
619 3100 704 3152 rideri

210 3175 288 3227 debet
314 3176 440 3246 adjecisse
468 3189 577 3250 ornatus
604 3180 703 3248 poetici

754 1459 824 1501 sum3
848 1451 878 1490 ut
897 1438 961 1493 alias
983 1436 1079 1489 coelum
1097 1433 1251 1485 subducunt

755 1521 838 1574 oculis
855 1521 882 1571 iri
900 1535 959 1570 aere
970 1515 1046 1586 visa)
1063 1511 1172 1585 polum,
1194 1531 1250 1564 coe-

755 1600 823 1662 lum,
839 1599 939 1658 aerem
958 1598 986 1650 iu
1001 1594 1073 1647 hunc
1090 1592 1138 1644 alis
1151 1592 1250 1651 sublati

754 1677 850 1728 ludunt
865 1673 981 1727 volendo
998 1674 1025 1726 in
1041 1671 1149 1734 orbem,
1161 1683 1191 1722 ut
1207 1687 1252 1722 so·-

754 1756 822 1819 lent‚
839 1756 881 1806 vel
898 1772 998 1825 gyrum.
1019 1754 1059 1802 lte
1076 1762 1141 1819 puto
1156 1751 1252 1802 omnis

755 1836 818 1886 satis
834 1833 970 1901 expedita,
983 1833 1010 1881 in
1029 1830 1124 1898 quibus
1141 1840 1168 1880 et
1185 1831 1252 1880 Bur-

756 1930 844 1964 mann.
858 1908 982 1961 haerebat.
997 1907 1050 1958 Cur
1062 1920 1149 1958 autem
1166 1925 1251 1978 augu-

755 1994 795 2043 rio
808 2013 822 2044 e
835 1991 923 2063 cygnis
936 1999 1126 2058 utaturpoeta‚
1139 1987 1251 2039 subtiles

755 2075 871 2126 rationes
893 2071 1009 2122 efferunt
1033 2069 1199 2136 interpretes.
1223 2084 1249 2116 v.

755 2152 826 2204 Seru
840 2161 866 2202 et
874 2147 969 2202 Cerds.
982 2149 1089 2197 Praestat
1102 2144 1153 2195 hoc
1167 2162 1250 2196 unum

754 2249 878 2293 monere,
892 2227 964 2298 quod
978 2228 1080 2298 Cygnus
1092 2224 1120 2274 iu
1131 2223 1255 2296 auguriis

754 2309 841 2360 nautis
850 2305 1010 2380 gratissimus
1021 2303 1074 2354 ales
1084 2322 1092 2351 .·
1104 2303 1185 2354 Hunc
1202 2320 1251 2372 ep·

754 2399 813 2440 tant
824 2405 937 2462 semper,
950 2383 1014 2457 quia
1028 2399 1165 2453 nunquam
1182 2399 1252 2432 mer·

751 2469 826 2540 gitur
837 2466 913 2518 undis
918 2487 927 2526 ,·
940 2464 1033 2517 laudat
1042 2479 1133 2514 versus
1145 2460 1252 2513 Servius

754 2541 1251 2614 ex'OpuSupu'rlp,MacriscilicetAEmi·

754 2627 791 2678 lii.
804 2624 815 2694 (
826 2643 850 2675 ν.
861 2622 991 2675 Brouclih.
1004 2621 1039 2674 ed
1045 2620 1143 2672 Tibull.
1152 2639 1178 2690 p.
1189 2619 1250 2689 275,

753 2723 785 2758 ex
800 2704 902 2756 Isidoro
914 2702 977 2767 XII,
999 2701 1047 2772 7.·)
1065 2701 1121 2753 Nec
1139 2717 1250 2772 prorsus

755 2784 854 2858 alienus
872 2802 888 2835 a
903 2783 1006 2834 Venere
1019 2781 1073 2832 ales
1085 2792 1125 2832 est
1137 2797 1249 2852 cygnus;
1288 2797 1293 2804 ’

753 2881 815 2914 nam
829 2875 855 2914 et
867 2881 946 2914 curru
958 2861 1047 2934 cygnis
1059 2861 1153 2928 juncto
1165 2862 1249 2912 fertur

752 2945 857 3008 Venus3
868 2954 898 2993 ut
913 2941 978 2993 alies
990 2940 1120 2992 columbis
1130 2953 1176 2991 aut
1188 2957 1251 3009 pas·

752 3021 863 3074 seribus.
882 3020 1014 3072 Dissident
1028 3029 1116 3070 autem
1133 3017 1214 3069 olores
1225 3028 1252 3070 ct

751 3099 850 3172 aquile
862 3111 971 3150 auctore
981 3097 1066 3149 Plinio
1075 3097 1113 3160 X,
1129 3097 1161 3166 74
1174 3115 1193 3147 s
1205 3095 1248 3165 95.

751 3180 786 3230 cf.
806 3178 899 3232 Cerdo.
920 3178 1015 3230 Athen.
1035 3177 1084 3241 lx,
1103 3195 1130 3252 p.
1152 3176 1203 3244 393
1223 3177 1248 3226 D

209 3271 315 3318 saussay
333 3256 392 3309 cunr
407 3259 433 3308 in
450 3276 481 3308 eo
499 3270 586 3309 essent
603 3269 633 3308 ut
648 3259 703 3326 jam
748 3256 856 3324 peges·
868 3253 916 3324 di(
932 3257 944 3308 ὅ
960 3255 1036 3312 κύκνος
1048 3257 1061 3328 )
1073 3253 1112 3306 rel
1123 3254 1158 3321 egi
1169 3251 1248 3319 ingl,

209 3347 350 3402 caperent,
360 3347 400 3399 et,
411 3347 513 3393 tantum
522 3353 576 3386 non
587 3347 701 3404 captam,

208 3420 305 3462 terram
320 3431 334 3463 e
345 3415 497 3485 propinquo
509 3415 700 3484 prospicerent

207 3491 374 3543 Conveniunt
392 3493 449 3558 lraec
469 3514 529 3548 cum
547 3496 703 3566 participio-

174 3622 180 3626 ,
205 3579 265 3621 rum
284 3589 334 3622 usu
351 3572 423 3640 apud
439 3587 539 3644 poetas.
556 3576 615 3625 Jam
627 3587 653 3626 et
669 3575 701 3638 ii,

207 3651 253 3718 qui
265 3647 438 3715 desolaberunt,
452 3664 478 3704 et
498 3655 531 3718 ii,
553 3655 598 3720 qui
611 3671 702 3704 conse·
730 3654 735 3668 '

207 3727 314 3795 derant,
337 3747 368 3780 ex
397 3741 468 3782 terra
496 3731 627 3783 evolando
652 3749 701 3802 per

207 3827 294 3861 serem
312 3808 427 3860 ludunt:
448 3811 547 3880 quippe
566 3823 638 3862 metu
657 3810 701 3863 de·

206 3885 293 3958 pulso„
306 3915 341 3926 -
352 3887 413 3957 397.
426 3886 591 3939 stridentibus
602 3885 651 3940 alis
663 3907 703 3940 cx-

206 3965 327 4035 quisitius
350 3983 430 4038 quam
448 3964 640 4040 clangentibus
666 3991 701 4010 -ι

751 3333 822 3392 edric
828 3334 909 3402 μάχης
914 3332 950 3402 μὲ
956 3330 1135 3404 spongeum.
1146 3333 1178 3392 Et
1185 3330 1250 3384 hinc

751 3435 793 3486 ap.
811 3417 955 3468 Homerum
968 3417 996 3467 iu
1009 3429 1152 3484 cygnorum
1168 3427 1250 3462 anse-

750 3513 841 3546 rumre
848 3509 952 3568 gentem
961 3497 1062 3547 irruens
1072 3489 1160 3560 equile
1169 3489 1251 3540 indu·

750 3576 832 3640 citur,
850 3576 955 3647 egregio
971 3591 995 3624 v.
1011 3590 1033 3622 c.
1052 3569 1111 3621 loco
1125 3565 1201 3618 Iliad.
1220 3587 1247 3628 ο,

750 3653 802 3722 690
823 3671 881 3724 sqq.
903 3683 937 3691 —-
955 3651 1015 3721 399.
1036 3649 1119 3700 Pulses
1139 3657 1247 3704 tuorum

750 3730 850 3784 dictum
861 3745 927 3803 putu
939 3743 968 3782 ut
981 3729 1055 3780 turbu
1065 3738 1179 3778 tuorum.
1199 3725 1248 3776 Os·
1333 3733 1336 3740 '

752 3810 788 3861 tia
801 3811 892 3879 docte,
905 3810 967 3866 h..1.
985 3819 1015 3860 ut
1032 3809 1069 3874 V,
1087 3807 1134 3860 281
1157 3803 1246 3857 aditus

751 3901 851 3960 portus.
895 3895 896 3900 ’
