2718 4598
400 324 461 386 in
485 319 684 390 LIBRUM
706 322 754 387 11.
1027 320 1090 412 329

52 444 178 515 Ulyssem
190 443 326 510 exhibent,
339 442 433 496 eodem
444 456 533 496 tamen
544 444 638 499 habitu
652 463 682 496 ac
694 457 784 516 gestu,
798 463 828 496 ac
840 445 862 494 si
875 444 941 496 alter
957 443 1090 512 adstaret,

54 542 118 573 cum
134 541 188 593 quo
199 523 332 575 contentio
345 534 392 574 est.
405 522 565 574 Diomedem
577 523 662 574 solum
673 522 821 576 Palladium
832 540 912 574 mauu
921 535 1052 574 tenentem
1064 534 1091 573 et

54 601 90 653 de
109 620 158 653 ara
176 601 340 654 desilientem
354 600 470 652 reddunt
481 621 588 673 gemmae
601 603 718 652 omnium
729 601 915 666 nobilissime,
928 601 1090 676 Dioscuridis

6 691 8 696 '
55 679 157 741 altera,
170 681 253 733 altera
271 681 374 732 Solonis
388 683 494 738 nomine
506 683 654 752 insignitaer
669 681 716 732 illa
732 684 759 732 in
773 699 837 752 gaza
847 681 927 732 Ducis
943 682 1092 733 Devonieu-

55 762 108 826 sis,
117 759 177 811 ,hac
190 763 217 811 in
230 761 308 811 domo
320 759 492 812 Strozziorum
505 774 645 813 asservata.
663 760 815 813 Successere
826 760 954 813 artificum
966 761 1092 813 temulan-

55 843 125 890 tium
138 844 299 905 certamina,
312 841 431 911 inprimis
441 842 468 892 in
477 837 619 906 Diomede,
633 844 706 910 cujus
714 842 815 912 generis
822 842 910 892 multa
918 852 978 891 sunt
984 859 1092 911 gemmae

55 937 166 969 summae
179 922 255 971 artis:
268 933 328 971 sunt
341 920 397 971 alie
410 920 443 971 ab
455 921 594 971 imitatrice
607 939 700 988 manu,
713 922 791 972 etiam
802 939 818 971 a
826 920 951 990 Lipperto
962 933 989 971 et
997 922 1090 972 Tassio

56 997 203 1068 expressae,
224 1017 288 1069 quas
310 999 354 1051 hic
373 1017 579 1050 commemorare
599 1017 706 1052 necesse
723 1018 777 1049 non
796 1011 842 1050 est.
859 999 994 1070 Agebatur
1013 1019 1029 1050 a
1051 1018 1093 1051 me

56 1091 165 1129 tantum
176 1078 242 1143 hoc,
254 1092 283 1130 ut
294 1078 460 1131 nobilitatem
470 1091 496 1130 et
508 1079 688 1131 celebritatem
706 1079 803 1130 fabulae
815 1078 985 1131 declararem.
1005 1081 1093 1129 Unum

58 1157 205 1226 attingam:
218 1156 412 1208 Commemorat
427 1167 517 1208 noster
537 1173 609 1208 coesos
629 1157 742 1208 custodes
760 1157 843 1208 orcis:
856 1159 949 1208 visitur
967 1169 1053 1208 autem
1064 1159 1093 1206 in
1111 1177 1113 1182 ’

58 1253 167 1305 gemma
184 1234 345 1286 Dioscuridis
359 1235 471 1304 aliisque
490 1248 651 1305 prostratum
663 1239 690 1286 in
707 1249 777 1288 terra
789 1241 817 1286 et'
826 1236 981 1287 obvolutum
997 1227 1093 1306 corpus

57 1312 68 1380 (
82 1315 110 1364 in
123 1333 177 1366 una
194 1334 298 1385 gemma
313 1317 398 1366 Musei
413 1315 530 1367 Florent.
549 1315 651 1366 nudum
665 1315 854 1386 conspicitur).
867 1314 1024 1366 Alcathoum
1037 1332 1093 1382 esse

57 1391 203 1461 probabile
214 1391 255 1456 fit,
269 1411 346 1462 quem
361 1409 456 1444 casum
474 1392 528 1444 edit
548 1393 662 1460 Quintus
674 1395 712 1458 X,
734 1393 792 1445 352.
807 1395 889 1443 Porro
908 1395 935 1443 in
953 1392 1095 1445 columella

60 1472 151 1522 adstat
162 1475 264 1546 signum
275 1473 366 1544 paullo
380 1474 532 1525 obscuriore
549 1476 651 1543 specie,
662 1473 741 1544 vulgo
754 1491 803 1542 pro
821 1475 941 1524 Minelva
955 1472 1093 1529 habitum,

59 1552 142 1600 etiam
155 1569 171 1601 a
182 1551 415 1613 Winolrelmann03
428 1571 498 1602 nunc
511 1552 623 1603 aliarum
632 1570 794 1622 gemmarum
806 1553 1003 1621 comparatione
1017 1548 1094 1600 intel-

60 1628 225 1694 lectantem,
237 1631 367 1701 Apollinis
380 1631 407 1682 id
420 1649 476 1682 esse
488 1629 614 1694 πολιούχου
627 1649 672 1682 seu
682 1628 1095 1700 nmpqicoTrojanorum.(Prodiit

60 1707 166 1758 interea
190 1710 325 1778 superiore
343 1727 412 1761 anno
432 1709 537 1780 elegans
554 1708 675 1760 collectio
702 1722 867 1780 ectyporum,
886 1727 935 1760 aere
958 1723 1094 1777 expresso-

62 1805 139 1850 rum,
152 1806 166 1838 c
178 1791 286 1858 gemmis
299 1789 445 1850 Palladium
460 1803 566 1860 raptum
577 1789 782 1860 exprimentibus
795 1807 855 1842 cum
867 1799 1004 1841 comment.
1020 1787 1094 1837 Gonr.

61 1864 193 1918 Levezow.
207 1869 217 1940 )
1081 1865 1084 1874 ’

331 2172 718 2313 ,EXCURSUS
752 2175 805 2260 V.

449 2347 503 2410 De
520 2345 709 2412 Laocoonte.

103 2502 142 2572 ll,
161 2522 217 2574 ¹99·
239 2505 291 2556 Hic
315 2503 393 2556 uliud
415 2508 498 2578 mnjus
518 2506 615 2558 miseris
635 2503 770 2576 multoque
789 2501 950 2554 tremendum
972 2501 1101 2575 Objicitur
1155 2511 1158 2523 “

66 2583 153 2654 magis
164 2593 242 2654 atque
254 2583 398 2654 improvida
407 2589 512 2654 pectoris
524 2585 625 2640 turbat:
638 2583 764 2633 Laocoon.
778 2581 901 2651 Sequitur
911 2580 983 2651 apud
994 2593 1100 2651 poetam

66 2665 146 2715 locus
157 2662 199 2713 vel
210 2664 317 2732 nuperis
330 2665 447 2714 virorum
458 2663 597 2716 doctorum
610 2662 833 2733 disputationibus
845 2661 1036 2726 nobilissimus,
1047 2673 1073 2712 et
1086 2679 1101 2712 a

68 2737 182 2814 Virgilio
195 2759 296 2794 summa
309 2762 367 2794 cum
381 2755 436 2795 arte
453 2757 595 2805 tractatus;
608 2761 688 2813 super
704 2761 757 2813 quo
776 2755 802 2794 et
819 2742 896 2793 nobis
915 2741 993 2792 liceat
1004 2741 1102 2810 partim
1122 2743 1124 2752 ’

70 2820 104 2873 de
117 2831 204 2891 poetae
215 2821 341 2884 inventis,
354 2831 400 2872 aut
411 2820 481 2874 unde
493 2823 538 2874 ille
549 2823 728 2875 narrationem
742 2823 850 2891 ejusque
863 2831 1017 2871 ornamenta
1029 2815 1103 2869 acce·

70 2901 155 2972 perit,
168 2899 264 2968 partim
280 2899 313 2950 de
328 2901 457 2952 Vaticano
477 2903 567 2952 similis
587 2902 734 2972 argumenti
754 2901 830 2970 siguo
849 2916 980 2968 quaerere,
1000 2913 1063 2946 uum
1079 2895 1103 2944 ei

71 2982 216 3051 quicquam
229 2997 288 3030 cum
299 2992 380 3048 poeta
391 2998 529 3032 commune
541 2983 583 3032 sit.
596 2981 648 3033 Sed
661 2981 695 3032 ad
706 2993 845 3050 utramque
858 2979 1029 3048 quaestionem
1041 2974 1103 3024 satis

71 3059 196 3128 expedita
211 3059 269 3108 fore
283 3057 387 3107 videtur
402 3061 553 3127 responsio,
566 3059 588 3109 si
602 3058 758 3125 viderimus,
772 3061 818 3129 qui
836 3057 881 3108 alii
899 3067 983 3127 poetae
1003 3064 1104 3103 veteres

70 3139 192 3193 fabulam
204 3136 237 3188 de
247 3138 398 3188 Laocoonte
410 3140 561 3201 tractarint,
576 3150 602 3188 et
614 3137 739 3190 ornarint.

107 3218 142 3268 Et
153 3218 267 3286 primum
280 3214 386 3285 quidem
406 3218 478 3267 varie
496 3218 604 3266 omnino
625 3216 689 3266 olim
706 3237 722 3268 a
741 3218 820 3268 variis
840 3215 1017 3266 narrationem
1036 3210 1106 3261 hano

73 3315 132 3354 esse
145 3305 298 3358 tractatam,
310 3293 352 3344 vel
369 3311 400 3344 ex
418 3295 560 3345 serioribus
580 3294 752 3364 scriptoribus
771 3293 955 3364 intelligimus,
977 3290 1022 3358 qui
1040 3287 1106 3339 nihil
1145 3315 1151 3328 ο

73 3373 150 3426 aliud
162 3374 255 3424 fecisse
267 3371 396 3442 putandi,
410 3391 488 3442 quam
501 3385 529 3424 ut
541 3375 690 3444 superiores
707 3385 827 3424 auctores
845 3383 891 3422 aut
906 3368 1035 3421 serviliter
1047 3368 1106 3418 imi-

74 3462 196 3514 tarentur
212 3463 258 3501 aut
277 3451 460 3502 exscriberem.
482 3452 623 3523 Exponunt
636 3463 724 3505 autem
735 3451 774 3502 illi
792 3451 971 3501 narrationem
987 3447 1020 3498 de
1041 3448 1109 3497 Lao-

74 3541 173 3581 coonte
185 3530 292 3597 copiose
304 3541 331 3580 et
342 3531 370 3580 in
381 3529 469 3580 multis
479 3529 588 3584 diverse.

112 3609 153 3656 lta
165 3607 237 3674 apud
248 3608 375 3673 ‚Quintum
391 3608 533 3661 Calabrum
547 3611 609 3675 XII,
630 3610 776 3677 388-409
792 3610 847 3677 jam
864 3620 935 3671 tum,
955 3624 1015 3657 cum
1031 3603 1109 3656 hasta

74 3701 245 3760 percusserat
258 3689 362 3759 Equum
373 3690 510 3755 Laocoon,
522 3689 636 3742 Palladis
655 3687 761 3741 numine
776 3701 846 3740 terra
864 3688 913 3738 sub
925 3688 979 3756 ejus
995 3685 1108 3756 pedibus
1153 3725 1154 3728 ο

75 3779 216 3835 movetur,
228 3769 298 3820 unde
316 3789 377 3821 eum
396 3773 535 3841 repentino
548 3783 647 3823 terrore
666 3773 806 3822 attonitum
825 3782 918 3839 stupor
930 3781 956 3820 et
970 3764 1116 3819 οἱοοοοοθοσίοι

76 3861 202 3918 occupat.
222 3849 284 3900 Mox
294 3862 398 3918 tamen,
410 3870 470 3902 cum
481 3852 570 3921 Equus
581 3869 605 3900 v.
619 3851 671 3918 436
683 3863 733 3902 etc.
746 3853 774 3903 in
785 3849 878 3902 urbem
894 3848 1049 3906 duceretur,
1065 3845 1109 3895 ille
1122 3913 1128 3920 ι

75 3948 135 3986 non
145 3927 246 3979 desistit
254 3929 356 3982 hortari
365 3944 391 3989 et
401 3932 527 3986 obtestari
536 3933 679 4000 Trojanos,
687 3945 717 3982 ut
729 3950 788 3984 eum
801 3931 998 3987 comburerent;
1014 3938 1069 3975 tum
1079 3940 1110 3973 ex

77 4005 168 4060 insula
179 4005 297 4078 Calydna
305 4010 424 4066 Minerva
435 4011 563 4068 dracones
575 4003 702 4081 advocet,
721 4013 782 4082 qui,
800 4010 918 4080 dilapsa,
932 4023 989 4075 quae
1009 4002 1109 4066 aderat,
