2690 4594
234 305 298 389 46⁶
593 289 858 357 axounsus
879 291 910 354 x

232 430 266 492 V,
276 444 301 497 9.
311 423 397 476 Multa
406 437 438 474 ex
447 417 489 470 bis
502 415 641 468 transcribi
656 427 782 486 possent,
796 415 848 466 nisi
857 411 993 466 brevitatis
1006 411 1130 466 studium
1149 415 1194 469 m'e
1210 429 1278 468 revo-

233 517 315 560 caret.
331 501 457 562 Omnium
475 495 574 548 fundus
592 496 643 546 fuit
660 493 770 547 Leschei
788 494 857 556 Ilias,
869 510 968 565 parva,
990 507 1125 564 quantum
1145 514 1180 548 ex
1197 497 1278 548 Procli

232 590 327 656 fragm.
347 580 473 652 intelligo.
495 578 536 631 lbi
554 574 603 627 sub
617 586 737 628 extrema
754 573 819 626 belli
837 587 958 646 tempora
978 575 1097 628 Helenus
1118 577 1155 629 ab
1175 578 1276 629 Achivis

233 676 327 735 captus
338 659 497 712 vaticinatur
512 656 621 723 Trojam
632 656 693 724 capi
711 672 766 704 non
782 670 860 724 posse
878 655 930 706 nisi
946 657 1080 706 arcessitis
1096 657 1225 708 Herculis
1241 675 1277 710 sa-

232 747 321 817 gittis,
334 756 400 812 quas
410 737 568 790 Philoctetes
578 735 708 786 servabat.
719 737 750 786 ln
759 734 882 788 Carmine
892 746 980 788 autem
989 735 1090 808 Cyprio
1101 756 1147 807 ap.
1160 737 1277 788 Proclum

232 825 348 878 Helenus
359 829 483 889 suscepta
492 838 508 872 a
516 815 611 868 Paride
623 819 792 888 nav'gatione
808 813 859 885 aql
875 813 920 870 rriir
930 814 1061 882 premieres
1073 817 1241 887 προθεσπίζει.
1250 819 1277 867 ln

232 923 265 957 eo
278 918 369 954 omnes
384 898 559 962 conveniunt,
571 907 601 947 nt
612 895 727 947 Helenus
739 893 884 967 prudentia
895 906 921 947 ct
932 896 1097 950 vaticinandi
1111 910 1171 949 arte
1182 897 1278 948 clarum

231 999 330 1034 nomen
345 977 459 1030 haheat:
485 972 624 1028 οἰωνοπόλων
643 973 679 1038 ἔχ’
690 970 779 1041 ἔρωτος
791 972 867 1026 lliad.
881 975 907 1042 ξ,
919 975 961 1044 76.
974 977 1009 1026 cf.
1022 975 1076 1027 hoc
1089 975 1163 1027 libro
1177 975 1230 1044 359
1240 993 1275 1044 sq.

232 1061 284 1129 433
295 1077 315 1110 s.
325 1056 393 1109 Vide
405 1052 497 1106 laudd.
513 1071 556 1123 ap.
568 1053 610 1104 Jo.
624 1051 764 1105 Schrader.
777 1052 927 1105 Emendatt.
940 1055 1015 1124 praef.
1029 1072 1058 1125 p.
1071 1054 1110 1104 Xl
1123 1073 1184 1124 sq,
1197 1055 1243 1105 ubi
1252 1056 1277 1103 in

230 1140 356 1211 Orphicis
368 1136 402 1187 de
414 1131 506 1205 Lapid.
520 1135 565 1197 xl,
579 1133 612 1184 50
625 1151 685 1184 eum
699 1136 726 1183 in
739 1133 886 1186 Palamedis
896 1135 999 1199 locum,
1009 1137 1066 1204 jam
1079 1148 1144 1187 ante
1156 1135 1277 1207 Tyrwhit-

233 1235 305 1285 tum,
318 1217 449 1290 sagaciter
457 1214 578 1266 restituit.
589 1213 717 1285 Virgilius
727 1213 768 1265 his
783 1213 922 1266 commode
932 1212 1000 1284 (etsi
1012 1215 1143 1267 adversus
1154 1216 1276 1286 temporis

231 1303 379 1361 rationem,
396 1313 460 1346 nam
481 1312 551 1345 anno
572 1292 679 1346 demum
696 1312 769 1345 nono
791 1313 808 1346 a
829 1295 910 1363 Trdja
928 1313 1022 1346 eversa
1039 1296 1188 1347 Hermione
1208 1295 1276 1346 nubit

231 1381 331 1454 Pyrrho
341 1376 435 1449 Odyss.
447 1376 464 1424 d
469 1393 510 1445 pr.
521 1373 567 1428 sed
576 1393 600 1426 v.
613 1376 660 1425 inf.
672 1375 706 1426 ad
717 1373 769 1427 613
782 1373 860 1446 sqq.)
871 1393 933 1426 usus
946 1389 986 1427 est
1003 1375 1038 1428 ad
1055 1375 1213 1447 episodium
1224 1395 1277 1427 sua·

231 1464 384 1526 vissimum,
396 1459 439 1510 cui
449 1457 585 1527 inprimis,
597 1457 688 1508 nescio
701 1455 766 1527 quid
781 1455 817 1507 ad
833 1457 959 1508 affectum
975 1458 1094 1523 faciens,
1109 1476 1143 1509 eo
1157 1457 1277 1509 conciliat

234 1539 307 1612 quod
324 1541 351 1589 in
368 1539 427 1607 ipso
440 1551 550 1586 escensu
566 1535 654 1586 AEneae
666 1531 867 1584 Andromachen
881 1535 991 1586 Hectori
1007 1534 1119 1606 inferias
1135 1535 1278 1607 facientem

232 1621 343 1674 inducit.
357 1645 392 1656 -
404 1613 552 1668 302—305.
567 1613 636 1665 Ante
647 1614 736 1664 arbem
750 1613 778 1664 in
788 1611 848 1665 luco
854 1613 922 1683 falsi
933 1615 1074 1667 Simoentis
1085 1615 1123 1666 ad
1131 1616 1232 1666 undam
1241 1613 1277 1664 Li-

234 1704 312 1756 lrahat
326 1697 410 1750 cineri
421 1694 605 1747 Andromache
616 1712 757 1766 manesque
776 1695 884 1744 vocabat
897 1696 1057 1746 Hectoreum
1073 1695 1110 1746 ad
1128 1695 1277 1746 tumulum:

233 1779 312 1834 viridi
330 1794 408 1849 quem
425 1773 520 1844 cespite
537 1774 663 1837 inanem,
682 1773 718 1822 Et
732 1771 851 1844 geminas
871 1790 987 1824 caussam
998 1771 1120 1825 lacrimis
1137 1784 1280 1826 sacraverat

232 1854 476 1914 aras.M0nendu1n
495 1852 583 1904 adbuc
594 1866 634 1904 est
645 1853 678 1904 de
691 1853 814 1904 Hectoris
824 1852 926 1904 tumulo
939 1853 973 1904 ab
984 1853 1176 1906 Andromache
1189 1853 1279 1906 adnm-

232 1941 309 1992 brato
323 1959 329 1986 ι
342 1935 500 1986 Hectoreum
518 1931 553 1982 ad
565 1929 706 1982 tumulum.
724 1930 918 2002 Cenotapbinm
930 1933 990 1983 fuit.
1003 1934 1088 1984 Verus
1101 1934 1225 1985 Hectoris
1243 1947 1280 1984 tu·

231 2017 318 2070 mulus
339 2014 424 2081 Trojae
442 2011 546 2062 fuerat:
568 2010 644 2078 ῥίμφα
665 2007 689 2062 di
708 2010 757 2075 οἴμ’
772 2010 856 2074 ὄχων,
873 2007 948 2061 lliad.
970 2031 1002 2072 o,
1020 2028 1081 2081 799
1094 2013 1177 2063 Extra
1189 2012 1278 2064 urbem

230 2101 327 2159 fuisse,
338 2112 369 2146 ex
389 2092 537 2143 imitatione
556 2089 750 2142 Andromacha
769 2089 843 2160 apud
853 2089 993 2160 Virgilium
1014 2090 1188 2162 intelligitur3
1201 2091 1279 2160 idque

232 2177 397 2232 declaratum
408 2170 531 2224 disertius
545 2189 561 2222 a
572 2171 649 2242 Dicty
658 2172 703 2233 lv,
720 2185 741 2219 1.
752 2170 856 2221 Interea
869 2166 1009 2238 sepelivere
1022 2185 1084 2218 eum
1095 2169 1169 2220 baad
1181 2167 1281 2240 longao
1321 2189 1322 2194 ¹

232 2255 335 2311 tumulo
345 2251 383 2304 Ilt‘
394 2252 460 2324 repis
471 2249 620 2323 quondam:
633 2266 712 2320 qnem
725 2259 785 2299 ante
796 2247 889 2298 urbem
897 2244 1012 2299 odviam
1024 2263 1116 2298 versus
1126 2245 1190 2298 litus
1200 2249 1280 2298 fuisse

232 2343 299 2406 satis.
308 2347 422 2399 constat,
436 2331 560 2401 (Theocr.
574 2325 644 2394 XVI,
656 2328 698 2399 75.
712 2329 733 2381 ir
746 2329 819 2395 aelio
833 2323 966 2392 anniterer,
982 2325 1024 2377 ihr
1036 2323 1124 2395 0va
1139 2328 1197 2395 ἥμισυ
1209 2321 1279 2394 qm)

233 2421 283 2473 etsi
302 2418 378 2469 locus
404 2429 482 2463 verus
504 2409 624 2460 nondum
643 2413 687 2461 est'
706 2419 835 2484 repertus.
858 2407 950 2458 Tzetza
970 2408 1103 2458 Homeric.
1123 2407 1185 2473 436·
1206 2408 1281 2466 ‚Mc

230 2493 321 2562 isignes
331 2490 370 2542 nai
383 2486 461 2543 niniae
473 2486 541 2554 μίγα
553 2489 622 2554 oripo
635 2485 729 2558 eierare
746 2485 781 2542 'Er
798 2485 898 2539 mirmur
915 2485 1043 2539 minem
1058 2486 1165 2555 amaipnr
1183 2491 1281 2556 'Europa
1320 2485 1321 2500 ¹

229 2576 287 2627 dior.
301 2575 331 2622 ln
341 2567 446 2620 Tabula
455 2567 537 2618 lliaca
546 2580 747 2620 monumentum
757 2579 796 2620 est
805 2567 926 2618 Hectoris
939 2567 1072 2631 effictum,
1086 2566 1135 2619 sed
1146 2567 1280 2639 lapidibus

232 2659 409 2709 exstructum,
428 2662 515 2714 neque
530 2657 735 2716 extemporanea
748 2646 840 2697 simile.
858 2645 963 2698 Miraris
982 2647 1011 2700 iu
1028 2664 1061 2698 eo
1078 2648 1186 2718 siguum
1198 2647 1280 2698 leonis

231 2732 383 2803 impositum
400 2737 528 2796 tanquam
543 2728 648 2778 virtutis
662 2727 830 2798 symbolum,
844 2725 1012 2796 quodetiam
1029 2729 1056 2779 in
1078 2745 1186 2799 gemma
1198 2728 1281 2778 Musei

231 2812 302 2864 Flor.
316 2805 389 2877 (vot.
403 2806 444 2868 ll,
458 2803 513 2856 tab.
527 2804 578 2874 32)
592 2825 732 2858 occurrere
742 2807 863 2872 memini,
873 2822 966 2877 pugna
975 2803 1087 2857 Achillis
1097 2822 1160 2856 cnm
1172 2805 1281 2858 Peutbe

231 2891 297 2943 silea
307 2887 341 2939 ad
351 2896 561 2945 monumentum,
573 2887 645 2937 ¹forte
654 2887 700 2953 lli,
710 2887 792 2955 facta.
804 2883 917 2935 Videtur
927 2887 985 2955 ipse
992 2885 1087 2935 Tzetza
1099 2885 1214 2936 innuere
1224 2886 1279 2952 489.
1319 2909 1320 2953 3

231 2953 299 3020 Kanai
314 2961 340 3017 di
351 2956 431 3016 iniria
446 2961 501 3014 neri
517 2962 606 3028 niuster
620 2961 755 3031 ἀγάλματα
770 2965 854 3017 Siras.
867 2964 979 3024 Sancum
994 2981 1063 3036 opus
1078 2965 1137 3034 ipse
1152 2965 1281 3016 Homerus

231 3049 322 3122 prodit
334 3068 367 3112 o,
380 3045 439 3114 798.
453 3043 501 3094 ubi
511 3045 629 3096 cinerem
641 3057 667 3096 et
686 3062 748 3097 ossa
762 3047 884 3097 Hectoris
894 3045 1016 3098 condunt
1029 3047 1057 3097 in
1074 3063 1159 3107 urna;
1173 3045 1245 3097 hanc
1256 3047 1281 3096 in

230 3128 340 3182 humum
352 3124 510 3177 demittunt:
524 3124 545 3177 ir
557 3121 737 3178 ariamirirrrror
749 3121 914 3195 hirundinei?
927 3123 1016 3194 inspic
1029 3124 1139 3178 noereio·
1148 3123 1233 3176 taison
1242 3145 1282 3174 aa·
1318 3137 1319 3142 ’

230 3205 364 3276 ascriptam
373 3201 510 3270 μηεὶλοισι,
518 3201 607 3270 ‘Pareo
615 3197 644 3254 di
651 3205 700 3270 αἷμ’
712 3203 819 3270 ἔχεαν-
825 3202 934 3270 χεύαντες
943 3201 968 3255 di
978 3199 1005 3255 ri
1013 3204 1080 3268 oilae
1091 3201 1163 3257 rainu
1177 3203 1283 3257 eior.Ce·

233 3303 318 3342 terum
330 3289 358 3338 in
367 3287 441 3356 Epiri
451 3285 528 3336 litore
540 3285 620 3338 talem
632 3283 753 3339 locorum
765 3288 892 3358 speciem,
903 3285 990 3357 qualis
1005 3285 1040 3337 ad
1051 3285 1131 3338 Ilium
1145 3300 1219 3347 crat,
1232 3287 1282 3338 ani·
1318 3281 1319 3303 ¹

224 3367 397 3420 'madvertere
411 3364 462 3415 sibi
471 3366 543 3415 visus
558 3378 614 3417 crat
623 3364 821 3418 Lechevalerius
836 3386 863 3437 p.
881 3365 929 3432 184
941 3365 975 3417 de
985 3365 1100 3417 Troade.
1114 3367 1221 3417 Notum
1232 3378 1282 3418 esti

234 3444 459 3518 quemadmodum
469 3446 496 3519 in
509 3445 639 3517 tragoedia
647 3447 726 3502 simili
735 3446 816 3498 modo
826 3445 992 3518 Choephorae
1000 3447 1101 3497 fuerint
1108 3447 1219 3498 exibita
1228 3465 1283 3498 cum

233 3525 267 3578 ab
279 3523 418 3594 AEschylo‚
431 3535 487 3574 tum
503 3523 703 3596 Chrysothemis
716 3527 826 3579 Electra
845 3545 921 3579 soror
939 3546 956 3578 a
967 3525 1111 3596 Sophocle.
1129 3527 1222 3578 Etiam
1232 3527 1284 3577 An·

234 3603 384 3656 dromacha
395 3606 479 3655 mirus
496 3607 523 3656 in
542 3606 686 3659 Ascanium
703 3608 833 3673 affectus,
846 3628 877 3660 ex
893 3607 1062 3679 Astyanactis
1075 3607 1182 3659 scilicet
1198 3625 1284 3659 recor-

234 3684 356 3750 datione,
366 3685 447 3754 por'ro
460 3684 620 3738 adumbrata
629 3687 657 3737 in
668 3704 739 3739 nova
748 3688 855 3740 colonia
865 3700 940 3740 vetus
953 3688 1052 3756 Troja‚
1066 3685 1165 3738 Heleni
1177 3685 1284 3738 tandem

234 3766 301 3816 vatis
314 3769 465 3833 responsa,
481 3763 537 3816 hac
557 3768 647 3818 omnia
657 3785 782 3839 magnam
797 3769 851 3819 vim
868 3767 903 3820 ad
919 3769 1039 3820 animum
1051 3765 1156 3819 habent
1167 3767 1285 3818 suaviter

235 3843 414 3897 afficiendum.
424 3844 548 3898 Ceterum
557 3848 591 3898 ad
603 3860 755 3900 nostrorum
767 3849 905 3900 hominum
917 3865 1010 3900 sensus
1023 3859 1051 3900 et
1062 3863 1152 3899 mores
1164 3847 1284 3898 fabulam

234 3923 304 3975 hanc
314 3923 464 3976 traductam
482 3942 539 3978 esse
552 3946 568 3979 a
581 3927 706 3995 Hacinio,
719 3932 793 4001 cujus
809 3928 998 3982 Andromacha
1010 3941 1101 3997 extat,
1119 3929 1164 3980 vix
1177 3943 1285 3980 mouere

235 4018 342 4054 necesse
355 4014 401 4056 est.
481 4047 484 4051 ,
540 4042 542 4047 .
