2718 4598
413 274 767 384 ADLIBRUMII.
896 283 912 302 ⁸
1046 279 1106 346 335

70 401 204 462 moravit,
217 394 290 467 quod
302 395 353 447 sibi
365 412 495 447 conrnune
505 409 573 448 esset
583 415 642 447 cnm
651 397 776 448 uxoribus
786 395 946 448 Achivorum
959 400 1030 469 apud
1041 403 1109 453 Tro-

67 480 128 546 jam
141 476 332 535 desidentium
346 475 444 546 quippe
458 480 515 544 quae
524 478 591 526 votis
603 477 779 545 precibusque
791 477 902 527 assiduis
912 477 1025 530 reditum
1034 485 1110 532 mari·

68 569 164 606 torum
183 566 342 624 expeterent.
356 554 420 620 Qnae
433 567 461 604 ut
473 567 547 605 tanto
563 557 646 626 magIs
661 555 696 605 ad
713 556 838 606 affectum
854 556 1013 607 movendum
1025 572 1111 611 essent

71 634 162 697 dicta,
172 633 312 684 mulierum
326 633 452 697 istarum,
465 635 564 703 quippe
581 649 646 702 quas
663 633 726 682 olim
739 632 882 684 familiares
899 634 948 701 sibi
966 635 1111 704 habuerat,

75 715 137 784 ipsa
153 713 251 775 verba,
263 712 429 782 blandasque
445 715 600 764 maritorum
617 730 725 762 suorum
743 713 959 782 compellationes
979 734 1121 787 vocesque.

73 790 145 842 adeo
159 791 194 843 ad
210 790 334 842 desiderii
354 793 502 863 amorisque
516 789 734 863 significationem
746 794 904 860 compositas
917 794 1042 844 imitatur.
1056 797 1112 847 Nec

72 871 189 921 multum
200 871 304 936 aberat,
316 873 379 942 quin
396 891 427 922 ea
444 889 484 923 res
497 890 647 923 successum
662 871 779 923 baberet.
791 871 915 922 Omnium
933 875 1002 924 enim
1019 877 1112 926 animiS

72 949 263 1001 recordatione
275 962 301 1000 et
317 951 485 1001 miseratione
503 952 643 1020 conjugum
660 951 811 1002 relictarum
828 953 922 1018 motis,
934 955 1014 1004 mult'r
1028 971 1054 1006 se
1071 955 1113 1005 vit

73 1029 265 1093 continebant,
279 1031 342 1100 quin
353 1031 458 1082 Helenae
470 1030 675 1111 responderent,

330 1331 689 1421 EXCURSUS
724 1333 863 1421 VIII.

357 1505 411 1570 De
423 1521 513 1570 nocte
528 1505 563 1570 Τ
558 1499 677 1591 νοῘαηιέ
684 1508 832 1591 fiinesta.

111 1665 153 1727 11,
167 1661 217 1716 250
229 1680 286 1733 sqq.
301 1661 418 1716 Vertitur
429 1662 527 1712 interea
539 1661 631 1713 coelum
642 1674 667 1713 et
680 1665 734 1714 ruit
744 1664 847 1716 Oceano
857 1683 909 1716 nox
918 1679 967 1719 etc.
981 1671 1114 1728 PraeiviSse

74 1743 193 1793 Ennium
214 1740 309 1791 Annal.
335 1741 370 1790 Vl
395 1740 513 1794 Vertitur
535 1741 632 1792 interea
654 1741 747 1793 coelum
769 1761 827 1792 eum
850 1743 997 1816 ingentibus
1018 1751 1112 1822 signis,

74 1821 231 1873 Macrobius
242 1823 291 1884 Vl,
308 1837 317 1871 1
339 1819 503 1881 observavit;
525 1821 553 1872 id
566 1821 638 1891 quod
659 1835 761 1873 tantum
783 1823 817 1873 ad
830 1824 912 1875 verba
931 1830 1059 1899 pertinet,
1080 1834 1113 1885 de

76 1903 176 1972 quibus
197 1921 221 1952 v.
242 1919 300 1971 sup.
319 1901 380 1951 Exc.
408 1901 440 1950 11.
462 1901 527 1952 Item
546 1903 602 1970 jam
620 1902 732 1954 Lesches
751 1901 891 1969 docuerat,
911 1909 957 1977 qui
981 1927 1055 1962 suam
1080 1913 1112 1965 de

75 1983 161 2051 'froja
179 1995 257 2052 capta
269 1985 449 2033 narrationem
461 1983 499 2032 sic
518 1995 575 2032 erat
588 2001 663 2034 orsus
677 2005 682 2032 ε
704 1979 757 2050 Ni?
767 1981 808 2048 μὶν
825 1986 858 2036 iar
869 1983 961 2050 μέσση,
977 1989 1071 2059 λαμπρὶι
1089 1993 1114 2041 A’

75 2060 185 2112 iniretur
203 2061 295 2122 oetion,
310 2061 416 2131 quando
436 2060 517 2111 Sinon
538 2063 624 2112 facem
645 2063 765 2127 sustulit,
788 2065 859 2133 apud
876 2065 962 2117 Schol.
982 2069 1113 2142 Lycophr,

76 2140 140 2205 344
154 2139 269 2191 Omnino
285 2152 373 2190 tamen
385 2139 510 2210 Virgilius
530 2140 686 2210 Euripidem
709 2154 769 2192 ante
781 2140 881 2212 {oculos
904 2143 998 2196 babuit
1015 2135 1113 2200 Trdad.

77 2221 130 2286 542
145 2235 201 2288 sqq.
215 2217 290 2269 Adde
310 2219 419 2268 chorum
438 2218 552 2268 Ilecubae
571 2219 622 2288 914
644 2237 700 2288 sqq.
721 2219 780 2270 Alia
799 2219 896 2272 dehac
915 2236 1008 2288 nocte,
1029 2226 1114 2296 deque

76 2314 169 2348 mense
182 2309 207 2348 et
220 2283 289 2348 ainno
303 2296 440 2348 tradentur
456 2298 503 2346 inl.
518 2295 552 2347 ad
564 2297 609 2347 lib.
623 2297 658 2347 111
673 2298 733 2347 Exc.
751 2298 783 2346 ll.
803 2317 843 2368 pr.
856 2299 951 2350 Facem
969 2302 1080 2355 diximus
1100 2325 1117 2357 a

75 2377 176 2428 Sinone
191 2376 340 2439 sublatam,
353 2393 410 2446 quae
422 2376 537 2447 vulgaris
550 2389 589 2428 est
601 2379 735 2438 narratio;
756 2377 894 2448 legebatur
905 2379 951 2430 illa
970 2399 1076 2453 quoque
1089 2388 1116 2437 in

76 2458 182 2507 Arctini
195 2456 304 2507 Excidio
325 2457 381 2521 Ilii,
403 2469 432 2507 ut
453 2476 467 2508 e
488 2457 581 2508 Proclo
602 2455 720 2507 discitur.
744 2469 770 2508 at
790 2459 838 2508 inf.
859 2461 916 2510 AEn.
936 2461 985 2527 Vl,
1010 2463 1059 2533 517
1082 2465 1115 2516 ab

76 2536 182 2587 Helena
201 2537 301 2588 factum
320 2549 451 2588 narratur.
471 2536 613 2606 Conjunxit
625 2550 766 2607 utrumque
782 2537 927 2610 Tryphiod.
946 2540 996 2610 498
1014 2561 1072 2614 sqq.
1090 2559 1117 2597 et

76 2617 168 2686 potuit
179 2633 241 2668 sane
262 2617 373 2667 alterum
391 2630 452 2687 post
471 2617 581 2668 alterum
599 2616 663 2667 fieri.
681 2617 722 2667 Ab
743 2618 877 2670 Antenore
889 2620 974 2671 facem
985 2622 1117 2678 sublatam
1144 2687 1146 2694 Α

76 2708 105 2748 et
121 2695 209 2747 alvum
222 2698 282 2766 equi
301 2711 418 2768 apertam
432 2697 476 2748 alii
495 2697 677 2749 tradiderant:
692 2696 778 2748 Schol.
798 2698 929 2770 Lycophr.
953 2701 1012 2766 340.
1035 2703 1070 2752 At
1088 2707 1116 2754 in

75 2771 132 2824 hoc
144 2774 202 2843 ipso
217 2774 276 2824 loco
289 2777 328 2838 11,
344 2774 402 2827 256.
417 2775 466 2845 257
479 2777 566 2828 facem
578 2778 652 2827 navis
667 2777 838 2846 imperatoria
849 2779 1052 2848 Agamemnonis
1075 2801 1118 2832 ex·

75 2851 170 2903 tulisse
190 2849 302 2904 dicitur:
315 2851 441 2928 flammas
462 2873 521 2904 cum
539 2855 610 2926 regia
631 2855 728 2924 puppis
750 2853 895 2914 extulerat;
920 2856 992 2925 quod
1017 2858 1117 2910 Seneca

77 2931 200 2999 sequitur
216 2944 242 2982 et
262 2933 380 2983 imitatur
392 2934 482 3004 Agam.
499 2934 558 3001 427.
578 2934 638 3000 428.
652 2931 703 2985 Sed
721 2932 773 2985 hoc
784 2946 823 2984 est
839 2936 943 3005 signum
955 2954 1009 2985 non
1025 2937 1118 3007 prodi-

78 3013 178 3076 tionis,
207 3013 253 3064 sed
276 3013 465 3082 profectionis,
492 3012 569 3063 classi
595 3013 628 3063 ab
662 3015 822 3083 imperatore
850 3013 949 3064 datum.
974 3017 1035 3065 Post
1060 3017 1116 3068 haec

77 3092 235 3157 videamus,
256 3092 361 3162 qualern
381 3094 555 3142 oeconomiam
576 3109 664 3142 rerum
683 3091 816 3161 perhanc
839 3105 943 3144 noctem
963 3108 1043 3162 poeta
1061 3095 1116 3146 dis-

76 3175 221 3245 pescuerit.
239 3173 298 3221 Nox
316 3183 444 3222 nouerat
464 3171 569 3234 illunis,
592 3183 636 3221 aut
649 3171 788 3223 sublustris
802 3195 807 3222 ε
822 3171 869 3222 sed
879 3172 1055 3241 plenilunium
1069 3198 1075 3224 ι
1090 3193 1114 3224 v.

62 3265 173 3313 nutv.
195 3249 254 3302 255.
275 3249 371 3300 Classis
384 3268 400 3299 a
418 3249 525 3300 Tenedo
545 3247 628 3300 redux
645 3249 704 3299 face
724 3253 811 3301 enavi
827 3252 952 3320 praetoria
964 3251 1068 3303 sublata
1081 3252 1116 3303 ad

76 3331 142 3382 litus
162 3327 306 3398 Trojanum
328 3325 454 3396 appellit;
480 3329 564 3397 aperit
587 3328 618 3377 iis
642 3339 734 3396 portas
752 3327 847 3398 globus
869 3327 998 3392 heroum,
1021 3333 1066 3400 qui
1086 3349 1117 3382 ex

75 3411 156 3480 Equo
177 3409 351 3480 prodierant:
371 3406 524 3476 250-267.
537 3411 585 3460 Per
600 3425 721 3458 somnum
738 3409 833 3459 AEneas
850 3409 972 3458 Hectoris
984 3411 1040 3460 viso
1057 3427 1123 3462 mo·'

77 3503 172 3555 netur,
191 3501 220 3538 ut
237 3489 339 3560 fugiat:
354 3486 507 3555 268—297.
525 3487 731 3558 Expergefactus
750 3486 820 3536 caede
842 3497 867 3537 et
883 3486 1005 3537 incendio
1027 3493 1117 3542 omnia

77 3570 185 3620 misceri
197 3569 282 3629 videt;
297 3569 348 3618 exit
363 3565 461 3632 domo,
474 3580 499 3618 et
516 3586 576 3618 cum
588 3585 668 3618 manu
681 3566 733 3618 alia
744 3565 920 3635 Trojanorum
932 3586 980 3637 per
1000 3570 1116 3624 mediam

77 3649 174 3699 urbem
190 3647 289 3698 incedit
304 3669 309 3698 ε
324 3647 383 3716 359.
405 3647 527 3698 Occurrit
546 3647 720 3720 Androgeos,
738 3665 791 3716 quo
814 3665 873 3698 cum
890 3649 1030 3700 comitibus
1047 3671 1117 3703 caeso

76 3729 189 3798 TroJ'ani
200 3728 313 3779 Coroebo
327 3740 434 3780 auctore
451 3745 577 3778 caesorum
594 3747 668 3778 arma
685 3727 811 3789 induunt;
825 3739 852 3779 at
872 3727 990 3796 ejusdem
1008 3729 1115 3783 Coroebi

78 3811 227 3861 temeritate
239 3807 338 3878 proditi
350 3807 453 3860 cladem
466 3810 606 3878 accipiunt.
629 3809 724 3860 AEneas
739 3828 799 3860 cum
811 3811 903 3879 paucis
923 3808 958 3860 ad
977 3811 1115 3880 acropolin

76 3891 217 3961 pervenit:
235 3890 294 3958 437.
313 3889 446 3959 Pugnatur
457 3902 483 3940 et
494 3889 553 3955 hic,
573 3889 619 3940 sed
635 3908 695 3939 cum
712 3889 888 3959 Trojanorum
904 3902 998 3959 strage.
1020 3891 1115 3954 AEneas

78 3983 167 4020 motus
181 3968 308 4039 adspectu
320 3969 397 4020 caedis
409 3972 520 4034 Priami,
541 3983 596 4020 tum
614 3989 628 4020 a
641 3971 742 4022 Venere
758 3972 892 4033 monitus,
915 3968 1022 4022 domurn
1038 3985 1113 4018 auam
