2724 4580
372 300 606 368 AENEIDOS
630 306 783 373 LIBER
807 313 831 374 Ι.
915 301 917 306 ’

78 418 260 506 Postquam
272 419 378 506 prima
391 407 485 510 quies
498 426 618 513 epulis,
632 451 982 521 mensaequevremotae:

78 523 228 587 Crateras
241 547 377 612 magnos
389 545 549 610 statuunt,
565 548 597 595 et
609 535 684 599 vina
696 556 864 604 coronant.

78 627 129 690 Fit
141 630 299 716 strepitus
311 632 419 712 tecue,
433 656 616 725 vocemque
628 631 807 730 perampla
818 646 967 712 volutant
1079 658 1122 728 723

1063 323 1118 388 161
1166 403 1169 413 Ι

106 809 160 870 723.
170 811 237 857 Idem
247 813 298 860 fere
307 831 387 862 versus
398 833 448 880 sup.
459 819 511 864 2161.
519 846 550 858 -
560 815 612 885 7221.
625 833 722 872 crateres
732 827 821 890 aliquot
830 843 867 892 tp.
877 833 955 878 Burin.
963 849 1055 899 muqnas
1067 847 1119 884 tert.

76 880 187 926 Ilottend.
201 897 224 929 et
236 884 301 930 Leid.
312 891 377 950 quasi
394 906 408 934 a
423 900 512 938 cratera
526 887 622 942 ductum
634 901 671 944 sit.
685 900 789 945 Craterus
798 900 846 947 laeo'
853 919 872 948 s.
883 905 971 952 Nonius
980 919 1007 952 et
1018 908 1122 956 Crateras

76 947 140 1014 lotape
151 961 180 997 st.
191 955 307 1011 Lutatius,
320 958 383 1018 apud
392 961 486 1018 Burm,
500 963 560 1010 forte
570 983 598 1012 ex
612 969 662 1012 AEn.
672 971 727 1026 VII,
741 971 791 1033 147.
801 998 833 1007 —
847 975 899 1035 725.
914 977 936 1020 It
945 981 1050 1039 strepitus
1060 984 1122 1025 tectis

76 1019 136 1064 Gud.
147 1037 160 1066 a
173 1038 203 1066 m.
214 1039 249 1083 pr.
260 1039 295 1084 pr.
305 1025 397 1088 Menag.
407 1025 518 1076 Rottend.
529 1045 582 1079 tert.
594 1037 659 1082 Leid.
672 1055 724 1084 am.
738 1055 797 1096 see,
810 1043 875 1104 quod
885 1045 941 1089 etin
952 1047 1025 1093 Servii
1035 1049 1121 1095 Codice

74 1089 127 1145 fuit,
136 1106 182 1137 nec
193 1094 327 1142 Burmanuo
337 1097 451 1160 displicet.
460 1103 517 1149 Mihi
526 1107 624 1167 quidem
636 1111 705 1156 nimis
711 1114 737 1157 in
747 1115 823 1176 majus
832 1130 881 1160 rem
890 1115 952 1162 ferre
959 1116 1060 1174 videtur,
1067 1135 1121 1164 cum

75 1159 105 1205 de
115 1165 226 1224 strepitu,
236 1171 382 1216 sermonibus
392 1184 415 1217 et
427 1172 566 1222 clamoribus
575 1181 637 1224 inter
647 1183 700 1227 vina
710 1195 797 1244 agatur.
807 1185 940 1248 Scythicum
952 1188 1025 1246 foret,
1036 1193 1054 1236 si
1062 1199 1121 1236 stre-

72 1233 174 1290 pitusad
185 1242 242 1279 tectu
257 1239 280 1291 it,
294 1250 327 1293 ut,
339 1239 424 1288 clamor
434 1235 490 1290 coelo
503 1248 527 1289 it.
537 1247 677 1295 AliterInfta
687 1252 727 1307 IV,
735 1252 971 1302 seuntdonismoite
980 1261 1086 1319 cognita:
1098 1261 1122 1304 It

72 1299 159 1347 elutnor
166 1305 198 1349 ad
204 1304 252 1352 altu
261 1309 343 1375 Atria,
354 1328 462 1376 vocesque
471 1315 546 1378 Bigot.
558 1318 616 1365 alter
627 1321 736 1367 Ilottend.
746 1337 800 1369 curn
810 1323 887 1370 Schul.
900 1327 988 1390 Cruqu.
1000 1322 1030 1374 id
1039 1331 1118 1376 Horat.

72 1371 118 1428 Ill,
131 1373 171 1418 od.
185 1381 346 1444 19.pemmpt2
358 1399 404 1430 una
414 1401 471 1431 voce
483 1389 592 1436 nonnulli
602 1393 703 1454 Pieriani
716 1407 769 1440 rum
781 1413 816 1458 pri
827 1397 911 1443 Moret.
924 1399 996 1462 idque
1005 1401 1121 1462 probabat

109 1525 169 1591 723.
179 1527 323 1602 Postquam
330 1535 419 1603 prima
429 1537 502 1607 quies
513 1557 574 1608 epu·

71 1599 104 1652 tis
115 1602 142 1653 h.
155 1623 178 1656 e,
192 1613 369 1679 cumprimum
379 1615 571 1683 epulandifrniS

71 1694 142 1732 esset
153 1684 248 1737 Iactus.
259 1689 329 1761 Nam
342 1688 434 1744 libatio
447 1694 482 1745 ad
494 1694 572 1746 finem

70 1777 154 1812 coenae
171 1763 264 1832 flebat,
282 1787 308 1818 v.
327 1770 362 1822 ad
375 1790 400 1822 v.
422 1773 480 1840 705.
498 1776 570 1841 VIII,

74 1840 123 1905 184
136 1853 164 1892 et
176 1845 243 1913 273,
263 1864 328 1917 279,
349 1851 407 1902 280.
424 1853 464 1906 De
483 1856 570 1924 spatio

69 1920 444 1991 interprimametsecundam
452 1951 571 1986 mensam

68 2000 172 2054 frustra
182 2004 270 2059 Cerda
279 2010 370 2062 multa.
384 2029 477 2063 mensae
489 2031 571 2066 remoh

69 2089 110 2130 toe.
124 2082 160 2132 cf.
174 2083 245 2136 adv.
261 2088 319 2138 216.

105 2162 167 2228 724.
181 2161 259 2234 Av'roip
272 2164 322 2216 imi
333 2163 411 2222 πόσιος
424 2167 464 2220 ael
477 2168 570 2225 idnrdor

67 2235 96 2310 ἐξ
111 2246 157 2312 ipat
175 2243 237 2305 ivre,
251 2245 327 2313 Κοῧροο
334 2242 377 2310 μὲν
389 2248 498 2315 κροοὶῖροις
512 2248 571 2298 r’m-

66 2320 285 2389 οοὲψοοοοοποοοῗο,
292 2321 408 2389 Nolanam
419 2325 443 2374 θ’
453 2329 500 2394 nipe
509 2327 570 2377 ποῖοι

67 2401 78 2470 (
91 2400 167 2473 quod
179 2401 287 2472 quidem
303 2401 347 2454 hic
366 2405 441 2456 aliter
452 2426 478 2458 v.
497 2408 570 2478 729)

66 2481 144 2533 Iliad.
168 2501 198 2541 a,
221 2481 287 2549 470,
309 2482 369 2550 47¹·
388 2483 462 2536 Alter
476 2503 567 2539 versus

66 2563 147 2614 etIam
162 2561 229 2612 alibi
243 2564 373 2630 repetitur
388 2575 417 2614 ut
429 2555 522 2638 Odyss.
537 2588 566 2627 οι,

68 2643 127 2708 149.
139 2644 166 2702 d,
180 2643 240 2709 339.
255 2642 408 2695 Meminisse
420 2659 509 2698 autem
522 2665 568 2700 ne-

65 2738 139 2772 cesse
161 2732 254 2772 estex
273 2723 403 2788 Homero,
428 2729 509 2778 stat-ui
533 2715 567 2779 ad

65 2819 172 2852 coenam
196 2803 301 2870 majora
325 2821 402 2868 vasa,
433 2818 565 2874 crateraS,

64 2893 91 2932 et
101 2880 251 2932 minoribus
260 2882 365 2952 poculis
380 2902 411 2934 ex
425 2887 457 2937 iis
469 2887 566 2942 hausta

63 2963 127 3014 vina
143 2962 269 3013 distribui
285 2965 354 3015 inter
370 2965 488 3037 singulos
503 2987 565 3021 con·

63 3043 151 3107 vivas,
163 3041 237 3112 apud
246 3045 391 3095 Homerum
402 3047 509 3116 quidem
516 3069 566 3120 per

62 3139 216 3190 preconem
240 3121 275 3174 ad
297 3123 415 3194 singulos
440 3130 564 3182 convivas

62 3199 252 3266 accedentem,
270 3221 296 3252 v.
317 3204 451 3277 c.·Odyss.
476 3209 510 3269 θ,
536 3212 564 3262 in

61 3280 170 3332 Achnoi
187 3283 324 3348 convivio,
347 3285 420 3354 quod
438 3287 563 3360 Virgilius

621 1555 676 1594 est:
689 1545 765 1596 aliter
776 1547 897 1616 quamde
909 1549 1024 1619 impletis
1034 1569 1120 1621 usque

623 1621 657 1672 ad
665 1641 714 1674 ‘ora
725 1626 829 1695 poculis
839 1626 952 1698 intelligi
958 1625 1058 1698 nequit.
1070 1628 1081 1696 (
1093 1643 1120 1687 et

621 1701 659 1751 sic
671 1703 832 1774 Pomponius
845 1718 871 1757 et
883 1705 1006 1772 Servius,
1022 1709 1067 1778 qui
1079 1721 1120 1760 ta-v

620 1799 681 1834 men
699 1796 724 1834 et
741 1784 851 1836 alteram
872 1788 1119 1858 interpretationem

619 1860 727 1936 habet.)
740 1863 781 1916 Sic
798 1878 825 1916 et
842 1865 918 1918 Iliad.
936 1868 970 1927 ἃ,
986 1868 1051 1933 232,
1071 1866 1120 1920 ubi

620 1939 653 1990 de
672 1945 752 2012 copia
774 1945 827 1995 cibi
846 1956 996 2016 potusque:
1018 1946 1119 2002 mitatem

618 2023 728 2089 κρητῆρας
739 2020 880 2088 ε’ποσοοφοόις
894 2023 965 2103 οἴνοιο.
979 2025 1040 2077 Alia
1054 2026 1118 2078 bre*

618 2101 707 2151 vitatis
715 2103 803 2154 studio
815 2105 968 2154 omittimus.
980 2105 1117 2158 Virtutum

619 2175 771 2230 dictasunt
790 2199 840 2250 pro
858 2180 979 2251 poculis,
1002 2199 1117 2250 quorum

619 2271 693 2308 oram
711 2259 806 2323 ambit,
825 2271 953 2324 coronat,
969 2257 1059 2325 οοίφοο,
1079 2262 1116 2312 vi*

617 2352 681 2385 num
691 2326 817 2390 infusum.
828 2337 920 2390 Altera
930 2340 1115 2409 interpretatio

617 2427 656 2465 est
671 2417 758 2466 minus
771 2416 925 2481 recondita,
937 2429 967 2467 ut
985 2430 1116 2471 coronata
1156 2459 1159 2464 -

617 2497 670 2545 sint
685 2483 800 2564 pocula,
819 2497 895 2546 sertis
916 2497 1055 2566 impositis.
1074 2498 1115 2550 De

617 2573 723 2624 corollis
740 2573 781 2626 his
794 2577 914 2647 cogitare
925 2574 1028 2627 her'oioi
1045 2588 1112 2628 tem-

616 2656 689 2725 poris
702 2672 760 2704 mos
781 2673 845 2708 saue
864 2673 918 2706 non
938 2657 1055 2725 patitur,
1077 2657 1112 2708 cf,

615 2733 711 2785 Athen.
730 2736 756 2799 I,
779 2735 818 2787 15.
831 2753 857 2806 p.
875 2737 915 2786 18.
930 2735 959 2786 E.
977 2737 1006 2785 F.
1022 2736 1062 2788 De
1074 2753 1113 2788 se·

617 2817 709 2884 quiore
719 2831 782 2866 vero
791 2833 846 2866 aevo
856 2833 911 2866 non
919 2814 1069 2881 dubitatur,
1082 2829 1113 2867 ut

614 2894 710 2965 Georg.
728 2889 832 2958 11,528
851 2894 916 2946 socii
927 2905 1027 2944 cratera
1043 2913 1112 2948 coro-

614 2984 688 3024 nant.
702 2975 759 3024 Hoc
769 2975 791 3024 si
803 2986 939 3041 tenemus,
950 2974 1111 3042 dicendum,

613 3066 722 3124 poetam
732 3054 857 3104 maluisse
867 3055 908 3104 sui
918 3055 1044 3124 temporis
1056 3073 1111 3105 mo-

614 3151 669 3184 rem
679 3133 792 3198 inferre,
805 3151 885 3202 quam
896 3134 1034 3202 antiquum
1050 3133 1110 3185 reti·-

614 3232 689 3274 nere;
704 3212 777 3283 quod
786 3213 856 3265 idem
864 3214 995 3265 commisit
1002 3214 1050 3264 inf.
1062 3213 1107 3266 lib.

612 3290 729 3357 111·,525
750 3289 818 3343 Tum
828 3291 905 3363 puter
914 3283 1039 3345 Anclaises
1054 3311 1110 3343 mu-

60 3361 189 3429 respexit.
209 3358 343 3412 Sedebant
360 3365 429 3414 enim
447 3370 564 3422 convivae
608 3389 693 3443 quum
703 3381 907 3422 crateracoronu
915 3370 1010 3420 Induit
1018 3371 1109 3442 imple·

59 3441 89 3488 in
102 3438 178 3489 soliis
190 3440 320 3508 parietem
333 3443 524 3510 ambientibus,
538 3461 564 3499 et

60 3518 563 3588 uuicuiqueapponebaturmensacum

58 3597 132 3647 cibo.
157 3598 218 3648 Jam
240 3597 302 3648 vina
325 3613 479 3653 coronant.-
508 3623 561 3676 quo

59 3691 142 3725 sensu
154 3674 257 3726 dietum
267 3695 283 3728 a
292 3691 373 3746 poeta
384 3682 432 3747 sit,
443 3683 487 3732 vix
499 3686 561 3735 satis

58 3752 167 3804 definiri
181 3767 279 3824 potest.
301 3757 328 3808 Si
348 3758 382 3810 ad
404 3761 513 3813 Homeri
524 3763 563 3814 lo·

58 3851 140 3897 cum,
168 3833 240 3886 unde
272 3836 376 3907 reliqua
403 3839 562 3896 adumbrata

58 3925 138 3976 sunt,
151 3915 348 3984 respiciendum
356 3930 409 3985 est,
422 3923 500 3986 et,·si
508 3943 561 3991 upt-

57 3993 130 4059 οοῖροις
143 3989 303 4059 ἰποοοὶψοινοο
315 3998 394 4050 ποτοῖο
408 4019 559 4072 expressum

134 4096 160 4131 a.

610 3450 699 3522 vitque
706 3467 784 3500 mero.
794 3450 828 3500 cf.
837 3448 954 3521 llotting.
961 3449 1028 3502 V.G.
1036 3452 1104 3504 Mus

610 3531 699 3580 Turic.
709 3531 740 3580 T.
751 3531 771 3579 I.
844 3560 847 3564 ·

647 3605 706 3678 725.
717 3607 880 3679 Comparant
889 3609 967 3662 illud:
978 3615 1107 3683 Mirmiprr

610 3686 634 3736 d*
658 3683 777 3752 lpidam
801 3685 849 3742 a'tai
869 3687 967 3760 pipape
987 3689 1106 3754 cariture,

610 3766 703 3838 Odyss.
717 3789 749 3833 οι,
763 3769 813 3822 365
833 3783 859 3822 et
879 3771 942 3824 alibi
954 3776 1104 3842 repetitum.

609 3845 768 3913 Lectissimis
777 3851 865 3902 verbis
875 3869 942 3913 usus¹
950 3866 990 3904 est
998 3865 1104 3917 noster,

609 3925 729 3996 Inprimis
748 3930 775 3980 in
794 3929 937 3980 volutant:
959 3931 1105 4001 loquuntur
1129 3937 1130 3940 ’

609 4022 667 4076 quae
680 4007 766 4060 audiri
778 4023 886 4082 possent
897 4029 946 4079 per
957 4023 1043 4070 totum
1052 4028 1103 4062 coe-

899 4113 924 4145 rr
