2690 4594
220 355 283 436 too
467 349 501 412 r.
526 349 757 412 vinoun
780 347 1013 413 nanouts

217 479 260 540 At
271 473 409 562 Scyllam
422 471 516 537 caecis
528 470 662 535 cohibet
673 471 830 564 spelunca
842 469 990 548 latebris,

218 581 285 645 Ora
297 594 528 656 exsertantem,
543 592 576 641 et
587 577 679 640 navis
692 577 725 640 in
739 598 812 641 saxa
825 575 1019 640 trahentem.

219 686 328 750 Prima
339 684 483 748 hominis
496 684 610 762 iacies,
625 698 658 746 ct
668 680 809 770 pulchro
822 698 958 770 pectore
970 683 1064 771 virgo

220 791 313 855 Pube
323 781 436 869 tenus3
448 806 615 879 postrema
626 788 765 852 immani
775 810 914 876 corpore
926 789 1067 876 pistrix,-

220 896 426 986 Delphinum
438 894 559 962 caudas
570 912 666 960 utero
679 895 854 960 commissa
866 895 1032 982 luporum.

220 1005 355 1066 Praestat
366 1002 527 1067 Trinacrii
539 1017 643 1066 metas
654 1001 792 1066 lustrare
805 999 948 1090 Pachyni

221 1111 426 1186 cessantem,
440 1108 556 1196 longos
569 1125 602 1172 et
614 1109 739 1174 circum
751 1107 885 1173 llectcre
897 1127 1029 1185 cursus,

221 1213 329 1296 Quam
341 1214 443 1277 semel
456 1214 633 1278 informem
644 1230 736 1278 vasto
748 1213 870 1279 vidisse
883 1213 945 1278 sub
957 1230 1053 1277 antro

223 1321 377 1412 Scyllam,
391 1338 424 1387 et
435 1323 583 1388 caeruleis
595 1323 731 1388 canibus
744 1323 930 1388 resonantia
942 1343 1027 1386 sara.

223 1513 268 1560 riri
280 1510 343 1557 docti
359 1512 397 1570 (et
410 1512 443 1557 sic
456 1511 558 1571 cerda),
572 1512 635 1575 apud
647 1514 765 1568 Pieriam,
777 1512 819 1575 qui
833 1524 897 1558 recte
908 1524 1002 1569 monet,
1017 1513 1147 1575 sequentia
1163 1510 1277 1574 postulare

224 1583 313 1646 Erryiu
329 1582 394 1644 quod
410 1595 433 1628 et
445 1599 488 1645 per
504 1598 529 1628 se
545 1585 683 1646 exquisitius
694 1595 736 1629 est.
749 1583 812 1629 conl.
827 1583 869 1628 inl.
883 1583 912 1628 ad
923 1599 944 1628 v.
956 1583 1008 1645 576.
1025 1581 1194 1628 Eh'ct'tilarnb.
1206 1598 1240 1644 pr.
1249 1607 1278 1616 -

223 1650 279 1708 4²4·
291 1653 337 1698 Ast
345 1665 398 1698 tert.
409 1652 518 1699 Rottend.
528 1669 582 1698 cum
591 1653 661 1699 Goth.
671 1671 706 1716 pr.
716 1679 748 1689 —
757 1652 811 1709 425.
824 1653 871 1698 Ora
879 1659 1020 1699 cremantem
1031 1652 1092 1699 alter
1104 1653 1192 1698 Hamb.
1198 1686 1207 1708 ‚
1218 1652 1278 1714 quod

225 1741 239 1770 a
251 1725 366 1772 monacho
381 1725 517 1789 rhythmicis
530 1727 635 1772 versibus
646 1727 744 1773 adsueto
759 1725 890 1788 proiectum
907 1725 986 1788 lepide
998 1727 1112 1772 monebat
1123 1727 1278 1770 Burmannus.

225 1793 369 1841 exhalantem
383 1797 443 1840 Ven.
455 1822 486 1834 -
496 1796 550 1854 426.
566 1795 659 1860 polchm
676 1796 736 1843 alter
752 1797 834 1842 llamb.
853 1812 945 1858 corpore
960 1796 1075 1842 Montalb.
1087 1822 1122 1830 -
1133 1794 1191 1858 427.
1202 1797 1280 1858 poert:

224 1870 344 1916 revocavit
352 1869 432 1914 licius.
443 1867 558 1915 librorum
570 1871 718 1926 auctoritate,
730 1871 771 1931 qui
783 1867 821 1915 vel
828 1871 923 1931 prtbtrix
931 1868 970 1916 rel
978 1871 1062 1932 pistrix
1072 1867 1204 1922 exhibeam
1213 1865 1280 1926 vulgo

224 1955 279 2002 pars
288 1938 357 1984 codd.
371 1952 394 1985 ct
406 1939 461 1985 edd.
478 1943 563 2003 pristis.
575 1941 606 1985 cf.
619 1943 698 1988 licius.
714 1943 791 2005 pesnis
806 1956 848 2003 per
865 1957 876 1986 s
890 1956 939 1986 nou
956 1958 999 2003 per
1010 1958 1028 1985 x
1042 1940 1154 1986 defendit
1167 1941 1279 2000 Pompon—

225 2011 279 2055 sah.
290 2010 320 2055 ad
329 2010 353 2056 h.
367 2010 383 2055 l.
394 2012 564 2058 Commemorat
574 2011 651 2057 locum
663 2015 751 2058 Seneca
764 2013 807 2074 Ep.
819 2027 850 2073 9²
864 2022 890 2058 ut
900 2016 933 2057 cit
951 2014 973 2055 V
974 2010 1059 2076 r'rqt'h'us
1073 2020 1154 2058 noster
1166 2013 1190 2055 in
1199 2007 1279 2068 Scylla.

228 2083 282 2141 Quo
291 2097 360 2128 sensu
369 2081 414 2128 hoc
426 2081 515 2129 dictum
527 2086 568 2140 sit,
580 2102 602 2131 v.
613 2085 638 2129 in
648 2085 744 2130 Pmoem.
755 2084 786 2129 ad
795 2085 863 2128 Cirin.
873 2109 905 2120 -
913 2081 967 2140 hall.
979 2083 1077 2129 caudam
1086 2083 1151 2127 Ven.
1161 2083 1282 2127 commixta

224 2152 298 2200 avan.
312 2167 336 2198 et
344 2152 433 2200 zulich.
446 2170 459 2200 s
469 2170 501 2199 m.
512 2170 558 2201 sec.
575 2154 645 2201 Male.
656 2173 677 2201 v.
690 2157 769 2201 Burm.
778 2181 810 2191 -
818 2154 871 2215 429.
884 2153 997 2200 Pacht‘nni
1006 2153 1118 2200 scribitur
1130 2155 1158 2197 in
1167 2150 1242 2197 libris.
1251 2173 1282 2184 -

225 2225 280 2283 439.
293 2226 410 2272 &stantes
426 2225 495 2272 Goth.
507 2242 554 2273 sec.
567 2228 656 2288 flacuts
674 2227 727 2283 alii,
745 2238 841 2273 notante
857 2226 987 2272 Parrhasio.
1004 2225 1131 2272 Praeleram
1151 2225 1282 2270 suaviorem

140 2299 144 2306 ‘
226 2299 357 2345 orationem
368 2300 574 2362 interpunctione:
585 2298 701 2359 Pachyni,
717 2301 846 2346 Cessantem
858 2298 933 2364 lonqos
946 2307 970 2343 st
984 2301 1070 2344 circum
1079 2285 1179 2357 ¹flectere
1194 2308 1281 2340 curtus.
1334 2315 1335 2334 t

229 2463 354 2528 105‚ubi
367 2475 406 2514 ter
420 2465 447 2515 in
460 2466 502 2517 die
511 2466 578 2533 ,eph
591 2465 627 2517 ὄπ’
639 2465 727 2530 iners,
777 2466 934 2539 telligendae.
958 2464 1151 2534 cl.Odyss.1s
1174 2463 1218 2531 96
1238 2477 1281 2528 97·
1334 2481 1335 2492 ¹

227 2543 257 2593 id
269 2542 325 2593 lieri
340 2543 393 2593 ait:
415 2543 462 2595 sed
480 2544 533 2595 hoo
551 2546 623 2597 idem
640 2548 729 2597 omisit
778 2546 866 2597 Schol.
879 2545 1025 2617 Apollonii.
1039 2545 1094 2615 JV,
1114 2540 1177 2594 825.
1195 2541 1282 2592 Variis

229 2622 313 2672 altero
324 2621 384 2672 loco
397 2622 552 2692 239sq.,1it
563 2624 630 2676 adeo
641 2627 729 2676 necin
777 2626 865 2678 modis
878 2627 912 2678 ab
925 2627 1041 2676 Homero
1057 2623 1121 2674 inde
1136 2621 1231 2692 Scyllae
1245 2622 1284 2671 fa-

227 2700 340 2771 virgilio
358 2702 485 2752 omissum
497 2704 615 2754 mireris:
634 2705 662 2754 in
675 2722 729 2775 quo
779 2707 833 2757 cies
850 2704 981 2768 exhibita,
1002 2704 1075 2754 varic
1088 2703 1172 2754 etiam
1188 2701 1218 2750 in
1230 2717 1283 2750 nio

228 2779 340 2845 sufficit,
354 2780 522 2852 terdeinceps
530 2781 582 2834 hoc
592 2781 658 2834 fieri.
779 2787 912 2840 numentis
924 2797 1059 2845 veterum3
1073 2780 1174 2832 suffieit
1186 2779 1284 2830 intelli-

264 2859 472 2926 lah—lami.
487 2859 552 2912 ibid.
566 2862 608 2931 93-
625 2863 668 2931 94.
682 2881 726 2934 99.
777 2884 853 2936 gere,
877 2882 931 2934 qua
951 2865 1039 2934 specie
1060 2861 1189 2932 Virgilius
1213 2858 1285 2910 exhi·

229 2957 289 2992 too.
302 2942 437 2992 Prominet
446 2941 669 3014 speluncaScylla
682 2961 728 2994 su·
777 2945 874 2996 buerit.
896 2945 935 2996 De
956 2941 1008 2994 bac
1017 2960 1043 2992 v.
1054 2942 1117 2991 Exc.
1129 2937 1174 2989 lv.
1189 2937 1282 2989 Bucol.

227 3022 335 3092 periore
347 3021 467 3091 corporis
479 3035 556 3093 parte
566 3035 592 3075 et
601 3039 683 3075 naves
693 3023 729 3074 ad
778 3023 814 3076 ad
824 3023 878 3075 Ecl.
887 3024 939 3088 vl,
950 3022 992 3092 75.
1002 3021 1126 3072 Ceterum
1135 3016 1285 3088 adVirgilii

213 3117 257 3175 ⁴se
270 3100 387 3153 attrahit.
406 3102 501 3152 Prima
517 3104 655 3172 superiore
673 3120 730 3154 cor·
779 3103 812 3154 de
832 3089 926 3174 Scylla¹
943 3118 1034 3153 versus
1050 3099 1197 3150 Miltouum
1222 3113 1285 3147 suos

228 3182 302 3250 poris
322 3194 406 3251 parte.
425 3193 555 3252 postrema
562 3220 572 3247 ,
592 3183 728 3234 inferiore.
779 3183 811 3234 de
825 3183 935 3232 Peccato
947 3179 957 3250 (
967 3179 1002 3249 of
1009 3178 1052 3230 the
1062 3177 1205 3241 Sin‚’'Acns
1216 3175 1287 3226 dixe·

227 3260 321 3330 pistrix
331 3263 440 3312 omnino
452 3281 502 3332 pro
514 3261 605 3315 bellua
616 3266 729 3329 marina,
779 3263 815 3312 ris
831 3262 842 3333 )
860 3262 1008 3325 formasse,
1025 3259 1083 3327 jam
1107 3256 1155 3308 alii
1175 3273 1287 3306 monue-

228 3341 363 3394 commlssa
378 3343 474 3395 caudas
485 3340 642 3414 delphinum
656 3355 729 3396 utero
780 3355 850 3392 runt.

229 3416 353 3489 luporum
363 3459 373 3485 ‚
384 3421 412 3472 h.
425 3441 448 3473 e.
459 3422 561 3475 habens
572 3426 728 3492 conjunctas
813 3419 973 3491 429-432.
994 3417 1117 3468 Variavit
1140 3409 1289 3467 Homerica

229 3497 386 3568 delphinum
411 3501 510 3554 caudas
540 3502 640 3572 lupinis
665 3522 725 3555 cum
777 3502 796 3553 l.
814 3519 876 3553 cr.
898 3516 954 3568 109.
981 3513 1037 3548 rto.
1061 3507 1145 3548 metas
1164 3492 1290 3560 Pachyni

229 3580 402 3648 corporibus,
412 3583 440 3632 in
447 3600 505 3651 quae
513 3580 729 3654 virgineum'pec·
778 3580 858 3632 docte
873 3580 900 3632 h.
921 3599 944 3632 e.
959 3578 1178 3649 promontorium
1189 3575 1289 3627 Siciliae

228 3671 272 3709 tus
288 3677 308 3710 s.
330 3679 426 3731 corpus
445 3661 556 3722 desinit;
574 3660 729 3731 simpliciter
778 3659 903 3724 australe,
916 3667 1070 3719 cessantem,
1081 3667 1241 3707 morantem
1250 3653 1291 3721 (nt

229 3739 288 3805 dic,
307 3741 426 3811 virgineo
445 3742 552 3810 corpori
573 3741 728 3809 subjunctos
778 3739 850 3792 Serv.
863 3737 961 3812 )‚plus
982 3735 1113 3805 temporis
1130 3738 1160 3786 in
1179 3737 1293 3806 naviga·

229 3817 308 3889 lupos
318 3823 435 3872 marinos
445 3821 526 3870 luisse
536 3822 665 3890 protomis
675 3822 729 3872 suis
746 3831 749 3845 '
777 3823 851 3874 tione
869 3830 1078 3873 consumentem.
1097 3816 1194 3870 vidisse
1202 3856 1212 3882 ,
1230 3835 1291 3867 mo·

230 3901 299 3950 inter
316 3899 415 3952 caudas
428 3897 617 3968 delphinorum
629 3901 730 3968 promi·
778 3902 828 3954 dus
845 3900 974 3973 loquendi
994 3898 1028 3951 ab
1049 3900 1173 3951 Homero
1191 3899 1291 3950 ductus

230 3978 363 4029 uentibus.
391 3990 420 4028 ut
446 3993 525 4028 versu
550 3977 600 4044 432
628 3977 727 4032 elicias.
778 3983 796 4034 l.
810 4003 832 4034 c.
848 4002 873 4035 v.
886 3985 927 4052 87.
946 3981 979 4033 88
992 3992 1018 4032 et
1030 3997 1111 4048 saepe.
1129 3981 1214 4034 Canes
1230 3989 1294 4030 sunt

232 4057 312 4110 Canes
328 4057 417 4125 ‘autem
429 4058 538 4110 marine
549 4058 673 4112 videntur
689 4061 729 4113 in·
779 4063 825 4132 qui
837 4061 930 4133 paullo
944 4072 1004 4113 ante
1014 4056 1085 4128 lupi.
