2742 4586
252 287 312 358 172
596 263 863 333 EXCURSUS
888 267 935 354 I†

246 391 397 446 exacerbati
418 392 493 442 fuere
517 389 632 454 milites,
654 390 727 460 quod
747 393 785 442 ita
805 394 939 460 jactasset.
964 392 1035 444 Serv.
1058 399 1193 473 Sulpicius
1218 401 1294 473 apud
1357 375 1358 404 i

244 474 401 526 Ciceronem
422 473 458 522 IV
471 470 505 522 ad
519 472 578 521 Dir.
596 470 619 523 5.
636 471 707 540 Quid
717 483 770 536 est,
785 472 914 542 quodni,
926 483 980 546 Ιαιιῐ
993 471 1055 543 filia
1074 486 1136 540 tua,
1158 500 1219 531 cum
1230 483 1294 551 for.

244 564 310 604 tuna
327 552 379 604 hoc
395 553 502 602 nomine
516 549 592 621 queri
610 549 732 621 possitis?
752 551 812 620 Ipse
832 568 939 621 quoque
960 551 1053 603 Cicero
1075 552 1109 605 de
1126 557 1184 606 Fin.
1204 561 1243 625 ΙΙ,
1266 577 1291 627 7,
1357 615 1358 626 ¹

244 634 363 705 quicum
376 630 505 683 luxuriose
521 630 654 694 viverent,
666 651 684 680 a
695 647 795 682 summo
806 629 963 701 philosopho
975 650 1028 683 non
1041 632 1296 704 reprehenderentur
1357 629 1358 648 ³

243 730 276 764 eo
300 712 440 762 nomine«
464 709 589 775 Quaerere
613 726 675 780 ergo
701 720 827 778 poetam,
854 709 891 760 ait
918 707 1075 780 Scioppius,
1103 712 1158 782 quo
1183 714 1293 764 nomine
1357 763 1358 768 ,

244 791 416 853 exacerbata,
447 805 501 859 quo
534 789 621 839 AEneae
645 788 718 839 facto
742 787 820 851 laesa,
845 786 942 856 quidve
970 790 1085 859 graviter
1108 791 1199 842 ferens
1220 793 1294 842 luno
1357 831 1358 866 g

242 870 331 920 AEneee
356 880 410 919 tam
433 865 525 918 addita
541 867 691 936 infestaque
718 866 799 916 fuerit
820 886 825 914 :
844 867 872 916 in
898 883 951 936 quo
974 866 1125 936 periculum
1152 887 1208 918 non
1232 881 1292 933 est,
1357 869 1358 928 i

242 964 277 997 ne
289 966 337 1017 per
354 945 529 1016 tautologiam
539 945 616 996 aliter
633 957 713 1015 atque
726 943 803 995 aliter
815 961 871 995 rem
882 944 998 1002 eandem
1011 944 1136 996 extulisse
1150 945 1240 998 verbis
1253 948 1295 996 in·

241 1021 364 1078 dicetur:
384 1026 482 1077 —sed
500 1027 621 1096 profecto
645 1023 718 1076 aliud
736 1023 796 1075 laedi
813 1036 867 1088 est,
887 1025 962 1076 aliud
977 1023 1085 1076 dolere..
1101 1027 1173 1077 Nam
1193 1039 1220 1078 et
1239 1044 1292 1078 usu

174 1146 176 1151 .
240 1107 330 1158 venire
343 1118 447 1176 potest,
468 1118 498 1157 ut
511 1105 616 1170 doleat,
630 1107 676 1176 qui
694 1105 769 1156 lesus
791 1123 845 1155 non
867 1106 915 1169 sit,
938 1117 964 1156 et
981 1123 1105 1170 rursum,
1128 1125 1210 1176 quem
1230 1109 1292 1177 quis
1357 1121 1358 1170 j

239 1183 348 1252 leserit,
362 1205 432 1257 equo
448 1189 482 1238 sit
497 1188 607 1250 animo,
624 1204 673 1237 nec
690 1186 833 1256 quicquam
845 1205 877 1237 ea
888 1187 916 1236 in
928 1204 956 1237 re
973 1198 1141 1237 moveatur.»
1160 1186 1293 1242 Praeclara
1357 1205 1358 1210 ¹

240 1265 349 1330 critica,
368 1285 417 1317 nec
447 1283 505 1316 esse
525 1264 622 1328 video,
647 1262 720 1333 quod
736 1265 763 1314 in
787 1283 819 1316 ea
846 1275 1001 1326 moneatur,
1025 1265 1077 1314 nisi
1103 1263 1178 1334 quod
1197 1263 1291 1334 forma
1357 1289 1358 1328 ς

240 1344 366 1397 orationis
381 1346 507 1416 pedestris
524 1347 551 1397 in
572 1356 679 1416 poetam
696 1345 817 1396 infertur.
835 1346 921 1395 Possis
945 1344 1104 1396 substituere
1121 1345 1207 1414 magis
1224 1362 1293 1414 poe·
1357 1345 1358 1350 ’

239 1425 339 1489 ticum,
353 1443 405 1497 quo
429 1426 553 1492 crimine,
570 1439 600 1477 ut
619 1425 692 1497 apud
710 1427 810 1476 Lucan.
832 1426 896 1490 vll,
916 1425 976 1494 847.
994 1444 1045 1497 quo
1065 1435 1139 1476 tanto
1157 1424 1290 1487 crimine,

239 1503 332 1571 tellus,
354 1506 452 1558 Loest'sti
464 1509 589 1577 superos?
607 1518 653 1558 aut
665 1525 716 1577 quo
729 1504 836 1556 vulnere
849 1503 908 1556 laesa
921 1526 928 1553 .·
942 1519 973 1555 ut
984 1523 1045 1555 mox
1058 1526 1064 1554 ε
1077 1506 1149 1555 luno
1161 1513 1291 1554 eternum
1357 1503 1358 1510 ’

239 1603 342 1636 servans
355 1587 400 1636 sub
419 1597 522 1657 pectore
539 1583 648 1656 vulnus,
663 1597 688 1636 et
700 1582 778 1635 Ovid.
793 1584 856 1634 Met.
869 1585 919 1650 111,
932 1599 991 1652 72⁰·
1005 1580 1115 1633 uulnere
1124 1580 1184 1633 loesa
1195 1580 1273 1652 gravi
1280 1601 1290 1639 ;
1335 1646 1341 1654 1

239 1666 375 1716 enimvero
395 1680 421 1718 et
440 1667 517 1718 nimis
537 1684 569 1716 ea
588 1665 717 1717 recedunt
739 1682 755 1715 a
770 1665 903 1734 scriptura
925 1682 974 1714 nec
996 1663 1164 1714 satisfaciunt
1185 1660 1290 1728 judicio

238 1745 389 1795 morosiori.
402 1745 487 1816 Magis
509 1755 615 1815 poetam
635 1744 742 1796 deceret
754 1761 870 1812 querere
884 1764 889 1792 :
908 1759 966 1814 quoe
977 1742 1099 1798 ,numina
1115 1738 1176 1791 loesa
1199 1740 1289 1810 impu-

240 1820 333 1890 lerint,
348 1825 506 1895 interposita
517 1843 572 1875 una
583 1842 614 1875 ex
636 1823 686 1875 diis
702 1825 870 1875 Junone.1ta
886 1825 1037 1893 comparari
1048 1823 1135 1894 possit
1153 1822 1247 1870 Horat.
1261 1821 1289 1884 1,

241 1901 294 1964 26,
307 1902 323 1952 3
336 1905 393 1975 quis
403 1905 450 1955 sub
466 1903 545 1954 Arcto
557 1935 592 1943 —
604 1905 724 1973 subjecto
744 1907 832 1956 statim
854 1905 991 1955 Teridate:
1007 1915 1037 1955 ut
1053 1904 1091 1954 ibi
1102 1913 1195 1952 monet
1211 1901 1291 1950 Mits·

240 1976 322 2029 cherl.
336 1981 373 2030 Ex
384 1980 425 2032 his
438 1983 460 2031 si
472 1981 538 2032 nihil
548 1983 678 2034 satisfacit
692 2003 698 2031 ε
711 1995 793 2034 restat
805 1994 835 2033 ut
846 1982 935 2033 locum
948 1984 1094 2037 referamus
1107 1981 1135 2032 in
1147 1995 1295 2030 numerum

240 2073 349 2127 corum,
361 2079 419 2132 quae
431 2074 599 2130 mutaturus,
611 2063 634 2118 si
645 2063 780 2131 licuisset,
793 2075 850 2116 erat
861 2074 950 2134 poeta.

695 2242 836 2259 -ι-ι-ι-ι-

509 2319 1015 2454 uxouususrrt

551 2539 974 2626 Pazusffitmenjaemm.

272 2676 304 2762 1,
317 2699 360 2766 la.
373 2696 433 2768 Ipsa
444 2696 517 2748 Jovis
530 2697 653 2768 rapidum
660 2698 785 2769 jaculata
798 2701 935 2752 enubilas
948 2700 1036 2770 iguem
1047 2698 1211 2772 Disjecitque
1225 2710 1292 2752 rates

238 2776 381 2848 evertitque
401 2792 506 2846 aeqttorn
518 2776 615 2836 ventis,·
635 2775 742 2841 Illum,
761 2779 937 2848 exspirantem
957 2773 1080 2847 transfixo
1096 2789 1202 2848 pectore
1206 2781 1294 2856 flam«

239 2873 295 2906 mas
309 2852 424 2905 Turbine
434 2852 568 2923 conripuit
583 2853 741 2926 scopuloque
761 2853 850 2926 infixit
868 2866 953 2907 acuto.
973 2856 1012 2906 De
1025 2855 1075 2906 diis
1097 2855 1200 2912 fulmen
1210 2862 1289 2928 jacu·
1357 2845 1358 2884 1

238 2935 356 2988 lantibus
382 2953 443 2985 cum
466 2933 550 2986 multa
573 2946 710 3006 argutatus
738 2934 936 2988 essetservius
960 2954 1021 2987 cum
1042 2934 1117 2998 aliis,
1141 2939 1195 2988 viri
1216 2938 1289 3008 docti

238 3015 380 3088 diligenter
399 3017 569 3067 commentati
593 3027 669 3078 suut;
689 3017 727 3066 ita
746 3029 774 3067 ut
798 3034 869 3067 nunc
891 3018 959 3068 inter
982 3027 1059 3066 notas
1084 3034 1126 3068 res
1150 3016 1221 3070 illud
1246 3020 1288 3070 sit.
1357 3031 1358 3056 ³

238 3094 354 3149 Videndi
367 3095 400 3147 de
415 3094 456 3146 his
469 3094 564 3166 Cuper.
585 3098 716 3166 Harpocr.
735 3116 763 3166 p.
781 3114 835 3149 100.
854 3097 1020 3148 Burmannus
1039 3098 1067 3147 in
1079 3097 1146 3149 Jove
1159 3097 1290 3170 Fulgura·

238 3186 296 3228 tore
315 3195 337 3227 c.
362 3175 401 3228 15.
418 3189 452 3240 ¹et
475 3175 689 3229 Winclrelmann.
709 3178 833 3227 Menum.
853 3187 907 3227 ant.
928 3177 995 3227 ined.
1016 3177 1047 3226 T.
1065 3177 1096 3226 11.
1111 3197 1134 3228 c.
1155 3195 1180 3228 2.
1198 3179 1250 3229 Res
1262 3179 1289 3229 in

237 3257 349 3324 gemmis
362 3255 449 3306 obvia.
463 3254 549 3305 Multo
570 3268 659 3307 tamen
680 3257 764 3326 magis
784 3256 919 3307 celebrata
943 3267 982 3306 est
999 3255 1086 3307 Pallas
1107 3257 1289 3320 fulminatrix,
1357 3247 1358 3280 ³

237 3334 267 3383 in
279 3335 382 3400 mimis,
394 3337 506 3386 maxime
518 3337 664 3388 Domitiani
676 3337 741 3404 Imp.
755 3335 879 3387 Occurrit
898 3338 979 3388 etiam
994 3339 1023 3387 in
1038 3339 1149 3408 graecis,
1165 3351 1196 3388 ut
1212 3339 1289 3389 Anti·
1357 3369 1358 3404 3

237 3413 302 3482 goni
320 3413 446 3479 Gonatae,
463 3415 616 3486 Agathoclis
636 3417 724 3488 Syrac.
739 3428 764 3467 et
782 3419 808 3466 in
829 3419 892 3486 ipsis
908 3405 1106 3488 ¹Syracusarum
1125 3419 1225 3469 numis.
1244 3418 1290 3468 Est
1357 3437 1358 3444 ¹

240 3510 347 3562 quoque
359 3494 474 3546 Palladis
498 3510 580 3566 caput
599 3516 659 3548 cum
678 3496 788 3550 fulmine
810 3499 837 3548 in
860 3516 940 3548 numo
958 3517 1026 3550 arceo
1045 3499 1196 3550 Locrorum
1217 3498 1290 3568 apud

236 3571 362 3640 Magnan.
376 3571 496 3624 Pellerin.
511 3589 536 3626 et
549 3576 648 3627 Eclshel
663 3577 792 3626 Doctrina
806 3595 910 3628 numor.
922 3579 951 3626 T.
965 3578 984 3627 1.
1006 3579 1033 3626 Ρ.
1046 3577 1079 3626 ΙΙ.
1093 3597 1120 3647 p.
1148 3593 1206 3647 ¹9¹·
1228 3576 1287 3628 Alio
1357 3569 1358 3630 ἶ

237 3648 319 3700 modo
339 3651 366 3700 in
380 3653 466 3702 numis
481 3652 682 3706 Atheniensium
696 3667 795 3706 noctua
812 3674 872 3707 cum
885 3656 996 3706 fulmine
1013 3657 1140 3706 cernitur.
1159 3657 1218 3706 Nec
1242 3657 1288 3706 mi·
1357 3663 1358 3712 ᾗ

237 3745 289 3778 nus
308 3727 353 3780 alii
369 3729 406 3779 dii
426 3750 485 3782 curn
504 3734 660 3786 fulminibus
681 3749 843 3801 occurrunt,
864 3749 894 3787 ut
918 3735 961 3786 vel
985 3755 1016 3786 ex
1038 3736 1136 3788 Lexico
1162 3736 1286 3786 numism.
1357 3761 1358 3798 1

240 3807 349 3859 Raschii
364 3827 510 3879 cognoscas
522 3813 552 3862 T.
566 3815 597 3863 II.
618 3817 645 3863 P.
666 3816 685 3864 1.
699 3834 725 3884 p.
743 3832 826 3890 1199..

1357 3867 1358 3884 t

275 3886 363 3957 Ajacis
375 3886 445 3940 Oilei
456 3892 476 3940 f.
487 3892 607 3944 interitus
622 3906 661 3945 est
674 3897 742 3948 inter
754 3899 919 3949 narrationes
932 3915 987 3949 non
1003 3915 1058 3948 uno
1075 3897 1158 3948 modo
1173 3916 1189 3949 a
1201 3897 1290 3968 poetis
1357 3931 1358 3968 g

241 3982 357 4024 ornatas.
371 3968 436 4022 Sunt
448 3973 568 4044 inprimis
581 3974 655 4044 due,
668 3977 752 4032 altera
764 3981 914 4051 epicorum,
928 3979 1012 4034 altera
1023 3980 1198 4052 tragicorum.
1212 3979 1289 4030 Praei·
1357 3985 1358 3994 ¹
