2656 4592
213 269 277 336 533
464 265 499 328 P.
523 261 754 368 VIRGlhll
778 260 1014 326 MARONIS

211 397 254 458 At
266 415 333 456 non
346 387 458 455 infelix
469 388 570 470 animi
582 386 765 464 Phoenissa,
779 407 890 474 neque
904 408 1057 474 unquam

211 498 356 564 Solvitur
367 496 403 560 iu·
413 513 561 572 somnos,
576 491 790 558 oculisveaut
801 495 936 577 pectore
949 508 1089 556 noctem
1236 503 1274 550 sn

211 603 359 692 Adcipit:
373 601 577 689 ingeminant
588 621 691 678 curae3
705 619 885 686 rursusque
898 619 1077 685 resurgens
1135 635 1139 644 .

211 711 309 778 Saevit
319 732 424 789 amor,
439 729 626 796 magnoque
639 706 761 770 immin
773 705 912 771 fluctuat
924 722 1017 771 aesm.

211 821 263 885 Sic
275 817 359 884 adeo
372 817 504 897 insistit,
518 837 698 904 secumque
712 816 757 879 ita
768 813 870 880 corde
882 814 1028 879 volutat:

212 927 278 1003 En,
292 922 373 1014 quid
385 923 466 1010 ago?
477 944 633 990 rursusne
645 942 766 1010 procos
779 920 879 985 inrisa
890 921 1021 1008 priores

212 1030 389 1118 Experiar?
399 1025 654 1116 Nomadumque
667 1043 778 1116 petam
790 1025 958 1091 connubia
971 1026 1136 1114 supplex,
1236 1039 1272 1085 ost

211 1137 303 1217 Quos
316 1157 377 1222 ego
390 1135 451 1197 sim
463 1134 560 1198 toties
569 1133 638 1223 jam
655 1131 831 1222 dedignata
843 1132 999 1196 maritos?

214 1243 328 1307 Iliacas
341 1242 440 1330 igitur
451 1241 575 1320 ¹classis,
589 1257 690 1330 atque
702 1241 819 1305 ultima
830 1242 1001 1306 Teucrum

214 1351 233 1416 J
236 1371 324 1427 ussa,
339 1348 479 1436 sequar?
491 1348 613 1436 quinne
625 1347 747 1412 auxilio
756 1347 850 1437 juvat
861 1363 937 1411 ante
950 1347 1096 1426 levatos,

215 1528 239 1564 et
254 1514 336 1561 mutila
352 1514 472 1561 videretur
489 1514 647 1576 pulcherrima
660 1514 709 1560 haec
721 1518 797 1562 noctis
810 1513 949 1577 descriptio,
965 1531 1019 1577 quae
1035 1517 1071 1561 sic
1084 1517 1113 1559 in
1130 1520 1273 1580 participium

214 1591 292 1652 posite
304 1588 434 1643 desineret,
448 1589 498 1632 sine
510 1587 583 1633 verbo
595 1587 676 1642 linito,
690 1599 714 1632 et
729 1601 841 1649 suspenso
851 1603 928 1643 sensu.
940 1608 950 1628 5
962 1588 1010 1632 Sed
1022 1599 1073 1632 tota
1088 1601 1150 1633 nota
1165 1589 1233 1651 digno
1244 1599 1273 1634 est

215 1676 267 1723 quae
282 1661 426 1721 inspicietur.
438 1679 470 1693 ⁵-
480 1659 533 1720 529.
546 1657 656 1704 Phoentru
663 1693 670 1714 ,
682 1658 719 1704 uel
732 1658 830 1705 Dorvill.
843 1683 875 1694 -·-
887 1659 939 1704 530.
952 1674 979 1702 ue
990 1659 1060 1704 abest
1073 1676 1086 1704 a
1098 1661 1164 1706 Ven.
1176 1677 1220 1724 que
1233 1660 1274 1704 duo

214 1733 341 1776 Burmann.
351 1755 383 1766 —
394 1730 447 1777 535.
460 1746 539 1796 moqno
551 1746 658 1776 curarum
672 1748 712 1794 qn.
726 1731 812 1778 Moret.
823 1747 850 1776 ex
860 1731 901 1777 lib.
914 1732 981 1786 vul,
1000 1745 1040 1791 19,
1053 1744 1078 1777 at
1087 1749 1113 1778 v.
1124 1734 1171 1778 505.
1185 1732 1236 1788 565.
1246 1755 1273 1767 -

216 1801 268 1849 533.
279 1800 381 1864 voluptut
393 1803 492 1850 Dorvill.
503 1806 572 1850 etiarn
583 1803 647 1849 alibi.
659 1830 690 1840 -
699 1803 752 1860 535
765 1805 817 1850 Heu
826 1805 882 1867 quid
889 1821 955 1868 aqum
963 1806 1076 1854 Donatus
1085 1807 1187 1852 videtur
1196 1819 1273 1868 agnos-

216 1889 271 1918 cere
283 1873 313 1917 ad
325 1875 419 1919 Terent
432 1891 454 1920 v
467 1875 546 1920 lleius.
558 1887 581 1920 et
593 1877 719 1920 Burmann
729 1877 835 1940 quideqo
847 1875 944 1920 Oudart
957 1892 1025 1939 090555
1036 1875 1273 1924 Serviuscumcodi-

215 1957 269 1987 cum
279 1954 344 2004 parte
357 1953 381 1987 et
394 1942 448 1988 edd
464 1943 529 1989 tunt.
545 1943 697 2006 aliisque-
709 1945 761 1992 535.
775 1945 904 1991 Nomadum
913 1945 960 1990 rid.
973 1961 1026 2008 sup.
1041 1947 1074 1992 ad
1086 1946 1146 1991 320.
1165 1959 1317 2010 sequare.

214 2012 312 2059 Dorvill.
326 2026 349 2059 et
358 2014 466 2076 plerique
478 2015 533 2062 lrhri
543 2018 603 2062 Prcr
609 2016 702 2064 -536
712 2020 755 2062 sim
766 2018 845 2063 Heius
857 2029 910 2079 post
921 2017 984 2062 Prcr
998 2033 1025 2064 ex
1038 2019 1185 2064 melioribus
1197 2030 1219 2062 ct
1228 2031 1273 2060 me-
1316 1987 1317 2046 l

215 2084 270 2129 lrorr
280 2084 394 2148 loquendi
405 2089 495 2132 ratione
513 2090 546 2146 (u
556 2089 626 2134 modo
638 2101 707 2151 poeta
718 2106 768 2136 eam
780 2087 947 2152 teqmvolurt
959 2089 990 2133 cf.
1004 2088 1034 2134 ad
1044 2089 1102 2144 485.
1115 2088 1226 2151 1‚706):
1243 2096 1272 2131 est

215 2156 278 2200 enim
289 2171 344 2217 pro,
356 2172 408 2202 cum
419 2172 458 2221 eqo
467 2161 517 2203 sim.
528 2158 605 2220 Vulgo
614 2175 672 2204 sum.
685 2185 716 2194 -
726 2159 778 2220 537.
791 2161 872 2206 iterum
880 2156 910 2203 cl.
921 2173 967 2203 sec.
982 2158 1096 2204 Bottcnd.
1112 2168 1137 2204 et
1146 2175 1187 2222 eqo
1197 2156 1225 2202 cl.
1237 2171 1269 2216 pr.

216 2226 299 2272 llamb.
310 2253 341 2264 -
351 2227 403 2274 538.
416 2228 531 2276 auxilium
535 2233 604 2294 juvat
614 2234 677 2294 conj.
689 2233 834 2286 Heumanni,
846 2245 916 2293 quam
927 2228 1017 2275 refellit
1026 2227 1110 2276 Burm.
1124 2230 1156 2275 ad
1170 2229 1194 2274 h.
1206 2228 1223 2273 l.
1235 2241 1273 2272 ex-

254 2367 305 2437 529
328 2386 386 2439 sqq.
409 2370 509 2423 Eadem
530 2372 667 2424 antithesis
688 2390 719 2424 ex
768 2390 809 2424 cos
818 2369 955 2425 Numidas.
971 2389 996 2421 v.
1010 2388 1070 2441 sup.
1084 2387 1111 2419 v.
1126 2369 1171 2422 36.
1186 2369 1228 2436 37.
1238 2384 1274 2416 ex·

217 2445 294 2499 llffld
309 2448 340 2509 β,
355 2467 395 2518 pr.
413 2471 441 2516 u,
457 2470 497 2521 pr.
511 2473 542 2512 u,
562 2452 613 2521 677
627 2464 720 2507 notata
765 2452 869 2524 perior,
888 2450 969 2502 adibo
992 2464 1019 2502 et
1042 2463 1150 2521 nuptus
1162 2449 1274 2500 meoli

218 2544 234 2575 a
246 2527 308 2576 viris
322 2527 426 2594 doctis,
449 2531 549 2584 ethinc
566 2534 666 2602 passim
685 2532 719 2584 ah'
768 2533 844 2584 ram?
857 2530 952 2582 ultima
972 2531 1107 2582 Teucrum
1125 2531 1219 2594 Jusso,
1237 2545 1275 2579 ex

219 2601 348 2657 aliisalia.
363 2610 397 2658 ef.
412 2603 491 2661 etiam
506 2610 619 2662 Theocr.
635 2630 664 2676 2,
676 2611 718 2665 38.
768 2611 883 2683 plicant,
911 2628 1054 2681 suprema;
1084 2611 1177 2661 minus
1199 2605 1316 2668 hene,

147 2697 151 2706 ·
217 2683 255 2732 At
266 2700 318 2732 uon
331 2685 387 2735 scil
382 2700 483 2758 carpit
493 2706 719 2758 soporem‚eoror
769 2705 850 2762 puto;
863 2709 926 2741 nam
932 2708 1057 2760 jejunum
1071 2688 1144 2750 hoc;
1159 2707 1228 2758 saepe
1241 2683 1273 2736 ul

216 2759 363 2812 Solvitur
353 2783 417 2816 tus.
439 2769 566 2836 exquisite
586 2785 635 2837 pro
653 2769 720 2820 solvi
770 2772 909 2824 timasunt
915 2777 999 2842 ,quai
1017 2768 1202 2831 infimasunt;
1216 2768 1271 2818 utin

217 2857 326 2909 somno,
340 2844 436 2913 quiete.
453 2856 553 2898 noctem
566 2865 616 2916 pro
630 2849 719 2916 quiete
769 2853 815 2906 illo
830 2853 955 2904 Horatii:
969 2870 1025 2903 nou
1038 2849 1139 2902 ultima
1153 2849 1212 2903 laus
1229 2860 1272 2906 esu

218 2925 304 2975 noctis
316 2943 347 2976 ac
357 2943 451 2978 somno
462 2926 535 2978 dixit.
548 2928 656 3000 -1535ΙΔ
671 2930 720 2980 Iu·
739 2939 746 2956 '
770 2951 833 3005 ergo
846 2951 917 2998 nunc
930 2930 1031 2981 ultima
1035 2933 1125 3001 jussa,
1139 2945 1217 2996 sunt,
1227 2927 1273 2980 ini

213 3004 355 3076 geminant
371 3023 454 3072 curte,
476 3019 569 3078 utpote
589 3009 616 3058 in
634 3011 721 3060 noctis
770 3016 807 3065 nri
823 3013 927 3084 generis
942 3010 1100 3062 hominibus
1116 3010 1270 3066 darisolita;

224 3083 375 3138 solitudine
530 3121 532 3126 ·
771 3107 801 3144 ut
813 3093 897 3144 altero
911 3093 972 3143 loco
983 3090 1109 3157 Servius,
1122 3090 1271 3143 deterrimas
1314 3123 1315 3156 3

255 3164 306 3217 533
323 3184 381 3257 sqq
400 3170 434 3220 of.
452 3171 544 3242 Eurip.
562 3170 658 3222 Medea
671 3169 720 3222 502
773 3170 1053 3225 accommodatissime
1067 3169 1193 3241 epitheto
1204 3169 1274 3222 adiu·
1314 3161 1315 3228 l

218 3264 278 3317 sqq.
297 3245 392 3300 insistit
407 3263 493 3302 mente
510 3263 536 3303 et
546 3264 721 3324 cogitatione,
773 3255 954 3327 dignationem
972 3263 998 3304 et
1011 3250 1122 3316 odium,
1144 3253 1221 3321 qnasi
1239 3267 1273 3300 ex·

220 3341 250 3378 ut
260 3340 308 3379 sit
317 3341 355 3380 ita
365 3329 437 3400 apud
447 3349 474 3383 se
485 3345 597 3404 rogitat
612 3332 722 3399 scilicet,
772 3333 935 3406 pectendum
945 3333 996 3386 sihi
1006 3333 1057 3399 sit,
1073 3344 1103 3383 ut
1116 3332 1209 3386 infimo
1221 3332 1272 3383 loco

222 3408 287 3478 quid
297 3427 368 3460 nunc
380 3409 431 3461 sihi
452 3413 584 3483 agendum
604 3415 645 3466 sit.
659 3414 724 3464 Ora·
771 3415 918 3478 habeatur,
934 3426 1018 3483 utque
1031 3412 1085 3463 sibi
1095 3424 1226 3482 tanquam
1237 3429 1276 3460 ca·

221 3491 289 3541 torie
299 3488 396 3558 pathos
408 3491 437 3541 in
451 3491 494 3543 his
507 3492 620 3544 Didonis
635 3493 723 3545 verbis
772 3495 829 3548 loni
849 3493 929 3545 alicui
955 3491 1148 3562 indignissima
1172 3507 1274 3562 quaeque

221 3581 378 3635 tractatum,
391 3572 470 3623 facile
479 3584 600 3624 nostrum
609 3575 720 3643 quisque
772 3578 944 3645 imperentur.
968 3573 1039 3624 Bene
1062 3574 1198 3644 Pompon.
1221 3569 1273 3621 sab.

221 3671 271 3724 per
288 3668 315 3702 se
333 3651 464 3723 intelligit.
485 3651 598 3718 Confer,
620 3656 642 3704 si
664 3654 721 3718 vis,
774 3665 860 3725 «puta
870 3651 1082 3722 quodloquatur
1090 3650 1127 3702 ad
1135 3650 1272 3703 miseratio

222 3732 318 3804 Scalig.
329 3734 356 3783 in
369 3734 467 3786 Poetic.
486 3747 511 3786 et
523 3735 601 3786 Cerd.
616 3734 650 3786 ad
662 3734 689 3785 h.
702 3733 729 3784 5.·
758 3781 761 3786 ,
775 3732 958 3801 unem,.quasi
969 3729 1059 3800 quod,
1073 3729 1214 3802 sinaviget
1223 3745 1273 3779 cum

223 3813 316 3877 irrisa,
338 3825 367 3863 ut
387 3812 512 3874 irrideam
532 3814 669 3884 epitheton
689 3813 723 3864 ah
776 3813 930 3882 uTrojanis,
957 3812 992 3861 sit
1012 3812 1107 3862 futura
1123 3829 1230 3862 serva.»
1245 3835 1272 3846 -

224 3894 325 3944 eiiectu
342 3892 380 3942 rei
395 3910 425 3941 ex
439 3910 512 3944 more
523 3905 670 3963 poetarum.
688 3893 722 3942 of.
774 3893 834 3947 533.
850 3912 885 3943 on
896 3891 959 3963 quia
970 3893 1052 3960 juvat
1064 3921 1099 3930 --
1109 3890 1138 3942 h.
1160 3911 1183 3943 e.
1204 3887 1271 3960 quasi

223 3971 329 4021 Ernesti
336 3969 370 4022 ad
378 3969 480 4021 Gallim.
490 3971 519 4021 in
526 3970 586 4023 nel.
599 3988 654 4041 ¹¹7·
663 3991 726 4043 pro*-
773 3992 838 4029 vero
857 3972 909 4024 hoc
925 3973 1014 4042 juvet,
1032 3983 1059 4024 et
1069 3973 1228 4043 „quicquam
1247 3986 1273 4018 0⁰
