2690 4594
168 226 172 239 '
211 272 276 356 452
557 247 835 326 ‘excursus
859 256 897 322 11

209 399 360 461 secundum
370 388 490 462 Dionysii
504 385 586 440 Halic.
604 387 632 451 1,
651 383 685 438 63
706 381 906 452 calculos,jam
916 379 1036 432 autumni
1044 379 1085 450 (1)
1098 380 1181 453 hujus
1199 385 1261 436 unni»

210 485 286 541 initio
297 472 407 544 Trojani
420 465 622 537 Hellespontum
637 464 775 533 trajiciunt
789 473 816 514 et
831 463 859 512 in
875 457 991 513 Thracia
1002 459 1120 512 hiemem
1137 465 1258 534 exigunt,

211 567 246 621 ad
255 557 372 616 historic
381 551 520 604 veritatem
532 543 607 598 haud
617 543 698 595 dubie
708 543 820 613 propius
829 563 835 604 ;
847 540 895 593 sed
911 540 981 593 hanc
991 540 1116 594 deserere
1131 555 1204 594 recte
1214 561 1258 614 po-

210 646 359 712 [aitpoeta.
373 628 543 680 Abomnium
560 635 711 676 ceterorum
727 619 780 674 fide
798 619 918 684 recedit,
940 617 1014 689 quod
1034 618 1071 671 ad
1090 621 1153 672 AEn.
1172 621 1259 686 111‚t

210 723 316 778 servius
337 730 369 764 ex
384 704 536 776 Palffiphato
561 703 625 773 (qui
640 702 732 772 junior
748 700 811 766 ille,
827 699 930 768 Τροῖκόν
952 711 1046 750 auctor
1064 716 1122 751 esse
1139 699 1259 764 videtur,
1327 721 1328 766 ς

210 823 235 856 ,¹
254 798 289 857 ad
306 793 353 846 ub,
366 789 390 840 ll
405 784 489 836 Exci
507 803 534 855 p.
554 780 627 852 308)
645 789 740 845 notat,
759 786 836 849 capto
858 775 910 829 Itio
923 778 1037 830 AE'neam
1046 778 1265 850 posttricnnium,

209 879 351 952 naviqasle·
881 867 883 870 Ι
901 932 904 936 -
1033 937 1038 948 .

245 961 365 1011 Antenor
376 947 479 997 interea
490 954 517 994 et
530 943 588 1012 ipse
601 939 747 992 discessum
764 949 856 1011 parat,
875 950 902 990 ct
922 939 972 989 iter
993 935 1119 1010 quidem,
1143 937 1218 1007 quod
1236 949 1261 990 et

210 1041 306 1094 ΕΜ,
315 1033 404 1083 facere
415 1023 584 1088 decreverat,
595 1037 688 1071 versus
700 1018 805 1070 ltaliam
817 1018 939 1068 instituit.
953 1014 981 1066 Si
992 1027 1112 1085 quaeras,
1127 1016 1260 1086 quomodo

210 1122 239 1170 in
249 1117 302 1168 hoc
313 1104 454 1162 consilium
465 1111 578 1169 uterque
597 1097 722 1150 devenire
738 1098 870 1168 potuerit,
883 1094 1057 1166 cogitandum
1068 1107 1124 1163 est,
1140 1095 1189 1146 illo
1200 1108 1262 1146 tern-

211 1215 278 1270 pore
289 1205 373 1243 terras
380 1185 494 1252 Europae
504 1176 684 1232 occidentales
695 1177 794 1230 Graecis
803 1165 979 1246 TroJ'auisque
989 1172 1072 1226 fuisse
1083 1173 1179 1226 eodem
1190 1175 1261 1239 loco,

213 1290 293 1348 atque
305 1264 440 1335 Europaeis
454 1273 515 1313 ante
526 1259 584 1310 haec
597 1257 652 1309 duo
663 1257 761 1310 sarcula
773 1269 799 1308 et
814 1254 888 1329 quod
898 1257 1027 1320 excurrit,
1036 1256 1202 1307 'Americarn
1214 1256 1261 1306 Te·

211 1355 313 1408 nebant
325 1356 414 1398 autem
421 1339 506 1392 Graeci
519 1350 576 1389 tum
583 1338 674 1388 omnia
684 1338 764 1388 maris
772 1337 853 1408 AEgaet
864 1333 957 1401 litora,
967 1347 998 1386 ut
1009 1333 1078 1386 adeo
1089 1337 1142 1386 nisi
1151 1335 1260 1386 inlunio

198 1445 200 1453 '
211 1441 335 1504 receptus
346 1432 415 1476 esset
426 1419 548 1494 Trojanis
559 1413 658 1466 nullus.

318 1565 343 1598 a.
356 1540 385 1592 G.
398 1540 432 1590 N.
529 1595 531 1604 χ
577 1534 779 1605 a'l'rojacaptu
927 1533 1057 1584 Errorum
1068 1533 1158 1584 AEneae

341 1619 408 1676 1183
641 1631 692 1667 ιι
1000 1633 1024 1666 a.
1040 1630 1064 1664 a.

211 1755 271 1810 AEn.
284 1751 334 1815 ΙΙΙ,
346 1748 363 1801 8
383 1745 410 1800 V
408 1743 435 1794 ix
451 1741 541 1813 prima
560 1741 695 1812 inceperat
708 1750 783 1792 oertas
794 1767 829 1778 -
840 1739 930 1790 litora
942 1755 1002 1807 curn
1016 1737 1114 1809 patrioe
1125 1735 1261 1789 lacrimans

212 1843 354 1908 portusque
362 1822 483 1894 relinquo
490 1859 500 1887 ,
514 1821 552 1871 Et
558 1811 666 1891 'compos
685 1819 730 1870 ubi
746 1819 824 1891 Troja
834 1819 901 1889 fnit.
916 1820 996 1891 Eeror
1006 1817 1081 1870 exsul
1092 1820 1122 1870 in
1133 1817 1226 1874 atrum-

248 1913 365 1964 l’rimum
380 1901 488 1974 quidem
498 1917 605 1952 cursum
616 1903 644 1951 in
653 1899 797 1952 Thraciam
807 1901 906 1951 tenuit:
919 1901 969 1967 Ill,
985 1900 1016 1952 13
1026 1917 1086 1970 sqq.
1096 1930 1131 1939 —
1138 1901 1173 1952 68
1186 1900 1261 1952 Terra

211 1988 307 2066 procul
317 1983 393 2038 vastis
404 1980 502 2033 colitur
509 1980 643 2031 Mavortia
655 1981 763 2052 campis.
779 1978 891 2034 Thraces
900 1991 986 2031 arant,
1001 1980 1097 2032 condit
1107 1979 1152 2033 hic
1164 1982 1193 2031 in
1203 1980 1261 2031 lito-

212 2071 263 2124 rali
281 2067 363 2140 plaga
383 2062 489 2125 urbem,
501 2059 649 2112 AEneadas:
666 2077 692 2110 v,
716 2060 747 2112 16
755 2089 790 2100 —
798 2060 843 2126 18,
866 2057 939 2129 quod
957 2057 991 2111 de
1003 2061 1077 2128 AEno
1094 2059 1216 2112 Thracia
1228 2056 1261 2110 ad

213 2149 296 2206 Hebri
309 2147 377 2199 ostia
387 2139 575 2212 accipiendum
587 2157 659 2204 esse,
671 2140 791 2191 Excursu
803 2141 815 2190 l
827 2139 900 2192 adh.
913 2139 931 2190 l.
944 2139 1068 2192 vidimus.

248 2230 365 2284 Parabat
376 2227 472 2278 AEneas
481 2224 592 2286 Veneri,
605 2221 679 2286 Jovi,
693 2221 805 2293 aliisque
814 2220 865 2272 diis
875 2238 994 2286 sacrum,
1008 2239 1062 2292 quo
1073 2241 1136 2275 curn
1145 2222 1181 2275 ad
1191 2241 1262 2276 aram

212 2311 355 2368 velandam
367 2303 476 2360 froudes'
497 2323 528 2356 ex
547 2299 669 2375 proximo
681 2301 796 2374 virgulto
809 2314 926 2372 peteret,
945 2303 1071 2374 prodigio
1083 2307 1220 2377 sanguinis
1232 2323 1262 2357 ex

213 2393 299 2465 ruptis
310 2389 391 2441 ramis
401 2384 506 2436 fluentis
518 2399 632 2452 moxque
642 2381 744 2456 umbrae
754 2379 879 2453 Polydori
888 2383 1007 2447 monitu,
1019 2383 1123 2434 inferiis
1137 2385 1162 2434 ei
1171 2385 1261 2449 lactis,

213 2486 286 2526 terra
297 2467 421 2526 excessit;
435 2461 508 2533 quod
520 2479 575 2513 non
586 2460 640 2511 uisi
650 2477 713 2512 vere
727 2472 854 2530 sequente
866 2461 976 2512 factum.

248 2551 369 2602 Hiemem
380 2545 409 2594 in
420 2539 536 2592 Thracia
547 2537 595 2607 (h.
611 2557 634 2590 e.
652 2538 758 2590 Pallene
770 2539 782 2610 )
794 2556 811 2590 a
821 2539 944 2608 Trojanis
958 2550 1093 2606 exactam,
1106 2543 1189 2594 etium
1199 2545 1263 2597 Dio·

214 2646 271 2702 nys.
285 2643 317 2676 ex
332 2620 467 2674 communi
480 2619 584 2669 ratione
597 2611 679 2668 tradit
690 2619 716 2682 1,
736 2618 770 2688 49
783 2629 810 2670 et
823 2617 872 2684 63,
889 2620 940 2669 etsi
952 2620 1098 2690 superioris
1117 2623 1175 2690 jam
1187 2627 1265 2686 anni;

214 2707 277 2762 n‘am
288 2703 368 2771 hujus
381 2699 444 2750 anni
455 2695 570 2748 hiemem
579 2698 607 2747 in
619 2693 710 2748 Sicilia
719 2697 753 2748 ab
766 2699 798 2748 iis
815 2709 982 2749 consumtum
993 2701 1084 2768 ponit;
1097 2713 1128 2751 ut
1140 2701 1209 2754 adeo
1221 2721 1263 2755 se·

215 2795 395 2860 quenteanno
406 2775 523 2830 secundo
541 2795 557 2828 a
568 2776 650 2846 Troja
662 2788 743 2848 capta
759 2776 794 2829 ad
806 2795 898 2848 agrum
910 2777 1070 2831 Laurentem
1084 2784 1263 2850 pervenerint.

215 2870 249 2922 Et
267 2868 338 2919 hanc
359 2860 491 2928 rationem
510 2859 616 2931 sequuti
639 2871 701 2910 sunt
723 2857 784 2911 alii:
804 2871 834 2911 ut
853 2859 882 2911 L.
893 2857 999 2912 Cassius
1019 2861 1137 2916 Hemina
1155 2881 1199 2934 ap.
1218 2863 1264 2916 So-
1327 2859 1328 2866 ’

215 2950 255 3004 lin
266 2967 289 3002 c.
301 2965 326 3000 2.

217 3060 221 3067 “
321 3077 345 3114 a.
358 3057 387 3114 C.
400 3056 434 3110 N.
561 3030 779 3128 ¹oTrojacapta
929 3057 1059 3109 Errorum
1070 3059 1161 3114 AEneae

346 3142 411 3194 1182
648 3153 701 3190 aa
861 3180 863 3184 .
917 3149 918 3154 ’
1014 3139 1070 3192 a.3

250 3261 316 3315 Inde
329 3260 374 3312 ubi
383 3258 472 3331 prima
478 3255 548 3330 fides
559 3258 655 3334 priapo
664 3297 674 3326 ,
684 3257 845 3332 placataque
857 3259 928 3312 venti
943 3261 1018 3313 Dant
1028 3264 1116 3315 nuria
1135 3279 1187 3319 etc.
1196 3299 1198 3306 ‹
1208 3268 1264 3319 AEn.

216 3344 265 3410 lll,
279 3342 321 3410 69.
333 3341 402 3390 Vere
414 3339 537 3404 ineunte,
549 3339 611 3408 ἔαρος
624 3337 766 3408 ἐρχομένου,
785 3341 853 3392 mari
864 3341 1014 3410 patefacto,
1031 3360 1126 3396 versus
1137 3345 1266 3416 Archipe·

215 3424 307 3494 logum
318 3419 457 3489 navigant,
468 3419 564 3472 Delum
575 3423 742 3491 perveniunt.
758 3420 800 3472 Ab
815 3421 885 3471 Anio
897 3420 1019 3473 Anchisae
1032 3423 1146 3495 hospite
1153 3427 1267 3498 benigne
1327 3419 1328 3496 l

217 3501 321 3571 excepti
332 3496 484 3568 Apollinem
496 3501 651 3561 consulunt;
666 3519 682 3552 a
694 3517 748 3570 quo
761 3505 827 3552 cum
835 3503 971 3572 antiquam
984 3517 1097 3558 matrem
1109 3511 1267 3580 exquirere,
1327 3511 1328 3574 l

217 3580 244 3632 h.
255 3598 278 3630 e.
290 3596 349 3630 eam
358 3589 457 3628 terram
468 3591 603 3650 repetere,
613 3580 680 3648 jussi
692 3591 793 3646 esseut,
805 3580 877 3633 unde
889 3583 1003 3651 majores
1012 3583 1198 3654 Trojanorum
1207 3605 1268 3662 pro·
1327 3575 1328 3648 l

249 3759 282 3819 (ι)
301 3758 397 3822 Dionys.
417 3759 513 3822 quidem
531 3760 564 3824 uqi
585 3755 714 3824 iffic'iru,
762 3767 857 3812 initium
866 3766 937 3814 habet
946 3778 969 3815 et
978 3783 1032 3814 eum
1042 3771 1112 3818 annis
1123 3771 1187 3820 adeo
1196 3771 1269 3836 Olym-
1327 3763 1328 3810 i

216 3825 298 3894 πρώτῳ
312 3825 337 3876 dl
350 3824 464 3890 periculo
477 3825 574 3879 ἕλωσιν·
589 3831 630 3876 sed
641 3833 716 3878 utitur
763 3839 837 3898 picis,
858 3839 899 3902 qui
917 3851 941 3886 et
960 3841 1005 3903 ipsi
1025 3840 1082 3889 iude
1103 3843 1270 3898 ducebantur·
1327 3829 1328 3832 Ἴ

217 3899 258 3947 ille
269 3915 331 3946 anuo
340 3901 416 3946 Attico
424 3916 499 3957 novo,
510 3903 551 3963 qui
561 3899 714 3960 anoviluuiu,
764 3912 889 3972 conspirat.

218 3971 283 4035 qnod
296 3988 309 4018 a
322 3969 422 4020 solstitio
434 3975 511 4020 aestivo
523 3973 655 4034 proximum
666 3987 714 4034 est,
