2742 4586
237 275 301 347 232
481 282 516 347 P.
539 284 771 356 VIRGILII
795 295 1028 370 Minonis

234 399 371 480 Delitui,
387 401 467 468 dum
478 408 564 489 vela,
579 410 695 494 darent
706 417 734 479 si
745 418 845 499 forte,
860 420 1037 493 dedissent.

232 505 262 568 N
265 527 302 570 ec
314 505 395 570 mihi
405 509 473 598 jam
485 517 623 602 patriam
635 523 804 612 antiquam
816 547 890 614 spes
903 529 969 594 ulla
980 532 1130 618 videndi,

231 611 301 674 Nec
314 611 418 678 dulcis
431 634 524 685 natos
537 641 793 717 exoptatumque
804 652 992 720 parentem:

232 717 323 798 Quos
335 718 382 782 illi
394 721 461 788 fors
473 725 515 788 ad
526 751 640 814 poenas
653 732 695 796 ob
708 753 820 802 nostra
831 761 1006 827 reposcent

230 821 377 909 Effugia,
392 843 424 890 et
437 830 567 917 culpam
579 831 664 902 hanc
675 841 872 910 miscrorum
884 865 989 914 morte
1002 852 1150 938 piabunt.
1234 873 1275 932 ito

231 926 330 1008 Quod
343 946 389 1008 te,
403 955 463 1020 per
473 917 625 1023 superos,
640 959 672 1008 et
684 949 816 1014 conscia
828 954 965 1019 numina
976 959 1066 1036 veris

230 1033 306 1113 Per,
320 1036 347 1097 si
360 1060 424 1125 qua
437 1058 498 1121 est,
513 1066 587 1131 quae
599 1065 700 1128 restet
710 1051 820 1120 adhue
831 1059 1025 1126 mortalibus
1037 1086 1178 1153 usquam

230 1139 427 1206 intemerata
439 1143 535 1226 fides,
550 1173 623 1232 oro,
637 1155 793 1223 miserere
805 1161 957 1228 laborum

228 1244 428 1330 Tantorum3
442 1253 597 1320 miserere
608 1261 709 1324 animi
722 1287 790 1330 non
802 1265 901 1356 digna
913 1271 1058 1338 ferentis.

273 1352 333 1416 His
344 1353 485 1421 lacrimis
498 1359 598 1426 vitam
611 1363 740 1448 damus,
755 1387 788 1436 et
799 1373 1040 1450 miserescimus
1053 1381 1150 1454 ultro.
1230 1401 1270 1458 145

227 1541 263 1587 pr.
274 1527 311 1572 Sic
322 1528 375 1574 deb.
386 1532 524 1600 Limosaque
535 1511 635 1586 libus-
642 1541 696 1589 ulva
702 1579 709 1601 ,
721 1547 786 1609 quod
795 1549 925 1598 imitatione
935 1568 1067 1616 expressum
1081 1570 1164 1620 putare
1173 1565 1247 1623 possis
1258 1581 1271 1610 a

225 1597 320 1644 Lucano
330 1602 355 1645 in
364 1615 421 1649 noto
430 1605 472 1651 illo
482 1624 488 1652 t
498 1611 574 1656 Exsul
584 1612 661 1659 limosa
673 1619 838 1682 Maritucuput
848 1621 934 1668 abdidit
942 1623 1008 1680 ubre,
1020 1627 1054 1682 ll,
1068 1645 1104 1690 7⁰·
1115 1656 1146 1665 -
1159 1633 1209 1679 136.
1221 1634 1270 1679 dili·

225 1673 266 1712 eui
274 1671 365 1734 Menag.
383 1674 422 1720 alt.
439 1679 504 1725 duret
511 1681 592 1744 fragm.
609 1687 693 1733 Monet.
707 1693 729 1734 si
734 1691 797 1752 sorte
808 1692 893 1738 tulisset
904 1693 1052 1744 alterllamb.
1065 1699 1132 1746 solita
1144 1707 1272 1751 variatione

225 1741 251 1784 in
263 1739 307 1786 hoe
319 1745 405 1802 verb03
417 1751 460 1795 nisi
470 1765 537 1812 putes
548 1771 553 1800 :
563 1759 585 1801 si
584 1757 640 1818 fata
650 1759 760 1808 adissent.
770 1767 867 1812 Sensum
876 1769 1024 1814 commodum
1042 1773 1119 1817 versui
1128 1773 1219 1836 subjeci
1231 1779 1270 1820 in-

224 1815 389 1870 terpunctione
400 1832 487 1866 mutata
498 1839 503 1867 ε
513 1837 540 1869 ut
549 1827 592 1882 sit,
602 1829 657 1873 dunt
665 1831 715 1878 vela
727 1835 839 1883 dedissent
845 1871 852 1893 ,
862 1841 883 1882 si
886 1838 950 1899 sorte
963 1839 1049 1885 durent.
1060 1841 1137 1903 Vulgo
1149 1843 1270 1906 legebatur

222 1882 306 1941 jejune
316 1895 339 1928 et
348 1887 495 1938 incommode
501 1911 508 1947 ;
518 1895 572 1940 dum
583 1897 632 1943 vebs
641 1902 734 1959 durent,
743 1909 765 1950 si
765 1906 829 1969 forte
844 1909 964 1954 dedissent.
980 1909 1055 1958 Multa
1069 1925 1207 1974 argutantur
1218 1918 1269 1961 Ser·

223 1952 276 1996 vius
287 1965 310 1998 et
326 1956 442 2015 Donatus;
452 1963 525 2019 nibil,
536 1968 601 2029 quod
616 1971 646 2016 ad
657 1989 707 2020 rem
725 1976 801 2024 iaciat.
817 1981 898 2042 itaque
910 1979 1026 2027 malebam
1041 1985 1164 2044 suspicari,
1177 2001 1269 2032 ‘imum

222 2025 386 2084 imperfectum
395 2047 400 2075 :
410 2033 496 2080 Deiitui
501 2070 508 2090 ,
520 2039 575 2084 dum
583 2041 633 2088 vela
644 2045 735 2104 darent,
746 2050 775 2094 ab
787 2051 862 2097 aliena
876 2069 947 2101 manu
958 2053 1018 2101 maie
1028 2070 1076 2102 esse
1086 2055 1229 2118 suppletum.
1239 2084 1270 2094 -

226 2093 276 2140 138.
290 2098 322 2142 Ex
333 2101 448 2151 Servianis
458 2123 568 2170 apparet,
580 2114 651 2162 tuisse
667 2117 737 2176 olim,
750 2124 791 2184 qui
807 2122 906 2186 duplices
919 2125 1036 2187 legerent,
1046 2129 1101 2190 quia
1121 2127 1200 2174 dulces
1217 2128 1268 2175 leve
1355 2155 1356 2160 ¹

223 2178 283 2212 esset
295 2181 318 2213 et
327 2185 450 2221 commune
463 2179 585 2240 epitheton
595 2184 729 2235 liberorum.
741 2192 830 2254 inepte.
839 2219 872 2229 -
884 2195 933 2255 139.
937 2196 990 2258 fors
999 2205 1022 2242 et
1029 2213 1052 2259 p.
1066 2196 1152 2244 Medic.
1168 2197 1230 2243 Gud.
1246 2211 1269 2244 et

219 2237 330 2285 Rottend.
341 2253 403 2301 tert,
414 2249 499 2309 quibus
508 2253 569 2300 adde
579 2258 692 2306 Servium.
703 2275 730 2307 ut
740 2264 781 2310 sit:
790 2265 935 2328 quosfhrsun
943 2271 1010 2313 etiem
1017 2266 1051 2312 iili
1056 2278 1135 2332 poenas
1145 2279 1267 2331 reposcent.
1355 2289 1356 2306 l

219 2321 311 2368 poscere
320 2325 372 2356 cum
383 2313 475 2363 duobus
486 2327 623 2372 accusativis
636 2327 736 2378 illustrat
748 2335 836 2390 iieins,
848 2335 891 2381 scd
906 2349 969 2383 recte
979 2350 1058 2384 monet
1067 2339 1228 2395 burmannus,
1240 2341 1268 2384 iis

221 2374 298 2422 locum
309 2396 369 2438 esse,
379 2385 420 2429 ubi
430 2387 519 2450 aliquid
528 2399 656 2454 poscimus,
668 2403 732 2464 quod
741 2403 781 2450 ille
792 2408 840 2467 ipse
849 2441 856 2458 ,
869 2425 881 2453 a
893 2424 941 2470 quo
950 2412 1062 2470 poscitur,
1075 2409 1130 2456 dere
1142 2409 1181 2455 vel
1190 2410 1267 2456 facere

219 2449 306 2506 possit;
320 2463 343 2495 at
356 2451 398 2497 iiiii
410 2457 454 2515 ipsi
465 2461 558 2508 Sinonis
566 2468 616 2513 viee
627 2473 742 2530 puniendi
751 2477 915 2536 poscebantur.
925 2479 979 2541 fors
991 2489 1014 2524 et
1029 2492 1105 2525 ortum
1116 2481 1266 2542 exscriptum

219 2521 313 2580 antiqua
323 2531 349 2566 at
360 2540 404 2584 pro
412 2527 450 2570 ad.
459 2529 562 2580 iunxere
579 2539 642 2599 apud
651 2543 756 2590 Servium
766 2546 887 2611 aliisorset
901 2551 1033 2614 prosensit,
1045 2552 1093 2597 fors
1109 2553 1150 2607 sit,
1161 2553 1265 2597 fortasse.

155 2575 157 2586 '
219 2585 342 2647 Vulgatam
358 2591 428 2640 babet
442 2597 591 2662 Pomponius.
612 2610 673 2668 Quos
691 2613 725 2660 iili
742 2619 809 2680 adp.
824 2619 908 2682 forsan
928 2621 966 2668 ed.
990 2625 1049 2668 Ven.
1064 2647 1095 2658 -
1111 2621 1162 2678 ¹40·
1180 2622 1266 2685 refltyfss

216 2655 291 2715 Bigot.
304 2684 335 2694 -
348 2659 397 2716 ¹4²·
412 2675 480 2712 restet
492 2672 521 2716 ab
533 2674 612 2723 Heius.
629 2696 764 2746 receptum,
781 2691 869 2752 quippe
889 2689 1015 2753 elegantius
1027 2702 1080 2753 post
1092 2694 1113 2736 si
1124 2701 1227 2754 quaest,
1238 2707 1265 2736 ex

216 2726 303 2773 Medic.
316 2746 328 2774 a
338 2747 368 2776 m.
381 2749 426 2780 sec.
438 2739 546 2790 Gudiano
555 2761 601 2794 sec.
613 2763 636 2796 et
645 2766 697 2802 tert.
711 2759 819 2806 Rottend.
831 2773 854 2806 et
866 2763 1032 2824 Menag.,adde
1043 2763 1112 2808 Goth.
1124 2775 1177 2808 tert.
1187 2763 1265 2824 V⁰lb⁰

183 2821 187 2826 .
217 2805 293 2842 restat.
311 2817 412 2866 unquam
422 2808 508 2856 Medic.
525 2831 537 2860 a
550 2833 581 2862 m.
591 2837 627 2882 pr.
645 2838 668 2870 et
685 2826 724 2874 alii
737 2832 825 2877 vitiose.
835 2857 868 2868 —
880 2831 929 2888 rd'i.
943 2832 1022 2882 bomin
1035 2849 1065 2878 m.
1077 2833 1179 2879 laborum
1187 2835 1263 2895 Rigot.
1355 2881 1356 2906 3

215 2867 327 2916 malorum
337 2875 396 2922 Veu.
405 2903 436 2916 ·-
447 2883 496 2940 tili-
508 2891 611 2938 miserere
619 2899 663 2942 viri
673 2899 747 2962 Rigot.
757 2928 789 2939 κ-
801 2901 851 2959 145.
869 2908 956 2950 ventem
964 2907 1012 2952 MS.
1023 2908 1102 2953 Petav.
1112 2905 1214 2953 sollenni
1224 2921 1265 2952 va·
1355 2923 1356 2956 t

215 3008 251 3060 ad
272 3030 345 3068 eram
367 3020 564 3097 adducebatur,
590 3040 640 3089 etsi
657 3043 714 3109 jam
764 3047 1264 3119 expiabunt,propunient,ulcisctu·
1355 3079 1356 3104 ³

215 3089 331 3145 vittatus.
353 3117 377 3150 v.
395 3103 466 3156 infra
487 3109 543 3161 156.
557 3113 626 3167 Ante
640 3137 713 3171 aram
762 3135 820 3189 tur,
831 3125 967 3196 exquisite.

214 3185 278 3221 voro
297 3176 384 3231 soluta
405 3185 492 3236 stabat
508 3187 605 3242 hostia.
626 3196 714 3252 Multa
800 3205 856 3270 141.
873 3205 963 3276 Qumi,
977 3225 1030 3277 qua
1047 3209 1075 3258 in
1087 3225 1130 3272 ΓΘ,
1149 3220 1180 3257 ¹¹¹
1191 3225 1261 3278 ⁸³³1oe
1355 3209 1356 3228 ³

213 3247 239 3298 h·
251 3249 268 3299 l·
283 3269 440 3324 argutantur
450 3263 520 3315 Serv.
534 3282 560 3320 et
572 3270 666 3326 Cerda.
732 3309 734 3315 ·
761 3285 978 3337 transituiservit.
987 3286 1058 3338 Serv.
1067 3299 1179 3356 propter
1188 3288 1262 3357 quod

252 3332 308 3400 137·
322 3334 465 3407 Sequentia
474 3351 578 3419 egregie
589 3352 624 3403 ad
633 3357 710 3408 mise·
760 3373 786 3412 te
799 3380 855 3415 uro.
875 3365 908 3415 ci.
924 3367 1066 3418 Burmann.
1081 3366 1128 3416 Est
1141 3386 1173 3418 ex
1187 3368 1232 3418 Gr.
1250 3364 1265 3417 δ’

212 3413 343 3480 rationem
360 3417 429 3471 ficta.
452 3425 481 3474 ln
507 3429 603 3495 quibus
622 3451 710 3504 respe-
758 3458 808 3510 pro
823 3442 881 3492 καθ’
901 3443 923 3494 i.
940 3444 970 3494 a’
988 3440 1006 3495 i.
1027 3447 1130 3498 conscia
1147 3449 1261 3505 numina

148 3497 149 3500 ’
210 3491 279 3543 xiste
300 3494 384 3548 videri
403 3514 492 3570 potest
509 3506 585 3559 iliad.
604 3530 628 3570 s,
647 3513 706 3578 408.
758 3520 827 3584 veri,
851 3523 1015 3593 inspectores
1040 3545 1071 3577 ac
1095 3538 1193 3593 testes,
1217 3548 1260 3579 me

210 3569 549 3654 ios-patriamannquam,
558 3591 704 3658 pristinem.
756 3615 944 3654 veranum-are.
955 3605 1018 3654 Mox
1028 3603 1075 3670 143
1079 3603 1149 3675 fides
1156 3645 1165 3672 ‚
1178 3626 1259 3677 quam

209 3649 276 3702 nibil
298 3657 419 3726 amplius.
442 3663 571 3717 Omnibus
591 3670 706 3739 colonis,
755 3674 799 3727 hic
822 3679 965 3747 inclamat,
987 3696 1027 3734 est
1048 3685 1114 3751 justi
1135 3688 1257 3758 rectique

209 3730 357 3800 exsulibus,
371 3741 516 3812 transfugis¹
526 3748 601 3814 prior
618 3753 706 3819 patria
755 3755 940 3825 observantia,
959 3761 986 3812 h.
1006 3763 1023 3814 l.
1043 3765 1108 3832 juris
1127 3765 1214 3819 divini
1230 3781 1258 3824 et

208 3821 248 3859 est
264 3813 375 3884 antiqua
384 3819 482 3886 patria.
503 3823 537 3872 cf.
557 3824 651 3878 Cerda.
668 3831 705 3882 Ob
753 3835 936 3892 humanitatis.

207 3897 294 3940 nostra
301 3891 417 3965 effugia,
426 3897 530 3965 plenius
536 3920 615 3970 quam
625 3909 703 3962 exile:
792 3919 848 3984 145.
862 3921 912 3971 His
932 3919 1061 3988 lacrimis,
1080 3938 1194 3996 propter
1205 3925 1254 3976 has

209 3967 243 4028 ob
256 3971 347 4041 fugam
358 3991 445 4028 meam
453 4005 489 4017 -
497 3979 626 4060 piabunt,
639 3985 665 4048 h,
680 4010 702 4042 e.
752 3993 883 4050 lacrimas.
896 3999 969 4070 quod
980 4000 1088 4072 vulgare
1100 4018 1186 4070 esset,
1203 4007 1253 4076 ipsi
