2742 4586
243 219 303 312 176
450 193 454 200 ’
582 195 1028 291 excursusnt'

238 347 398 419 Aquilonem
409 357 468 398 cum
480 345 521 398 bis
534 364 588 398 non
598 351 739 400 memorari
752 350 833 400 miror
847 347 982 420 equidem.
995 347 1078 415 Nam,
1091 347 1165 418 quod
1182 347 1284 404 Seneca

237 427 299 477 Nat.
313 426 363 491 Qu.
375 427 411 489 V,
427 427 472 490 16,
484 425 530 476 ubi
539 424 566 476 b.
580 426 597 476 b
614 428 726 491 excitat,
743 427 803 478 Una
811 466 820 492 ‚
833 429 920 497 inquit
928 465 937 491 ,
950 428 1090 498 Eurusque
1099 428 1237 500 Notusque
1248 457 1283 468 -·-

236 504 362 574 Africus,
375 514 414 568 et,
428 505 474 574 qui
485 505 574 555 locum
584 506 612 555 in
624 505 671 558 illa
681 508 738 558 rixa
746 524 800 556 non
812 505 923 570 habuit,
935 504 1050 578 Aquilo,
1063 524 1154 558 verum
1164 525 1219 556 non
1229 520 1281 570 'est3

237 586 290 635 nisi
302 596 405 635 tantum
420 582 472 634 hoc
485 583 574 636 dicere
586 584 684 654 voluit,
697 588 823 636 omissum
836 603 892 636 esse
908 585 1069 654 Aquilonem
1082 602 1098 635 a
1109 597 1199 654 poeta.
1213 587 1283 636 Nam

237 664 273 716 ad
290 665 401 717 classem
412 666 512 732 AEneae,
530 683 587 734 quae
603 685 618 716 a
630 665 724 717 Siciliae
740 664 818 717 litore
838 665 997 718 occidentali
1016 659 1108 716 evecta
1123 683 1231 716 cursum
1248 664 1282 716 ad
1341 663 1343 669 '

236 745 342 798 Italiam
353 745 476 808 tenebat,
488 763 579 796 versus
594 744 690 796 Africa
704 746 783 796 litora
796 745 984 814 rejiciendam,
997 744 1137 814 Aquilonis
1148 763 1227 811 sane,
1237 755 1282 796 aut

237 825 346 878 alterius
358 828 429 878 venti
449 844 481 876 ex
498 827 586 877 vicino
606 824 728 888 cardine,
748 838 838 896 partes
859 843 915 878 esse
936 825 1052 877 debuere
1069 827 1218 896 praecipuae.
1232 823 1282 875 Sed

238 927 299 959 eum
320 908 446 958 omissum
467 919 541 958 tanto
561 909 644 978 magis
664 909 781 971 mireris,
804 906 1022 978 quandoquidem
1035 907 1062 956 in
1075 906 1140 957 ¹loco
1160 907 1281 969 Homeri,

221 993 316 1058 'quem
328 987 415 1039 verbis
428 989 569 1058 expressit,
588 986 683 1058 Odyss.
700 1007 723 1046 s,
739 985 803 1056 295,
821 988 868 1039 ubi
884 988 989 1059 Ulysses
1008 1004 1039 1037 ex
1051 985 1181 1058 Calypsus
1195 984 1283 1036 insula

237 1069 320 1120 redux
332 1070 406 1138 gravi
419 1079 575 1137 tempestate
588 1068 762 1138 opprimitur,
780 1087 840 1119 cum
857 1071 951 1120 ceteris
968 1067 1053 1118 ventis
1072 1062 1149 1134 Rupis:
1169 1064 1282 1133 αἰθρηγε-

237 1145 298 1203 rimu
309 1161 471 1200 memoratus
483 1149 525 1199 sit.
539 1149 572 1198 Et
584 1150 612 1198 in
624 1147 708 1199 altero
718 1148 779 1199 loco
788 1140 880 1219 Odyss.
895 1170 915 1210 r,
929 1149 970 1200 80.
983 1149 1030 1212 81,
1041 1145 1223 1216 ubiUlqsses,
1238 1147 1282 1215 qui

236 1227 308 1279 ultra
320 1227 421 1278 Maleas
433 1226 546 1298 provehi
557 1245 611 1278 non
624 1239 742 1296 poterat,
758 1245 849 1278 versus
863 1228 950 1300 Libya
968 1227 1045 1288 litus,
1062 1225 1097 1276 ad
1110 1223 1282 1294 Lotophago-

236 1324 296 1356 rum
314 1305 442 1371 insulam,
462 1306 614 1376 Meningem
631 1323 688 1356 esse
705 1317 814 1374 putant,
828 1306 958 1374 rejicitur,
975 1305 1060 1356 Borea
1080 1315 1176 1367 vento,
1190 1314 1217 1353 et
1230 1320 1282 1372 quo

237 1387 291 1438 alio
310 1384 390 1437 vento
402 1385 458 1436 lieri
474 1385 503 1435 id
514 1387 660 1454 potuisset?
672 1385 700 1435 id
712 1386 814 1436 factum
827 1397 997 1436 memoratur.
1011 1383 1135 1436 Similiter
1152 1381 1186 1433 de
1199 1383 1283 1452 Argo-

236 1468 324 1518 nautis
335 1465 407 1538 apud
419 1463 592 1536 Apollonium
605 1467 654 1528 IV,
675 1463 756 1528 1231,
771 1482 838 1534 quos
852 1483 883 1516 ex
899 1466 974 1514 Ionio
991 1465 1058 1514 mari
1074 1464 1101 1513 in
1114 1461 1201 1533 Syrtes
1215 1475 1283 1512 tem-

236 1559 326 1616 pestas
336 1547 471 1616 impingit,
488 1542 527 1593 nal
540 1542 588 1595 ’τότ’
607 1541 758 1612 dsepudydrs
778 1541 828 1594 tul
841 1541 922 1612 depicto
941 1541 1033 1593 θύελλα
1046 1539 1169 1607 Memmi:
1179 1539 1283 1606 πέλαγος

236 1623 407 1684 ‘rediturarum
420 1620 525 1690 -qt'pss
545 1622 645 1674 Habuit
665 1637 752 1674 autem
769 1636 794 1674 et
811 1623 882 1674 hunc
902 1625 989 1694 ipsum
1005 1622 1094 1674 locum
1108 1634 1169 1672 ante
1190 1621 1282 1672 oculos

237 1705 376 1776 Virgilius,
389 1712 419 1754 ut
435 1702 582 1773 epluribus
599 1705 716 1774 vestigiis
729 1702 870 1775 intelligas.
890 1703 1039 1756 Dicendum
1055 1707 1159 1772 itaque,
1174 1714 1283 1771 poetam

224 1796 330 1842 ,ventos
343 1780 493 1852 promiscue
505 1781 531 1831 h.
543 1781 559 1831 l.
573 1785 708 1852 posuisse,
718 1800 768 1833 nec
779 1783 813 1833 ad
826 1783 991 1834 subtiliorem
1002 1782 1119 1852 aliquam
1131 1782 1263 1832 rationem
1274 1801 1281 1840 ;

237 1852 266 1914 in
278 1881 332 1914 una
350 1861 443 1912 saltem
462 1861 582 1931 procella
600 1863 690 1930 ipsum
708 1860 869 1932 Aquilonem
886 1864 1007 1913 nominat
1018 1863 1064 1912 inf.
1081 1880 1104 1911 v.
1129 1877 1185 1912 102.
1199 1861 1281 1909 Porro

238 1943 319 1994 aliam
329 1940 511 1993 difficultatem
524 1942 551 1992 in
563 1941 589 1992 h.
606 1941 623 1992 l.
639 1960 745 1994 movere
755 1942 841 1994 videri
851 1955 939 2014 potest
953 1942 1053 1994 Seneca
1064 1941 1081 1992 l.
1094 1941 1130 2007 l.,
1142 1940 1204 2004 ubi,
1217 1942 1281 1991 reci·

237 2025 299 2075 tatis
311 2021 352 2074 his
367 2022 500 2086 versibus,
519 2021 547 2071 irs
562 2041 644 2072 urtam
658 2033 833 2093 tempestatem
844 2043 932 2075 omnes
944 2034 1031 2074 ventos
1042 2021 1197 2094 congregari
1212 2039 1282 2092 posse

237 2113 332 2174 nepot:
346 2119 387 2152 res
397 2101 498 2152 scilicet
508 2101 545 2151 ita
554 2101 588 2152 ad
598 2101 785 2154 libramentum
794 2103 908 2168 rediret,
922 2115 948 2154 et
955 2103 1115 2172 Aquilonem
1125 2101 1281 2170 reprimeret

237 2185 347 2248 Auster,
360 2185 433 2235 etsie
446 2200 536 2252 porro.
549 2183 694 2234 Poetarum
707 2202 758 2235 usu
769 2184 889 2236 defendit
897 2198 1018 2236 nostrum
1029 2194 1137 2254 poetam
1147 2181 1235 2234 Cerda
1247 2183 1278 2234 cf.

173 2271 176 2279 ‘
238 2263 286 2312 inf.
297 2262 399 2331 II,417,
412 2273 439 2312 et
451 2261 560 2312 alterius
573 2261 677 2315 Seneca
687 2265 860 2316 imitationem
871 2265 1025 2336 Agamemn.
1037 2262 1177 2331 473-476
1189 2260 1280 2314 habes.
1351 2309 1352 2312 ,

237 2343 380 2393 Enimvero
392 2339 563 2411 cogitandum
576 2354 615 2392 est
631 2341 664 2394 de
674 2343 767 2394 subitis
780 2356 919 2395 ventorum
930 2341 1163 2405 conversionibus,
1177 2360 1209 2392 ao
1221 2360 1280 2411 pro-

239 2420 366 2472 cellarum
380 2418 413 2470 ab
426 2420 548 2470 omnibus
558 2420 643 2491 plagis
656 2423 893 2492 circumagentium
907 2441 935 2473 se
947 2420 1137 2473 vicissitudine.
1150 2421 1279 2471 Naturam

176 2543 181 2550 .
238 2501 279 2550 rei
294 2499 365 2551 clare
377 2502 505 2569 expressit
516 2501 593 2550 Hom.
612 2501 706 2573 Odyss.
728 2501 908 2564 ·‚331.332:
932 2505 1034 2554 Navem
1053 2497 1280 2566 &affirmativum

239 2576 303 2644 φέρον
317 2577 377 2631 lite
391 2575 430 2629 sal
444 2577 518 2639 trba,
531 2573 625 2631 'Attum
634 2578 676 2644 ptr
690 2601 715 2632 ct
727 2577 800 2634 Νότος
813 2579 878 2649 Βορίῃ
895 2577 1039 2648 προβάλεσκε
1053 2578 1177 2646 φέρεσθαι·
1186 2577 1279 2628 “Amore

239 2659 265 2708 θ’
275 2651 326 2710 αὖτ’
343 2651 409 2726 Eipts
421 2656 511 2726 Ζεφύρῳ
529 2657 621 2725 riferus
637 2657 733 2713 dudum.
751 2648 875 2713 Ceterum
887 2663 914 2712 in
924 2660 1036 2733 ⁴Senecae
1047 2660 1080 2709 N.
1091 2659 1124 2725 Q.
1142 2658 1195 2709 loc.
1209 2657 1278 2709 laud.

238 2755 333 2790 vereor
356 2757 389 2793 ne
413 2739 513 2792 verba:
534 2741 605 2812 quod
623 2739 689 2812 fieri
718 2739 794 2792 nullo
820 2741 896 2794 modo
921 2751 1022 2813 potest,
1049 2740 1082 2792 ab
1111 2738 1164 2791 alio
1193 2751 1280 2792 assuta

240 2829 298 2872 ttnt.

689 2981 829 2996 m

519 3123 881 3216 EXCURSUS
911 3117 1000 3214 IV.
1047 3158 1054 3180 ⁸

426 3293 511 3362 A'roe
523 3299 558 3361 in
571 3301 658 3364 utari
667 3320 713 3362 erc
724 3293 859 3365 adverso
875 3289 1092 3389 Carthaginis.
1150 3309 1154 3318 ’

275 3450 301 3518 l,
323 3453 371 3504 108
384 3481 418 3492 --
435 3469 491 3504 112.
510 3453 568 3504 Tris
585 3455 670 3506 Notus
686 3456 803 3526 abreptas
825 3457 853 3507 in
870 3475 933 3507 saxa
948 3455 1058 3507 latentia
1077 3465 1197 3528 torquet:
1214 3457 1280 3510 Saxa
1351 3491 1352 3526 ,

239 3541 335 3584 vocant
351 3529 433 3595 Itali,
455 3531 547 3583 mediis
567 3533 670 3603 quoe'in
683 3533 828 3608 fluctibus,
849 3553 925 3586 aras:
949 3537 1062 3588 Dorsum
1083 3535 1200 3586 immane
1216 3534 1282 3584 mari
1351 3529 1352 3536 ¹

238 3629 348 3666 summo.
364 3609 422 3661 Tris
432 3611 520 3663 Eurus
531 3613 563 3662 ab
575 3607 637 3662 olto¹
646 3614 680 3662 In
697 3614 783 3663 brevia
793 3626 819 3665 et
835 3616 910 3685 syrtis
922 3625 1017 3686 urguet
1024 3653 1032 3680 ,
1054 3613 1202 3666 miserabile
1218 3615 1279 3666 visu.

240 3693 294 3743 Aut
305 3689 386 3756 Itali,
397 3692 525 3759 Romani,
541 3694 651 3743 omnino
667 3701 830 3765 qaaecumque
843 3715 920 3762 saxa,
933 3713 1024 3747 omnes
1041 3695 1182 3766 scopulos,
1194 3694 1280 3746 medio

238 3771 267 3822 in
276 3771 343 3821 mari
354 3787 412 3822 aras
426 3783 536 3835 vocant,
551 3772 775 3840 quemadmodum
784 3794 830 3826 ara
843 3795 948 3827 omnem
956 3775 1120 3846 crepidinem
1128 3787 1154 3826 et
1165 3767 1280 3825 emine1l2

238 3853 303 3904 tiam
314 3852 397 3902 veteri
410 3862 530 3902 ser'm'one
546 3850 711 3923 designabat.
729 3856 814 3917 Notus
831 3857 906 3907 locus
919 3856 1012 3928 Scalig.
1031 3857 1130 3907 Auson.
1150 3855 1223 3906 Lect.
1242 3855 1279 3918 ll,

241 3947 282 3982 22.
298 3931 332 3980 At
349 3930 387 3982 sic
398 3929 570 4001 frigidissima
582 3945 650 3984 esset
664 3935 757 3987 oratio.
777 3937 830 3989 Aut
848 3936 881 3989 de
901 3948 972 3990 certo
993 3937 1083 4006 aliquo
1105 3934 1166 3987 loco
1187 3935 1279 4006 agitur,
