2718 4598
267 257 317 349 P.
349 257 639 349 VIRGILII
671 261 975 390 MARONIS
1011 187 1012 192 ‘
1138 315 1141 322 ι

409 484 846 624 AEunrnos
1108 451 1113 461 “

265 889 267 894 ψ
311 733 550 840 mam
591 687 942 874 ruamus

304 1191 306 1198 ⁴
368 1252 371 1257 -
453 1191 795 1287 aucune'urun.

102 1351 243 1458 Errare
261 1397 368 1481 Troja,
384 1402 494 1462 AEneas
512 1403 650 1466 collectis
671 1427 799 1468 suorum
815 1406 969 1490 reliquiis,
986 1429 1055 1490 quae
1067 1409 1146 1470 caedi
1224 1401 1226 1407 ¹

99 1483 297 1570 flammisque
311 1504 511 1571 supererant,
532 1483 704 1576 parataque
722 1495 807 1577 apud
820 1495 1017 1554 Antandrum
1032 1498 1146 1578 viginti

99 1576 230 1634 navium
242 1575 358 1652 classe,
372 1579 512 1658 primum
526 1581 559 1638 in
574 1579 738 1640 Thraciam
753 1581 994 1657 deferturzuhi,
1012 1603 1084 1642 cum
1099 1582 1146 1642 fu-

101 1679 181 1724 turae
196 1665 283 1726 urbis
295 1665 501 1728 fundamenta
515 1682 663 1750 poneret,
680 1673 806 1730 territus
825 1671 975 1754 Polydori
987 1693 1005 1730 a
1020 1672 1146 1753 Polym·
1204 1741 1208 1745 ‚

99 1767 225 1814 nestore
240 1757 308 1816 caesi
322 1756 493 1838 prodigiis,
508 1757 622 1818 Delum
638 1761 718 1840 petit
740 1781 856 1842 1-77.
871 1759 1087 1842 Consultoque
1102 1759 1147 1818 ibi

99 1843 256 1921 Apollinis
276 1845 420 1920 oraculo,
442 1867 513 1907 curn
533 1849 697 1928 antiquam
714 1850 812 1928 gentis
832 1869 896 1910 suaa
913 1863 1065 1925 matrem,
1086 1847 1147 1908 hoc

101 1946 164 2008 est,
178 1937 313 2015 primam
326 1937 456 2017 originis
469 1955 531 1997 suae
543 1950 658 1996 terram
671 1937 869 2018 repetendam
880 1937 1053 2013 didicisset,
1067 1935 1147 1996 falsa

98 2021 241 2083 Anchisae
263 2025 361 2105 patris
383 2026 640 2104 interpretatione
659 2024 827 2099 adductus,
846 2028 968 2086 Cretam
983 2022 1148 2085 contendit

101 2134 217 2174 -120.
234 2116 349 2174 Verum
368 2133 441 2173 cum
455 2111 500 2172 ibi
520 2134 661 2195 quoque,
676 2117 787 2196 positis
796 2112 1057 2194 jammoenibus,
1075 2135 1146 2195 gra-

98 2203 228 2260 vissima
242 2215 329 2282 peste
341 2202 566 2283 exagitaretur,
580 2203 614 2261 in
629 2205 748 2262 somnis
759 2205 899 2262 monitus
915 2223 932 2260 a
946 2202 1007 2261 diis
1016 2202 1144 2275 ,Penati-

100 2289 181 2364 bus,
201 2288 311 2350 relicta
333 2291 439 2364 Creta,
459 2287 583 2349 ltaliam
601 2292 682 2370 petit
699 2311 815 2369 -192.
839 2287 888 2350 lbi
909 2287 1014 2349 subito
1033 2286 1146 2349 oborta

99 2390 303 2458 tempestate,
326 2379 466 2458 primum
490 2375 533 2436 'ad
556 2376 746 2459 Strophades
772 2376 889 2436 insulas
914 2376 1083 2458 appulsus,
1107 2375 1147 2435 ah

99 2466 247 2546 Harpyiis
262 2463 428 2525 infestatur
440 2466 556 2544 -269.
569 2466 644 2525 Mox
657 2467 779 2525 Actium
794 2464 931 2540 delatus,
946 2466 979 2524 in
993 2463 1146 2524 honorem

100 2554 258 2636 Apollinis
271 2553 362 2615 ludos
370 2551 554 2614 celebrat-
563 2574 630 2634 290.
642 2554 728 2629 Inde,
736 2555 905 2636 Corcyram
917 2565 1145 2636 praetervectus,

99 2643 233 2723 Epirum
247 2654 349 2702 tenet:
366 2662 435 2723 quae
448 2641 481 2700 id
497 2644 648 2724 temporis
661 2641 781 2702 Heleno
794 2645 911 2702 Priami
921 2642 988 2704 filio
999 2639 1145 2725 parebat,

99 2732 150 2790 cui
165 2745 238 2810 post
251 2730 362 2811 Pyrrhi
382 2729 499 2791 caedem
516 2730 733 2791 Andromache
755 2733 787 2790 in
799 2731 990 2812 conjugium
1004 2742 1145 2792 cesserat.

98 2816 237 2878 Helenus
251 2819 381 2879 AEneam
395 2818 534 2901 hospitio
549 2821 682 2901 excipit,
701 2821 849 2900 omnique
868 2819 1074 2894 humanitatis
1092 2839 1144 2898 ge·

97 2925 174 2966 nere
188 2904 420 2988 complectitur,
432 2909 730 2990 imminentiumque
742 2921 823 2967 terra
838 2909 980 2988 marique
990 2905 1146 2987 periculo·

98 3015 171 3054 rum
185 2994 350 3054 certiorem
369 2993 446 3054 facit
458 3030 497 3042 -
506 2995 573 3055 505.
593 2997 718 3070 AEneas,
732 2994 837 3056 relicta
850 2995 962 3076 Epiro,
976 2995 1145 3058 Tarentum

99 3083 299 3164 primamque
309 3079 406 3140 ltalioe
417 3101 506 3141 oram
520 3093 749 3162 praetervectus,
762 3081 878 3141 adeam
890 3079 1001 3140 Siciliae
1012 3095 1145 3160 partem,

99 3193 169 3253 quae
189 3170 288 3230 AEtnae
302 3171 403 3228 monti
417 3167 550 3249 adjacet,
569 3169 748 3250 appellitur.
770 3172 817 3229 lbi
833 3163 1145 3243 Achemenidem,'ab

98 3259 209 3341 Ulysse
222 3259 256 3316 in
268 3255 416 3338 Cyclopis
431 3271 519 3334 antro
537 3257 711 3332 desertum,
726 3257 899 3338 supplicem
913 3257 1037 3338 recipit,
1052 3255 1145 3316 edoc-

99 3363 214 3429 tusque
224 3345 263 3405 ab
273 3366 310 3408 eo
322 3345 361 3405 de
373 3345 547 3427 Cyclopum
556 3346 691 3422 feritate,
701 3344 773 3405 inde
786 3364 913 3405 ancoras
923 3343 1016 3403 solvit
1028 3346 1144 3407 —6812

99 3455 285 3516 memorque
299 3440 530 3516 praeceptorum
544 3434 674 3509 Heleni,
688 3434 792 3492 vitatis
807 3428 982 3512 Charybdis
994 3445 1025 3491 et
1036 3433 1145 3514 Scyllae

99 3523 261 3608 periculis,
276 3523 388 3586 Siciliae
401 3522 495 3582 litora
506 3522 603 3604 longo
619 3525 750 3584 circuitu
763 3525 1003 3597 ¹circumvectus,
1018 3523 1145 3584 tandem

97 3615 283 3694 Drepanum
304 3610 484 3687 advehitur,
505 3611 560 3671 ubi
577 3611 744 3687 Anchises,
766 3624 833 3670 tum
851 3610 936 3669 senio
955 3623 1031 3670 tum*
1041 3610 1144 3693 longae

98 3701 311 3780 navigationis
324 3701 497 3780 jactatione
511 3699 677 3780 fatigatus,
692 3699 765 3759 fatis
780 3697 923 3760 concedit
936 3700 1048 3782 -713.
1068 3700 1145 3758 Inde
1185 3712 1187 3719 '

100 3787 225 3849 ltaliam
248 3792 422 3871 petiturus,
446 3791 583 3848 immissa
609 3788 646 3848 ab
669 3778 757 3849 AEolo
781 3786 882 3847 subita
908 3799 1088 3870 tempestate
1110 3789 1144 3847 in

98 3876 237 3937 Africam
256 3877 394 3957 ejicitur:
415 3898 513 3962 quam
526 3892 647 3962 partem
659 3875 742 3939 libro
760 3878 864 3960 primo
879 3887 1063 3957 exsequutus
1078 3889 1144 3936 erat

100 3979 205 4048 pocta.
