2718 4598
350 231 587 347 nivmoos
611 281 764 355 trane
788 287 837 349 ιι.

67 414 155 477 Dum
168 429 306 498 sequor,
321 423 355 474 et
366 425 445 473 notu
457 408 581 474 excedo
594 411 729 498 regione
742 412 884 490 viarum,

68 519 160 582 Heu!
175 515 295 580 misero
308 515 467 604 conjunx,
481 515 592 580 fatone
607 533 734 605 erepta,
748 519 872 582 Creusa

66 623 232 702 Substitit,
246 623 409 688 erravitne
421 623 487 702 via,
502 645 560 688 seu
572 624 655 690 lassa
668 623 805 704 resedit,

66 732 253 794 Incertum:
267 751 330 794 nec
342 746 418 818 post
429 731 533 795 oculis
546 747 596 796 est
607 729 736 796 reddita
749 733 886 809 nostris,
1072 745 1116 808 740

66 841 136 912 Nec
148 838 241 926 prius
252 839 406 904 amissam
418 839 561 927 respexi,
574 840 764 904 animumve
776 839 905 919 reflexi,

66 947 174 1028 Quam
186 944 353 1009 tumulum
365 945 510 1033 antiquae
523 946 652 1010 Cereris
665 945 847 1036 sedemque
859 962 1017 1012 sacratam

67 1052 246 1118 Venimus:
259 1051 314 1116 hic
326 1049 462 1115 demum
474 1051 632 1116 conlectis
645 1051 800 1116 omnibus
812 1076 879 1118 una

66 1158 200 1237 Defuit3
214 1173 247 1222 et
259 1157 411 1236 comites,
425 1173 621 1246 natumque,
636 1159 813 1248 virumque
828 1159 955 1224 fefellit.

67 1266 177 1347 Quem'
189 1287 257 1329 non
270 1263 417 1328 incusavi
427 1286 542 1330 amens
554 1264 798 1354 hominumque
810 1261 1040 1354 deorumque?
1073 1278 1116 1342 745

67 1373 133 1436 Aut
146 1368 228 1458 quid
240 1370 275 1433 in
286 1390 399 1434 eversa
410 1368 479 1434 vidi
492 1368 658 1436 crudelius
670 1370 775 1435 urhe?

66 1475 260 1555 Ascanium,
274 1475 508 1565 Anchisenque
520 1494 663 1564 patrem,
677 1475 893 1567 Teucrosque
906 1480 1044 1572 Penates

67 1579 276 1648 Commendo
288 1582 399 1662 sociis,
415 1599 448 1647 et
460 1605 560 1648 curva
572 1583 656 1647 valle
669 1582 834 1663 recondo;

67 1692 144 1776 lpse
156 1688 274 1753 urbem
286 1706 416 1777 repeto,
431 1706 464 1753 et
476 1689 592 1777 cingor
604 1686 808 1777 fulgentibus
819 1687 929 1753 armis.

66 1797 136 1861 Stat
147 1816 241 1860 casus
254 1817 412 1859 renovare
426 1797 548 1875 omnis,
562 1817 764 1883 omnemque
777 1793 898 1859 reverti
1073 1805 1117 1868 750

67 1905 130 1966 Per
141 1900 291 1990 Trojam,
306 1917 339 1964 ct
351 1921 464 1965 rursus
477 1917 576 1989 caput
588 1901 753 1991 objectare
766 1900 908 1990 periclis.

67 2007 234 2094 Principio
246 2028 359 2070 muros
373 2005 580 2096 obscuraque
593 2008 708 2071 limina
719 2023 838 2096 portae,

96 2173 150 2238 738.
164 2173 245 2237 famae
259 2171 359 2228 Dorvill.
371 2151 403 2208 :-
414 2173 467 2235 739.
486 2176 598 2219 erravitne
613 2176 673 2219 urbm
688 2175 784 2229 Franc„
801 2188 843 2218 seu
856 2179 924 2234 copta
937 2188 980 2234 pro
995 2171 1041 2217 div.
1061 2170 1116 2218 lect.

66 2244 128 2293 Gud.
142 2256 165 2291 et
180 2243 340 2307 pn'llottend.
354 2259 409 2289 am.
425 2260 461 2307 pr.
479 2261 580 2308 cumque
597 2247 627 2291 iis
638 2245 709 2292 Goth.
724 2241 777 2291 te'rt.
791 2243 866 2306 lapsa,
882 2242 983 2289 sollenni
995 2243 1073 2305 lapsu,
1092 2246 1118 2288 in

65 2317 137 2365 Goth.
150 2335 185 2381 pr.
199 2328 223 2363 et
235 2315 315 2362 multis
327 2315 391 2378 apud
402 2317 482 2362 tteins.
499 2329 523 2363 et
538 2319 634 2374 Burm,
646 2316 711 2380 quod
727 2318 820 2361 mireris
835 2317 938 2377 potuisse
956 2313 1051 2375 probari
1068 2315 1118 2358 viro

64 2389 208 2435 doctissimo.
218 2411 251 2422 -
259 2385 313 2446 74ο.
324 2388 438 2431 Incertum
450 2397 485 2432 est
493 2387 561 2431 multi
571 2403 608 2448 ap.
616 2388 697 2431 Burin.
706 2412 738 2421 -
747 2385 800 2448 74¹·
813 2388 940 2430 animumve
951 2385 1030 2429 Heins.
1044 2399 1056 2428 e
1068 2398 1119 2429 me-

65 2460 179 2507 lioribus:
191 2456 322 2520 vulgoque.
337 2458 420 2518 refluxr'
427 2459 494 2504 Voss.
507 2483 539 2493 -
550 2457 602 2520 74ι.
617 2458 695 2503 Cereri
702 2457 787 2503 Monet.
800 2472 845 2503 sec.
855 2483 887 2493 -
897 2455 949 2520 744.
964 2455 1051 2515 reflexit
1063 2455 1117 2499 Ero.

63 2531 144 2576 Burm.
155 2545 168 2573 a
181 2543 211 2572 m.
224 2543 260 2588 pr.
268 2525 359 2588 -745,
368 2529 445 2574 meuse
456 2528 538 2573 llamb.
549 2543 595 2574 sec.
606 2528 704 2592 deosque
716 2527 782 2572 Leid.
794 2527 904 2592 deumque
914 2525 982 2572 multi
991 2541 1028 2586 ap.
1038 2525 1117 2568 Burm,

64 2612 89 2647 et
103 2599 151 2645 duo
163 2596 233 2644 Goth.
253 2595 367 2642 hominum
378 2599 513 2663 demensque
528 2600 621 2646 deorum
633 2600 715 2645 Franc.
727 2624 759 2634 -
771 2597 824 2660 748.
842 2601 870 2645 ln
885 2596 943 2644 valle
959 2613 995 2659 pr.
1007 2595 1092 2640 Moret.
1105 2611 1119 2640 a

62 2686 95 2716 m.
108 2683 156 2714 sec.
165 2692 198 2703 -
209 2668 262 2729 750.
273 2681 379 2714 revocare
395 2669 455 2716 Ven.
467 2682 491 2716 et
503 2668 562 2716 alter
573 2671 666 2731 Menag.
685 2681 708 2715 et
718 2668 788 2715 Goth.
803 2681 856 2716 tert.
870 2685 923 2714 cum
938 2667 1028 2729 aliquot
1043 2665 1119 2719 Pien,

62 2741 143 2786 minus
159 2738 228 2786 bene.
246 2753 365 2786 morasse
381 2739 421 2787 alii
440 2741 530 2805 aliquot
548 2742 609 2788 Pier.
631 2758 650 2786 r.
665 2755 725 2787 meos
743 2739 833 2786 zulich.
853 2759 872 2786 r.
892 2739 954 2786 urbis
970 2735 1069 2785 Dorvill.
1102 2759 1120 2770 -

63 2811 118 2872 7⁵²·
130 2808 206 2855 Cerda
218 2809 280 2870 conj.
290 2807 432 2876 obsessaque.
442 2812 491 2858 vid.
504 2823 553 2858 not.
564 2814 740 2893 Deeratlversus
748 2811 833 2858 Moret.
847 2825 893 2858 sec.

62 2951 158 3002 sicum.
179 2949 312 3003 cf.Guell.
326 2962 389 3003 nota
399 2953 568 3025 mqionevia·
617 2951 741 3017 mulum,
763 2952 881 3024 antique
900 2947 996 3000 Cereris
1014 2945 1117 3008 sedem,

62 3047 124 3080 rum
136 3048 186 3101 pro
200 3028 315 3094 excedo,
329 3029 458 3098 deflecto,
471 3031 566 3084 deviis
616 3033 713 3098 collis,
735 3035 763 3084 in
796 3049 850 3102 quo
878 3029 989 3097 antiqua
1011 3023 1116 3076 Cereris
1171 3082 1174 3089 Ι

62 3109 151 3174 notis,
170 3109 372 3179 frequentibus,
385 3124 441 3161 tum
458 3129 508 3181 pro
522 3111 566 3161 via
616 3111 701 3176 redes,
719 3129 777 3182 sup.
793 3110 852 3179 713.
864 3107 935 3160 Male
946 3105 979 3156 de
992 3102 1117 3173 sepulcro

61 3189 253 3262 ponipossunt
272 3186 348 3253 loca,
364 3199 469 3259 partes,
487 3189 569 3260 reqio-
616 3192 714 3242 Pottor.
744 3191 788 3241 Gr.
815 3188 879 3240 Ant.
902 3188 932 3236 T.
962 3185 990 3248 l,
1013 3201 1041 3253 p.
1057 3180 1116 3250 ¹74·

62 3287 124 3334 nes,
144 3287 193 3339 per
215 3286 281 3338 quas
302 3269 351 3320 vtae
370 3280 479 3338 patent3
502 3267 567 3321 hinc
616 3271 680 3321 Mox
698 3269 758 3335 646.
788 3265 934 3331 crudelius,
954 3264 981 3316 h.
1004 3264 1022 3314 l.
1043 3257 1118 3333 quod

62 3349 137 3421 reqio
150 3348 255 3398 viarum
268 3350 355 3418 poetis
368 3347 458 3402 ducta.
476 3349 569 3400 Exem·
617 3352 701 3422 magis
717 3348 830 3402 doleret.

62 3429 111 3501 pla
131 3430 566 3500 ap.Burmennumsunt‚—738.
654 3426 810 3500 749-755.
834 3427 893 3497 Ipse
913 3425 1002 3477 urbem
1030 3431 1118 3493 repeto

62 3510 145 3581 Jungi
153 3521 280 3580 possunt:
284 3508 346 3580 fato
360 3518 449 3580 erepta
464 3510 567 3573 Creusa,
618 3509 796 3578 —Prrjncipio
814 3524 900 3566 muros
922 3515 1016 3576 repeto.
1037 3500 1118 3570 Quod

62 3589 214 3640 substitisse«
238 3608 274 3640 an
294 3588 392 3641 enavit
410 3588 461 3639 vin.
487 3590 567 3639 «Non
617 3591 645 3640 in
656 3589 745 3640 verbis
756 3590 889 3658 ingratum
899 3593 1117 3652 est,mutaturus

64 3669 137 3722 enim
150 3667 257 3721 dubitat
272 3670 329 3722 fato
347 3686 404 3722 esse
417 3668 565 3742 sublatam,
619 3669 773 3720 crat'Maro.
796 3663 921 3720 Declarat
942 3674 1031 3714 eutem
1042 3663 1117 3731 prius

64 3752 100 3802 of.
120 3749 168 3801 inf.
184 3766 264 3820 777.»
279 3751 320 3803 lta
340 3749 453 3804 Servius.
471 3750 568 3802 Melius
618 3747 686 3803 illud
702 3746 843 3800 consilium
854 3745 1018 3818 generatim
1038 3760 1118 3793 cons·
1162 3754 1174 3802 (

64 3843 172 3883 tamen:
188 3832 285 3902 conjux
295 3831 364 3882 mihi
376 3831 468 3886 misero
480 3845 569 3902 erepta
618 3832 726 3882 titutum
746 3831 770 3880 ei
792 3839 851 3880 erat
870 3825 965 3878 urbem
987 3823 1117 3894 repetere.

67 3912 164 3963 Creusa
171 3909 268 3980 fatone
278 3911 392 3964 substitit
402 3951 411 3977 ,
423 3932 459 3964 an
471 3913 571 3964 erravit
618 3908 719 3980 -750.
733 3909 805 3976 Stat,
827 3907 963 3960 decretum
985 3915 1024 3958 est
1045 3900 1118 3972 apud

65 3990 98 4042 de
111 3989 156 4042 vio
168 4008 205 4042 an
217 3987 282 4044 lassa
294 3991 515 4064 eruditi-742.
529 4000 569 4042 tu·
619 4008 677 4055 me,
695 4002 725 4044 ut
744 4007 821 4060 saepe.
834 3986 934 4058 ⁴75²»
957 3983 1063 4035 obsemo
1081 3976 1116 4029 tt-
