2724 4580
267 343 326 412 150
510 349 544 414 P.
568 352 796 418 VIRGILII
819 353 1052 426 1111111οΝ16-

262 465 303 524 At
315 461 431 530 domus
444 466 578 535 interior
589 474 687 560 regali
699 475 870 563 splendida
881 480 958 544 luxu

263 568 449 656 lustramus,
463 573 644 664 mediisque
655 599 770 666 parant
782 585 930 649 convivia
942 587 1050 665 tectis,

263 673 338 737 Arte
350 674 501 742 laboratae
513 699 631 763 vestes,
646 703 800 776 ostroque
812 690 972 777 superb03

263 779 381 866 Ingens
392 801 560 869 argentum
573 791 707 870 mensis,
721 794 897 883 caelataque
911 796 945 858 iu
957 819 1037 861 auro

261 885 368 947 Fortia
381 886 462 951 facta
473 907 616 976 patrum,
630 897 728 960 series
741 898 928 986 longissima
941 924 1065 980 rerum,
1125 989 1127 994 Α

260 989 322 1050 Per
332 1005 380 1052 tot
393 990 489 1057 ducta
501 996 586 1060 viros
599 1001 731 1089 antiqua
743 1003 784 1066 ab
797 1005 921 1091 origine
934 1009 1048 1092 gentis.
1122 997 1125 1006 .

303 1095 417 1158 AEneas
429 1099 552 1188 (neque
565 1103 652 1165 enim
664 1108 786 1192 patrius
800 1111 976 1174 consistere
989 1128 1134 1176 mentem

258 1198 372 1264 Passus
385 1208 491 1289 amor)
503 1207 653 1302 rapidum
664 1211 705 1276 ad
718 1214 808 1278 navis
820 1216 987 1302 praemittit
998 1215 1158 1296 Achaten,

258 1304 397 1389 Ascanio
409 1308 491 1372 ferat
502 1310 590 1392 haec;
604 1315 777 1407 ipsumque
790 1319 832 1384 ad
844 1321 963 1384 moenia
976 1319 1082 1386 ducat.
1246 1333 1289 1392 ⁶4⁵

217 1429 221 1436 ’
257 1409 371 1474 Omnis
384 1411 417 1473 in
429 1416 566 1482 Ascanio
579 1421 644 1483 cari
657 1437 719 1485 stat
730 1445 808 1486 cura
818 1425 972 1512 parentis.

255 1577 342 1637 prodiit
349 1594 356 1632 ;
367 1593 432 1636 nam,
445 1597 496 1627 cum
514 1585 539 1629 in
552 1601 580 1630 ea
600 1586 628 1632 ab
640 1589 707 1633 initio
719 1589 746 1634 dc
762 1601 833 1646 esset,
850 1593 859 1634 i
875 1591 946 1636 rubro
958 1591 1099 1653 adscriptum
1107 1602 1158 1647 est,
1169 1603 1195 1636 ut
1206 1592 1244 1636 dei
1253 1595 1287 1637 sit.

249 1639 399 1703 'Sunttamen
412 1665 434 1698 et
445 1654 514 1698 codd.
521 1690 532 1710 ,
542 1658 659 1719 inquibus
669 1658 766 1705 alterum
776 1663 891 1716 occurrit;
901 1678 953 1707 nam
960 1664 1048 1707 Pierius
1058 1675 1104 1708 tres
1115 1661 1166 1708 illas
1178 1662 1288 1708 lectiones

254 1719 369 1779 sigillatim
380 1715 473 1769 e⁸codd
484 1724 577 1782 leudam
589 1740 625 1782 et,
636 1729 670 1774 die
680 1731 750 1776 Dorv.
761 1732 812 1776 Dice
827 1733 931 1778 Parthas.
948 1736 1035 1795 recepit
1045 1749 1139 1795 quoque
1148 1733 1182 1777 dii
1189 1733 1286 1778 Bruncl·
1353 1723 1354 1742 ¹

248 1788 283 1831 Ὺ·
296 1790 320 1832 C·
332 1815 364 1824 -
372 1791 424 1852 639.
439 1787 540 1856 supirboe
551 1798 641 1859 Hagen.
658 1816 670 1844 a
692 1816 723 1844 m.
737 1817 783 1846 sec.
800 1803 980 1864 interpolatrice.
989 1830 1021 1839 —
1029 1804 1082 1861 643.
1092 1802 1217 1865 vulgatum
1237 1817 1287 1850 ante
1353 1823 1354 1864 ;

255 1869 304 1902 erat
312 1863 409 1922 notante
417 1861 445 1907 ab
457 1867 538 1928 ariciae
553 1871 632 1929 qentis.
642 1868 685 1924 At,
698 1871 762 1931 quod
772 1886 836 1917 nunc
848 1888 900 1918 cum
912 1873 1027 1919 Brunclio
1038 1874 1066 1916 V.
1077 1874 1102 1917 C.
1116 1872 1185 1927 dedi,
1197 1877 1287 1936 annam
1353 1873 1354 1910 l

254 1925 282 1970 ab
291 1931 374 1991 oriqine
381 1935 460 1993 centis,
469 1933 600 1982 obtulerant
610 1938 738 1996 Gudianus,
746 1941 793 1987 duo
802 1945 938 1990 vetustiores
946 1943 1063 1999 Ratteml„
1073 1956 1119 1988 tres
1127 1941 1166 1988 alii
1176 1959 1197 1988 c.
1208 1943 1287 2005 fragm.

251 1996 335 2042 Monet.
355 2011 378 2045 et
387 2015 486 2063 quatuor
497 2005 620 2052 Burmann.
633 2024 685 2054 cum
697 2010 766 2056 Goth.
778 2029 813 2074 pr.
826 2014 853 2058 Et
864 2015 897 2058 sic
905 2013 990 2059 Medic.
1003 2015 1073 2058 Pierii
1083 2025 1106 2058 et
1119 2013 1223 2074 Longcb.
1236 2029 1287 2058 cum

252 2067 304 2114 aliis
320 2070 408 2134 aliquot
419 2092 456 2136 ap.
470 2093 529 2122 eum.
547 2080 610 2141 quod
625 2082 733 2144 equidem
744 2085 842 2146 praefero
856 2096 964 2148 tanquam
981 2084 1071 2130 doctius
1083 2097 1106 2130 et
1115 2083 1211 2138 melius;
1224 2095 1247 2128 et
1256 2086 1287 2128 sic
1353 2081 1354 2090 ¹

245 2139 299 2198 'jam
311 2140 367 2185 editi
382 2144 488 2190 nonnulli
504 2147 590 2196 habere
606 2149 722 2198 videntur.
734 2158 850 2218 primaque
864 2155 893 2200 ab
902 2173 922 2201 o.
933 2171 976 2218 pro
992 2155 1080 2201 diversa
1090 2155 1238 2214 scripturam
1248 2152 1285 2198 alt.

252 2207 333 2254 Hamb.
345 2213 411 2259 ducta
420 2230 468 2260 sote
478 2222 570 2282 annana
580 2221 617 2266 ed.
630 2224 690 2268 Vcn.
700 2250 731 2259 —
743 2225 796 2282 643,
810 2235 882 2272 mente
893 2226 955 2288 apud
965 2227 1103 2271 Germanum
1115 2223 1190 2278 fuere,
1202 2225 1244 2286 qui
1254 2223 1288 2268 le·

251 2293 339 2339 flerent.
356 2284 423 2330 male.
437 2297 530 2334 mentem
545 2307 624 2340 omnes
636 2293 689 2340 libri
708 2308 810 2342 tuentur.
822 2299 889 2344 Mens
904 2313 948 2343 non
963 2301 1094 2352 consistere,
1107 2295 1149 2341 sed
1160 2295 1286 2351 fluctuare,

244 2350 350 2409 'dicitur,
361 2358 455 2418 quando
466 2364 527 2407 curis
539 2374 561 2408 et
573 2363 767 2413 sollicitudinibus
778 2371 883 2431 agitatum
895 2371 928 2414 uti
939 2380 962 2414 et
973 2369 1061 2413 animus
1073 2367 1110 2413 vel
1121 2381 1187 2411 mens
1197 2381 1284 2445 quassa,

249 2435 372 2479 concussa,
384 2441 541 2490 conquassata.
550 2458 581 2468 -
590 2434 642 2496 644.
655 2437 686 2480 ad
696 2452 774 2482 nauem
785 2439 882 2484 Oudart.
894 2440 1022 2483 transmittit
1032 2437 1122 2496 Menag.
1132 2451 1168 2497 pr·
1180 2437 1287 2497 permittit

249 2489 333 2536 Monet.
346 2509 391 2544 sec·
411 2508 434 2542 et
449 2499 521 2546 Graev.
535 2503 611 2548 llurm.
629 2509 690 2568 conj.
704 2512 795 2554 remittit
801 2527 810 2563 ,·
827 2506 891 2572 quod
908 2521 985 2554 tamen
1001 2518 1099 2553 metrum
1115 2505 1175 2550 ferre
1188 2504 1285 2564 negabat

249 2559 370 2607 Schrader.
389 2567 517 2614 Emendatt.
532 2574 596 2634 praef.
607 2592 630 2636 p.
642 2577 721 2622 XLlll.
732 2581 771 2623 lv.
781 2582 809 2624 At
819 2579 959 2633 tenendum,
968 2581 1101 2641 praemittere
1110 2578 1184 2637 poetis
1197 2575 1244 2620 dici
1259 2585 1286 2617 ut
1353 2631 1354 2656 ἢ

249 2629 399 2690 7111111111ῑῦ
409 2637 505 2697 apaiinn
517 2657 560 2701 pro
572 2645 647 2706 simpl.
658 2646 764 2705 πέμπων.
778 2648 881 2694 Achaten
895 2666 907 2694 e
920 2650 1077 2694 Grammaticis
1090 2647 1189 2691 lirtnavit
1204 2646 1282 2689 Heins.

249 2697 319 2760 'mllio
328 2702 444 2750 Achatem.
458 2736 486 2745 -
496 2711 548 2767 645.
561 2714 659 2762 Ascania
673 2717 767 2780 utferat
779 2721 862 2766 Venet.
876 2724 967 2783 ipsaque
979 2736 1014 2780 pr.
1030 2719 1114 2763 Morct.
1131 2733 1143 2761 a
1160 2731 1190 2760 m.
1203 2732 1239 2779 pr.
1250 2729 1283 2759 se·

248 2782 342 2832 cumque
351 2773 383 2819 ad
390 2791 418 2820 m.
433 2777 455 2820 d.
466 2779 569 2830 Parrbas.
584 2786 615 2830 ad
626 2785 701 2832 limina
710 2790 801 2851 Menag.
812 2807 847 2852 pr.
858 2817 889 2825 —
898 2789 951 2846 646.
966 2797 1012 2835 stat
1026 2791 1074 2833 cari
1084 2785 1196 2832 Montalb.

283 2865 343 2972 6371
353 2905 411 2956 lam
420 2906 537 2964 Catullus
552 2914 653 2968 dixerat
664 2919 738 2982 LXI,
788 2919 931 2972 admodum
954 2922 1140 2990 frequentato,
1165 2930 1192 2968 et
1214 2915 1241 2966 h.
1265 2914 1281 2964 1.

246 2977 283 3044 46
311 3001 468 3057 quaerunque
492 2984 622 3060 opulenta
642 2999 741 3049 recessit
787 2997 894 3068 quidem
921 3000 998 3050 factis
1022 3000 1152 3066 majorum
1169 2993 1283 3046 Didonis

241 3060 739 3146 Reqia-Totadomnsqaudetreqaii
783 3079 937 3150 anaglypho
950 3098 1043 3150 opere,
1068 3095 1114 3129 seu
1131 3075 1282 3128 extantibus
1353 3077 1354 3104 ³

238 3137 379 3208 ,splendida
395 3163 469 3215 qaae.
494 3151 529 3200 cl.
546 3152 657 3222 reliqua.
670 3153 736 3208 luxu
782 3156 890 3228 liguris,
903 3160 1047 3229 expressi⁸;
1060 3157 1093 3208 (Ῑθ
1107 3175 1159 3226 (1110
1173 3154 1283 3241 quiden}

237 3218 369 3285 praeclare
386 3241 436 3290 pro
453 3242 583 3297 apparatu
595 3233 684 3302 regali.
701 3263 737 3274 -·-
784 3247 937 3287 constanter
948 3234 1040 3286 celare
1052 3249 1078 3287 et
1089 3233 1215 3287 celatura
1228 3232 1282 3282 (1101

238 3294 304 3364 639.
317 3299 470 3369 Brevitatis‚
489 3320 582 3377 utpote
600 3311 628 3360 in
644 3329 736 3363 narra·
784 3313 929 3367 observavi.
940 3313 986 3383 (cf.
995 3314 1136 3385 Antiquar.
1146 3309 1281 3363 Abbandl·

242 3374 330 3440 tione,
352 3391 378 3430 et
397 3385 507 3450 poeticae
524 3386 659 3459 elegantiae
678 3403 734 3441 stu·
781 3393 809 3440 P.
831 3395 855 3442 ll
871 3413 897 3463 p.
924 3392 998 3459 135.)
1022 3393 1056 3442 Αῑ
1080 3393 1226 3443 ductuum
1247 3386 1282 3438 ad

243 3451 316 3506 dium
337 3460 504 3516 omissionem
519 3467 593 3518 verbi
610 3470 733 3537 peperit·
783 3488 849 3540 opus
876 3494 890 3526 e
917 3473 1041 3537 metallo,
1066 3471 1114 3524 sed
1134 3471 1170 3523 ad
1187 3469 1282 3523 seriem

241 3541 314 3594 sant,
330 3536 372 3586 vel
389 3537 559 3594 instruuntur.
581 3546 628 3595 int.
646 3558 734 3598 nutem
781 3563 892 3620 spectat.

241 3620 326 3660 vestes
338 3616 466 3686 stragulae
479 3625 626 3692 purpureas
638 3643 733 3696 magna
816 3631 874 3696 645.
889 3631 977 3693 Ferat,
990 3631 1095 3683 nuntiet
1107 3629 1197 3680 omnia
1207 3627 1281 3690 haec,
1353 3679 1354 3682 ,

235 3703 362 3742 -cumarte
371 3705 460 3748 textas.
472 3700 731 3782 Ostrumsnperbnm,
781 3727 838 3779 quae
850 3708 1023 3774 accidissent,
1037 3722 1065 3760 ut
1077 3709 1145 3760 bene
1157 3705 1281 3776 43111110-
1353 3707 1354 3746 ἓ

235 3766 425 3836 splendidum
449 3778 495 3829 inf.
514 3781 564 3849 697
581 3794 670 3849 et700
685 3802 732 3834 aa·
779 3800 833 3839 nat.
857 3801 883 3838 et
899 3788 1028 3854 Servius,
1053 3790 1098 3859 qui
1117 3785 1278 3866 idemlbene

241 3843 289 3896 loea
300 3851 408 3916 superba
419 3867 445 3904 θῑ
461 3865 683 3909 &immutatum
697 3885 731 3900 -·-
779 3866 902 3918 illustrat.
923 3869 953 3918 ln
974 3888 997 3919 v.
1018 3886 1091 3938 sequ.
1110 3865 1136 3918 ai
1155 3877 1207 3916 stat
1224 3879 1277 3932 pro

240 3922 300 3984 640.
313 3925 382 3978 Vasa
394 3948 490 4001 magna
502 3947 624 4003 argentea
640 3950 666 3987 et
685 3957 731 3990 au·
778 3954 829 4008 est,
851 3945 953 4016 vulgari
980 3947 1070 3998 verbo.
1093 3946 1149 3995 cari
1169 3942 1274 4014 patris,

240 4018 298 4068 rea,
308 4021 391 4075 eaque
404 4010 494 4061 calata
505 4032 518 4062 e
531 4031 603 4064 more
613 4027 730 4071 veterum
777 4023 844 4088 ciacc
861 4022 961 4096 auspic,
981 4024 1007 4076 11.
1023 4026 1039 4077 l.
1056 4044 1105 4096 pro
1119 4024 1241 4078 amantis.

353 4187 363 4220 l

1150 4415 1155 4424 ι

870 4519 874 4527 x
