2718 4598
431 312 494 374 An
518 313 720 387 LlssRUM
744 315 793 376 ιι.
842 329 845 333 ·
1072 289 1136 412 33'9-

83 437 172 510 tymim
189 433 249 506 ispe‘ir
262 432 423 504 ἔξιιργᾶμιιος.
436 432 546 486 Fundus
557 437 598 487 rei
608 434 683 499 iliad.
696 457 721 495 r,
739 435 788 502 461
803 433 848 487 uisi
861 432 907 507 ysip
922 439 1020 511 Πριάμῳ
1032 444 1137 510 iusserim

83 520 146 586 dia,
162 515 241 570 oriris’
259 517 287 586 ἆῤ
306 509 390 567 induis
412 509 481 566 iiras
489 514 542 578 [ιη’
558 511 667 582 sirlpriou
687 515 737 565 arim
751 516 847 568 aitrau.
863 516 985 570 Ceterum
1008 523 1089 594 vulgo
1109 529 1138 578 in

85 617 151 650 arce
172 598 283 658 Penates
301 595 399 645 servati
412 607 573 654 narrantum
591 594 625 645 cf.
638 594 748 666 Dionys.
771 595 856 647 ilalic.
870 597 896 661 l,
916 597 958 663 46.
972 600 1007 669 69
1019 615 1045 654 et
1061 605 1095 655 al,
1110 617 1139 657 et

83 677 141 730 hoc
153 695 186 730 ex
205 689 337 748 perpetuo
358 687 477 728 veterum
499 676 638 727 civitatum
658 694 733 730 more
747 677 784 727 ita
800 665 831 728 ‘se
847 676 947 731 habere
960 679 1060 733 debuit.
1078 687 1137 738 Hoc

83 769 178 812 tamen
191 760 266 829 sequi
278 769 359 828 poeta
371 774 426 808 non
438 757 545 826 potuit,
558 758 604 826 qui
623 758 710 808 AEneae
732 756 841 808 domurn
858 759 886 809 in
899 759 952 812 alia
969 761 1042 815 urbis
1059 780 1137 835 parte
1214 751 1217 760 i

84 843 167 892 sitam
183 855 241 892 esse
252 837 338 889 voluit
348 874 356 901 ,
368 835 441 888 unde
453 853 515 886 mox
527 834 563 886 ad
576 853 665 887 arcem
677 849 837 888 accurreret.
850 838 993 911 Apponam
1005 843 1137 896 Hellanici

84 918 193 981 Lesbii,
211 916 383 968 vetustissimi
399 915 556 985 scriptoris,
568 916 751 965 narrationem
763 933 806 985 ap.
824 915 932 988 Dionys.
947 919 1031 971 Halic.
1051 921 1077 988 l,
1091 923 1133 989 46.

84 1001 131 1069 47.
145 996 217 1048 Urbe
226 1007 321 1066 capta,
333 993 434 1063 inquit,
449 993 546 1044 AEneas
558 1011 620 1044 cum
636 996 691 1045 suis
703 993 846 1046 Dardaniis
856 1013 885 1047 sa
896 1000 998 1068 recepit
1008 999 1036 1050 in
1046 1019 1135 1054 arcem

83 1080 260 1149 Pergamum,
279 1074 302 1126 ir
323 1069 390 1142 irai
413 1067 463 1141 lipsi
481 1069 515 1124 asi
524 1073 626 1141 amaria
643 1074 691 1128 sair
708 1071 792 1141 Tpurir
809 1067 852 1134 ir,
872 1095 984 1147 eamque
1006 1078 1134 1132 defendit.

84 1163 155 1214 Cum
165 1173 254 1210 tamen
268 1154 387 1219 videret,
403 1153 521 1205 hostium
533 1155 664 1224 impetum
678 1153 725 1204 diu
739 1155 864 1207 sustineri
875 1174 929 1208 non
941 1176 1034 1228 posse,
1050 1158 1137 1210 homi·
1170 1179 1173 1186 ·

83 1235 156 1292 numv
171 1253 287 1306 corpora
307 1233 346 1283 eal
366 1228 400 1284 asi
413 1229 464 1300 lapsi
480 1229 515 1284 asi
529 1234 631 1302 πατρῷα
643 1245 670 1284 et
682 1251 747 1303 opes
766 1251 872 1286 servare
891 1237 995 1300 studet;
1008 1250 1080 1303 tum,
1095 1240 1136 1288 in·

83 1322 164 1373 firma
173 1313 343 1366 multitudine
355 1314 504 1383 premissa,
517 1314 575 1382 ipse
587 1331 649 1364 cnm
658 1313 801 1381 juvenibus
815 1315 843 1363 in
855 1311 907 1365 lde
919 1319 1063 1371 munitiora
1074 1317 1137 1370 loca

83 1401 224 1462 discessit,
246 1392 356 1462 e'yipsru
374 1391 412 1444 iai
423 1393 477 1448 asie
493 1393 598 1460 σνιιιρίσι
611 1390 649 1445 rir
665 1413 691 1443 as
702 1390 845 1462 aurisensi
857 1390 910 1450 rasis
922 1393 990 1452 braia
1007 1397 1135 1465 πατρῴους.

79 1481 151 1534 Inde
162 1477 277 1530 induciis
297 1493 359 1525 cum
378 1472 500 1524 hostibus
521 1473 600 1523 factis
620 1471 757 1536 discessit,
777 1470 920 1540 repandit
938 1472 976 1529 air
994 1475 1137 1545 marinensi

82 1557 119 1614 rai
130 1557 169 1613 tt»
181 1557 227 1610 asir
246 1553 308 1606 θιὸι
319 1552 346 1604 h.
360 1571 384 1604 e.
405 1550 554 1602 simulacra.
568 1551 601 1600 Et
614 1567 678 1622 agro
691 1552 823 1602 Laurente
836 1564 916 1622 capto
926 1572 949 1604 c.
963 1553 1006 1606 55.
1019 1556 1037 1606 f.
1053 1556 1098 1609 alii
1108 1559 1136 1607 in

81 1641 176 1694 locum
188 1635 317 1688 indictum
333 1633 444 1682 Penates
454 1625 498 1697 (asi
509 1627 550 1681 tta
562 1624 608 1682 rtis
620 1629 693 1700 sisi)
705 1649 720 1681 e
732 1630 844 1681 navibus
864 1631 995 1696 efferunt,
1009 1633 1055 1684 alii
1072 1652 1138 1686 vero

82 1723 165 1774 bases
184 1711 296 1786 (βάθρα)
315 1723 342 1763 et
362 1727 420 1770 aras
433 1710 498 1780 ipsis
511 1720 647 1773 statuunt,
660 1709 784 1760 mulieres
800 1722 889 1760 autem
907 1729 968 1762 curu
986 1711 1091 1764 ululatu
1110 1726 1137 1765 et

81 1800 192 1854 choreis
213 1809 290 1846 sacra
313 1799 530 1860 prosequuntur,
548 1799 575 1840 et
594 1807 617 1839 c.
640 1787 673 1857 57
695 1784 796 1855 itpv‘mr
815 1782 849 1838 rai
869 1783 908 1840 iis
922 1787 969 1842 rain
988 1786 1050 1842 ἃιιῖι
1067 1791 1088 1842 ir
1102 1791 1143 1858 aar*
1177 1835 1183 1851 ,

81 1886 210 1948 aparine.
227 1872 308 1925 Vides
333 1869 465 1922 Hellaniai
491 1869 574 1920 verba
595 1871 709 1920 maxime
727 1880 814 1939 poetae
834 1868 922 1918 animo
946 1868 1090 1932 insedisse3
1109 1886 1137 1924 at

82 1960 201 2033 viguisse
227 1954 337 2004 omnino
355 1953 455 2003 lamam
477 1951 616 2020 antiquam
635 1949 669 2000 de
688 1951 799 2002 servatis
818 1947 904 2017 Troje
923 1950 1071 2010 simulacris
1091 1971 1138 2004 ve·

83 2051 185 2093 tristato
211 2053 259 2086 sua
282 2030 441 2086 venerandis
461 2052 467 2081 ε
488 2048 547 2101 quae
567 2029 672 2082 excidio
691 2029 765 2081 urbis
784 2030 857 2080 laeto
882 2046 973 2084 secum
996 2031 1137 2084 abduxerit

83 2122 194 2172 AEneas.

120 2197 213 2248 Fuisse
241 2202 330 2244 autem
356 2201 469 2259 penates
494 2188 639 2239 simulacra
658 2187 771 2240 deorum
790 2205 800 2237 ε·
820 2199 849 2238 et
871 2187 999 2258 quidem,
1018 2207 1078 2241 cum
1102 2189 1137 2240 ab

82 2278 171 2330 AEnea
182 2269 285 2344 portari
303 2280 429 2338 possent,
442 2267 548 2339 lignea,
560 2267 702 2336 formaque
723 2265 836 2317 deorum
856 2267 953 2342 solita,
973 2269 1137 2330 vittiscoro-

81 2367 164 2423 nata,
187 2371 220 2404 ex
239 2351 305 2402 loeis
322 2366 397 2419 seqq.
411 2365 542 2418 apparere
563 2346 693 2398 videtur:
718 2348 754 2398 lll
774 2348 832 2398 AEn.
859 2347 907 2414 148
927 2346 1039 2419 Effiqies
1059 2363 1137 2400 sacroe

82 2437 178 2489 diuum
190 2430 357 2502 Pliryqiique
369 2430 501 2494 Penates,
511 2445 581 2500 ¹qum
592 2444 695 2478 mecum
707 2447 723 2477 a
744 2428 823 2497 Trnja
838 2428 983 2500 mediisque
994 2447 1025 2482 ex
1035 2428 1139 2500 ignibus

81 2515 157 2567 urhis
177 2509 349 2574 Extuieram‚
367 2509 416 2562 visi
434 2519 496 2561 ante
514 2506 603 2560 oculos
621 2507 724 2560 adstare
735 2507 848 2579 jacentis
858 2546 867 2573 ,
889 2521 916 2560 et
935 2527 963 2572 v.¹
982 2510 1030 2577 173
1050 2525 1137 2560 coram

79 2609 237 2666 coquossere
254 2590 341 2642 vultus
363 2587 521 2660 Velatasque
541 2604 628 2639 eomas
657 2585 746 2656 (vittis
767 2599 834 2657 puta
859 2600 887 2639 et
902 2587 995 2640 infulis
1012 2587 1136 2659 religatas

78 2673 275 2747 presentiaque
286 2687 332 2721 ora
344 2669 458 2722 videbar.
471 2667 577 2720 Servius
593 2667 628 2720 ad
640 2669 692 2733 lll,
707 2668 755 2735 ι48
767 2667 823 2718 hac
835 2667 918 2720 habet
931 2691 937 2719 ι
954 2669 1060 2723 «Varro
1072 2683 1136 2720 sane

76 2779 97 2804 ,ι
106 2754 204 2804 Rerum
223 2749 412 2802 Humanarum
424 2749 537 2800 securrdo
552 2749 590 2799 ait
608 2749 719 2800 Eneam
736 2746 801 2799 deos
819 2749 930 2802 Penates
942 2751 971 2800 in
983 2749 1087 2801 ltaliam
1099 2761 1147 2797 re·'

85 2856 97 2877 a
107 2831 214 2881 duxisse
228 2826 296 2895 (hoc
308 2839 334 2907 et
346 2828 467 2880 Macrob.
487 2829 570 2895 111,4
591 2830 705 2898 repetit)
724 2827 846 2898 quaedam
860 2827 949 2900 liq'nea
966 2829 1009 2882 vel
1030 2827 1139 2897 lapidea

86 2908 214 2981 «sigilla,
234 2906 308 2976 quod
335 2906 474 2958 evidenter
492 2908 616 2977 exprimit
640 2906 756 2959 dicendo
782 2929 788 2956 :
809 2902 922 2977 Effiqies
947 2923 1026 2958 sacra
1046 2906 1138 2956 divum

86 2987 275 3059 «Phryqiique
296 2985 407 3036 Penates
413 3007 423 3046 ,·
449 2989 570 3055 quamvis
594 2985 648 3037 alio
670 2985 731 3037 loco
755 2986 821 3037 alias
842 2987 982 3054 opiniones
1010 2995 1138 3055 sequutus

86 3069 215 3122 «diversa
235 3066 359 3116 dixerit.»
381 3067 508 3129 Romam,
530 3078 560 3114 nt
579 3083 641 3116 mox
656 3061 823 3129 videbimus,
840 3063 950 3118 deducti
968 3083 1067 3120 meana
1080 3066 1137 3134 pri·

82 3167 159 3202 snum
177 3148 306 3218 religione
329 3143 438 3209 haberi,
454 3163 517 3195 mox
530 3157 620 3196 tamen
639 3143 780 3196 hominum
803 3145 961 3215 conspectui
984 3146 1080 3214 subjici
1104 3167 1135 3201 ac

82 3229 190 3300 vulgari
207 3235 354 3295 coeperunt.
378 3225 448 3274 Nam
473 3223 581 3294 Dionys.
606 3222 692 3274 llslic.
713 3225 746 3288 l,
767 3224 801 3276 68
823 3223 912 3273 Romae
931 3224 958 3274 in
980 3222 1035 3274 tede
1057 3224 1138 3278 deum

82 3310 225 3361 Penatium
235 3305 285 3356 snb
294 3303 377 3355 Veliis
390 3301 426 3372 (v.
444 3302 537 3373 paullo
552 3303 629 3376 ini),
650 3302 706 3353 duo
725 3302 824 3354 Genios
836 3321 883 3355 seu
899 3299 1082 3358 adolescentes
1096 3325 1138 3360 se-

82 3389 208 3441 dentium
225 3385 320 3437 habitu
338 3396 366 3436 et
385 3383 492 3434 hastam
513 3401 595 3436 mann
619 3383 769 3435 tenentium
792 3382 919 3456 viderat,
941 3401 1027 3454 eoque
1046 3386 1137 3439 Timet

83 3469 167 3520 iidem
179 3468 282 3532 elevat,
302 3467 347 3536 qui
359 3482 434 3516 mera
449 3460 567 3532 sarisas,
580 3465 723 3528 caduceos,
738 3481 795 3515 esse
806 3463 841 3514 ab
855 3461 988 3535 indigenis
1001 3465 1136 3530 audieram

83 3550 157 3600 forte
169 3558 256 3597 tamen
265 3544 373 3596 nachor,
381 3543 460 3607 falso,
470 3545 493 3593 si
500 3542 529 3595 id
536 3542 572 3594 ad
581 3545 710 3596 informia
715 3542 860 3594 rudisnrtis
868 3559 952 3613 opera
962 3546 1071 3609 referas;
1081 3557 1138 3598 tum

84 3639 201 3697 potuere
213 3638 242 3676 ut
260 3627 288 3676 in
300 3625 387 3676 Diana
398 3622 531 3694 Ephesia,
543 3637 571 3674 et
583 3623 647 3676 alibi
660 3625 780 3687 factum,
796 3624 915 3693 antiquis
932 3641 993 3676 cum
1010 3628 1137 3696 temporis

83 3723 214 3760 successu
235 3705 360 3758 substitui
373 3704 427 3757 alia
441 3705 518 3776 signa
531 3706 618 3756 misius
636 3702 722 3756 rudia.
742 3705 799 3754 Diis
813 3705 914 3776 magnis
931 3703 1136 3776 Samothracicis

85 3806 135 3841 eos
151 3799 290 3858 comparat
301 3789 410 3859 Dionys.
426 3787 499 3856 1,69
518 3787 646 3858 speciest
663 3785 775 3851 habitu,
791 3787 911 3856 quicum
927 3788 959 3838 iis
980 3789 1060 3860 signis
1073 3805 1138 3840 aon·
1173 3845 1176 3850 ,

84 3869 176 3931 venit,
190 3885 248 3936 qua
261 3868 289 3917 in
301 3869 388 3918 nurnis
400 3865 489 3919 adhuc
503 3865 633 3918 videmus.
649 3867 679 3916 ln
691 3869 795 3934 numis,
807 3869 931 3938 gemmis,
944 3867 1136 3930 marmoribus,

85 3960 117 3997 ut
130 3948 158 3996 in
170 3945 237 3997 Tab.
257 3945 339 3998 Iliaca
357 3965 383 3997 n.
402 3948 436 4017 98
448 3959 475 3998 et
491 3963 537 4016 117
553 3943 612 4014 (sed
628 3945 694 3998 talia
709 3949 874 4017 unicuique,
889 3945 972 3998 libros
990 3947 1135 4010 evolventi,

87 4025 261 4078 occurrentia
272 4025 413 4078 ambitiose
429 4043 578 4080 memorare
590 4024 690 4096 piget),
709 4025 837 4079 Anchises
849 4027 937 4078 AEneae
953 4023 1069 4095 humeris
1081 4022 1138 4076 hre-

918 4129 959 4162 22.
