<?xml version="1.0" encoding="UTF-8"?>
<!DOCTYPE html PUBLIC "-//W3C//DTD XHTML 1.0 Transitional//EN"
    "http://www.w3.org/TR/xhtml1/DTD/xhtml1-transitional.dtd">
<html xmlns="http://www.w3.org/1999/xhtml" xml:lang="en" lang="en">
 <head>
  <title>
</title>
<meta http-equiv="Content-Type" content="text/html;charset=utf-8" />
  <meta name='ocr-system' content='tesseract 3.04.00' />
  <meta name='ocr-capabilities' content='ocr_page ocr_carea ocr_par ocr_line ocrx_word'/>
</head>
<body>
  <div class='ocr_page' id='page_1' title='image "./pvirgiliusmaroq00barbgoog_0356.png"; bbox 0 0 2718 4598; ppageno 0'>
   <div class='ocr_carea' id='block_1_1' title="bbox 226 263 919 390">
    <p class='ocr_par' dir='ltr' id='par_1_1' title="bbox 226 263 919 390">
     <span class='ocr_line' id='line_1_1' title="bbox 226 263 919 390; baseline -0.004 -26"><span class='ocrx_word' id='word_1_1' title='bbox 226 309 292 390; x_wconf 69' lang='lat' dir='ltr'><strong>stt</strong></span> <span class='ocrx_word' id='word_1_2' title='bbox 382 363 384 369; x_wconf 13' lang='grc' dir='ltr'><em>Α</em></span> <span class='ocrx_word' id='word_1_3' title='bbox 574 263 841 386; x_wconf 77' lang='lat' dir='ltr'><strong>excussus</strong></span> <span class='ocrx_word' id='word_1_4' title='bbox 866 295 919 362; x_wconf 85' lang='lat' dir='ltr'><strong>tx</strong></span> 
     </span>
    </p>
   </div>
   <div class='ocr_carea' id='block_1_2' title="bbox 224 413 1330 1536">
    <p class='ocr_par' dir='ltr' id='par_1_2' title="bbox 224 413 1314 816">
     <span class='ocr_line' id='line_1_2' title="bbox 224 413 1274 499; baseline -0.016 -13"><span class='ocrx_word' id='word_1_5' title='bbox 224 431 312 486; x_wconf 88' lang='lat' dir='ltr'><strong>lerent</strong></span> <span class='ocrx_word' id='word_1_6' title='bbox 322 440 450 499; x_wconf 85' lang='lat' dir='ltr'><strong>tanquam</strong></span> <span class='ocrx_word' id='word_1_7' title='bbox 459 423 523 476; x_wconf 88' lang='lat' dir='ltr'><strong>deos</strong></span> <span class='ocrx_word' id='word_1_8' title='bbox 533 425 636 494; x_wconf 89' lang='lat' dir='ltr'><strong>imperii</strong></span> <span class='ocrx_word' id='word_1_9' title='bbox 646 419 772 493; x_wconf 67' lang='lat' dir='ltr'><strong>presides</strong></span> <span class='ocrx_word' id='word_1_10' title='bbox 782 457 790 485; x_wconf 91' lang='lat'>‚</span> <span class='ocrx_word' id='word_1_11' title='bbox 802 419 911 470; x_wconf 83' lang='lat' dir='ltr'><strong>voluere</strong></span> <span class='ocrx_word' id='word_1_12' title='bbox 923 413 1057 469; x_wconf 88' lang='lat' dir='ltr'><strong>interdum</strong></span> <span class='ocrx_word' id='word_1_13' title='bbox 1066 427 1156 486; x_wconf 78' lang='lat' dir='ltr'><strong>poetae</strong></span> <span class='ocrx_word' id='word_1_14' title='bbox 1169 429 1197 468; x_wconf 91' lang='lat' dir='ltr'><strong>et</strong></span> <span class='ocrx_word' id='word_1_15' title='bbox 1206 416 1274 470; x_wconf 82' lang='lat' dir='ltr'><strong>hose</strong></span> 
     </span>
     <span class='ocr_line' id='line_1_3' title="bbox 225 499 1274 580; baseline -0.015 -18"><span class='ocrx_word' id='word_1_16' title='bbox 225 512 429 580; x_wconf 80' lang='lat' dir='ltr'><strong>TrojaRomeni</strong></span> <span class='ocrx_word' id='word_1_17' title='bbox 447 505 583 558; x_wconf 89' lang='lat' dir='ltr'><strong>traductos</strong></span> <span class='ocrx_word' id='word_1_18' title='bbox 597 503 700 555; x_wconf 89' lang='lat' dir='ltr'><strong>haberi.</strong></span> <span class='ocrx_word' id='word_1_19' title='bbox 722 503 752 554; x_wconf 92' lang='lat' dir='ltr'><strong>ln</strong></span> <span class='ocrx_word' id='word_1_20' title='bbox 772 499 971 553; x_wconf 81' lang='lat' dir='ltr'><strong>conditionibus</strong></span> <span class='ocrx_word' id='word_1_21' title='bbox 989 514 1097 567; x_wconf 90' lang='lat' dir='ltr'><strong>quoque</strong></span> <span class='ocrx_word' id='word_1_22' title='bbox 1118 499 1195 567; x_wconf 87' lang='lat' dir='ltr'><strong>pacis</strong></span> <span class='ocrx_word' id='word_1_23' title='bbox 1212 500 1274 550; x_wconf 87' lang='lat' dir='ltr'><strong>inter</strong></span> 
     </span>
     <span class='ocr_line' id='line_1_4' title="bbox 225 579 1274 657; baseline -0.011 -17"><span class='ocrx_word' id='word_1_24' title='bbox 225 591 334 642; x_wconf 88' lang='lat' dir='ltr'><strong>Latinos</strong></span> <span class='ocrx_word' id='word_1_25' title='bbox 353 602 379 641; x_wconf 90' lang='lat' dir='ltr'><strong>et</strong></span> <span class='ocrx_word' id='word_1_26' title='bbox 395 589 525 657; x_wconf 84' lang='lat' dir='ltr'><strong>Trojanos</strong></span> <span class='ocrx_word' id='word_1_27' title='bbox 540 585 655 638; x_wconf 89' lang='lat' dir='ltr'><strong>habetur</strong></span> <span class='ocrx_word' id='word_1_28' title='bbox 672 583 741 647; x_wconf 83' lang='lat' dir='ltr'><strong>hoc,</strong></span> <span class='ocrx_word' id='word_1_29' title='bbox 761 581 835 653; x_wconf 91' lang='lat' dir='ltr'><strong>quod</strong></span> <span class='ocrx_word' id='word_1_30' title='bbox 851 598 928 632; x_wconf 85' lang='lat' dir='ltr'><strong>sacra</strong></span> <span class='ocrx_word' id='word_1_31' title='bbox 942 580 1061 650; x_wconf 86' lang='lat' dir='ltr'><strong>Trojana</strong></span> <span class='ocrx_word' id='word_1_32' title='bbox 1076 579 1245 648; x_wconf 85' lang='lat' dir='ltr'><strong>recipiuntur</strong></span> <span class='ocrx_word' id='word_1_33' title='bbox 1262 597 1274 628; x_wconf 86' lang='lat' dir='ltr'><strong>a</strong></span> 
     </span>
     <span class='ocr_line' id='line_1_5' title="bbox 226 657 1314 736; baseline -0.016 -16"><span class='ocrx_word' id='word_1_34' title='bbox 226 668 343 720; x_wconf 83' lang='lat' dir='ltr'><strong>Latinis:</strong></span> <span class='ocrx_word' id='word_1_35' title='bbox 358 669 419 732; x_wconf 73' lang='grc' dir='ltr'><strong>ΧΠ,</strong></span> <span class='ocrx_word' id='word_1_36' title='bbox 433 682 480 736; x_wconf 81' lang='lat'><strong>192</strong></span> <span class='ocrx_word' id='word_1_37' title='bbox 496 683 569 717; x_wconf 84' lang='lat' dir='ltr'><strong>sacra</strong></span> <span class='ocrx_word' id='word_1_38' title='bbox 580 664 690 735; x_wconf 80' lang='lat' dir='ltr'><strong>deosque</strong></span> <span class='ocrx_word' id='word_1_39' title='bbox 696 661 787 725; x_wconf 68' lang='lat' dir='ltr'><strong>,dnho,</strong></span> <span class='ocrx_word' id='word_1_40' title='bbox 800 670 827 711; x_wconf 89' lang='lat' dir='ltr'><strong>et</strong></span> <span class='ocrx_word' id='word_1_41' title='bbox 837 659 889 712; x_wconf 86' lang='lat'><strong>836</strong></span> <span class='ocrx_word' id='word_1_42' title='bbox 901 677 998 711; x_wconf 78' lang='lat' dir='ltr'><strong>morem</strong></span> <span class='ocrx_word' id='word_1_43' title='bbox 1011 657 1131 729; x_wconf 81' lang='lat' dir='ltr'><strong>ritusque</strong></span> <span class='ocrx_word' id='word_1_44' title='bbox 1147 673 1274 709; x_wconf 82' lang='lat' dir='ltr'><strong>sacrorum</strong></span> <span class='ocrx_word' id='word_1_45' title='bbox 1311 707 1314 716; x_wconf 38' lang='lat'><strong>¹</strong></span> 
     </span>
     <span class='ocr_line' id='line_1_6' title="bbox 225 739 360 816; baseline -0.007 -20"><span class='ocrx_word' id='word_1_46' title='bbox 225 739 360 816; x_wconf 74' lang='lat' dir='ltr'><strong>adjiciaris.</strong></span> 
     </span>
    </p>

    <p class='ocr_par' dir='ltr' id='par_1_3' title="bbox 226 813 1332 1536">
     <span class='ocr_line' id='line_1_7' title="bbox 262 813 1276 891; baseline -0.01 -17"><span class='ocrx_word' id='word_1_47' title='bbox 262 822 386 876; x_wconf 87' lang='lat' dir='ltr'><strong>Ceterum</strong></span> <span class='ocrx_word' id='word_1_48' title='bbox 400 822 474 874; x_wconf 87' lang='lat' dir='ltr'><strong>haud</strong></span> <span class='ocrx_word' id='word_1_49' title='bbox 487 840 582 876; x_wconf 80' lang='lat' dir='ltr'><strong>vereor</strong></span> <span class='ocrx_word' id='word_1_50' title='bbox 596 838 758 891; x_wconf 84' lang='lat' dir='ltr'>quemquam</span> <span class='ocrx_word' id='word_1_51' title='bbox 773 820 847 882; x_wconf 81' lang='lat' dir='ltr'><strong>fore,</strong></span> <span class='ocrx_word' id='word_1_52' title='bbox 866 819 911 887; x_wconf 89' lang='lat' dir='ltr'><strong>qni</strong></span> <span class='ocrx_word' id='word_1_53' title='bbox 925 836 966 868; x_wconf 88' lang='lat' dir='ltr'><strong>me</strong></span> <span class='ocrx_word' id='word_1_54' title='bbox 980 814 1161 868; x_wconf 79' lang='lat' dir='ltr'><strong>calumnietur</strong></span> <span class='ocrx_word' id='word_1_55' title='bbox 1174 813 1276 865; x_wconf 86' lang='lat' dir='ltr'><strong>tamla-</strong></span> 
     </span>
     <span class='ocr_line' id='line_1_8' title="bbox 226 896 1274 975; baseline -0.009 -21"><span class='ocrx_word' id='word_1_56' title='bbox 226 916 303 956; x_wconf 88' lang='lat' dir='ltr'><strong>tuum</strong></span> <span class='ocrx_word' id='word_1_57' title='bbox 315 917 342 956; x_wconf 86' lang='lat' dir='ltr'><strong>et</strong></span> <span class='ocrx_word' id='word_1_58' title='bbox 353 907 474 975; x_wconf 86' lang='lat' dir='ltr'><strong>ineptum</strong></span> <span class='ocrx_word' id='word_1_59' title='bbox 486 921 559 968; x_wconf 83' lang='lat' dir='ltr'><strong>esse,</strong></span> <span class='ocrx_word' id='word_1_60' title='bbox 570 915 600 953; x_wconf 91' lang='lat' dir='ltr'><strong>ut</strong></span> <span class='ocrx_word' id='word_1_61' title='bbox 609 902 665 953; x_wconf 73' lang='lat' dir='ltr'><strong>haec</strong></span> <span class='ocrx_word' id='word_1_62' title='bbox 676 902 786 972; x_wconf 86' lang='lat' dir='ltr'><strong>antiqua</strong></span> <span class='ocrx_word' id='word_1_63' title='bbox 800 897 851 951; x_wconf 83' lang='lat' dir='ltr'><strong>fide</strong></span> <span class='ocrx_word' id='word_1_64' title='bbox 868 899 1040 950; x_wconf 83' lang='lat' dir='ltr'><strong>historiarum</strong></span> <span class='ocrx_word' id='word_1_65' title='bbox 1053 897 1103 948; x_wconf 87' lang='lat' dir='ltr'><strong>niti</strong></span> <span class='ocrx_word' id='word_1_66' title='bbox 1115 896 1274 962; x_wconf 60' lang='lat' dir='ltr'><strong>enistimem</strong></span> 
     </span>
     <span class='ocr_line' id='line_1_9' title="bbox 227 980 1274 1054; baseline -0.009 -19"><span class='ocrx_word' id='word_1_67' title='bbox 227 986 291 1035; x_wconf 82' lang='lat' dir='ltr'><strong>satis</strong></span> <span class='ocrx_word' id='word_1_68' title='bbox 302 987 386 1049; x_wconf 84' lang='lat' dir='ltr'><strong>enim,</strong></span> <span class='ocrx_word' id='word_1_69' title='bbox 398 985 439 1037; x_wconf 86' lang='lat' dir='ltr'><strong>vel</strong></span> <span class='ocrx_word' id='word_1_70' title='bbox 449 1003 491 1038; x_wconf 87' lang='lat' dir='ltr'><strong>me</strong></span> <span class='ocrx_word' id='word_1_71' title='bbox 500 1003 555 1035; x_wconf 91' lang='lat' dir='ltr'><strong>non</strong></span> <span class='ocrx_word' id='word_1_72' title='bbox 564 981 722 1054; x_wconf 84' lang='lat' dir='ltr'><strong>profitente,</strong></span> <span class='ocrx_word' id='word_1_73' title='bbox 736 999 766 1033; x_wconf 87' lang='lat' dir='ltr'><strong>ex</strong></span> <span class='ocrx_word' id='word_1_74' title='bbox 776 980 928 1031; x_wconf 83' lang='lat' dir='ltr'><strong>narratione</strong></span> <span class='ocrx_word' id='word_1_75' title='bbox 942 997 1001 1031; x_wconf 88' lang='lat' dir='ltr'><strong>mea</strong></span> <span class='ocrx_word' id='word_1_76' title='bbox 1016 985 1146 1049; x_wconf 68' lang='lat' dir='ltr'><strong>apparet,</strong></span> <span class='ocrx_word' id='word_1_77' title='bbox 1158 995 1203 1026; x_wconf 88' lang='lat' dir='ltr'><strong>me</strong></span> <span class='ocrx_word' id='word_1_78' title='bbox 1218 993 1274 1045; x_wconf 88' lang='lat' dir='ltr'><strong>poe·</strong></span> 
     </span>
     <span class='ocr_line' id='line_1_10' title="bbox 226 1052 1278 1132; baseline -0.008 -20"><span class='ocrx_word' id='word_1_79' title='bbox 226 1074 316 1114; x_wconf 87' lang='lat' dir='ltr'><strong>tarum</strong></span> <span class='ocrx_word' id='word_1_80' title='bbox 330 1075 493 1126; x_wconf 78' lang='lat' dir='ltr'><strong>commenta,</strong></span> <span class='ocrx_word' id='word_1_81' title='bbox 510 1063 545 1115; x_wconf 84' lang='lat' dir='ltr'><strong>ab</strong></span> <span class='ocrx_word' id='word_1_82' title='bbox 556 1064 666 1132; x_wconf 90' lang='lat' dir='ltr'><strong>antiqua</strong></span> <span class='ocrx_word' id='word_1_83' title='bbox 683 1061 774 1131; x_wconf 90' lang='lat' dir='ltr'><strong>aliqua</strong></span> <span class='ocrx_word' id='word_1_84' title='bbox 784 1061 857 1111; x_wconf 84' lang='lat' dir='ltr'><strong>fama</strong></span> <span class='ocrx_word' id='word_1_85' title='bbox 870 1057 965 1123; x_wconf 83' lang='lat' dir='ltr'><strong>ducta,</strong></span> <span class='ocrx_word' id='word_1_86' title='bbox 974 1057 1064 1108; x_wconf 90' lang='lat' dir='ltr'><strong>multis</strong></span> <span class='ocrx_word' id='word_1_87' title='bbox 1077 1054 1168 1107; x_wconf 89' lang='lat' dir='ltr'><strong>modis</strong></span> <span class='ocrx_word' id='word_1_88' title='bbox 1180 1052 1278 1114; x_wconf 85' lang='lat' dir='ltr'><strong>deflexa</strong></span> 
     </span>
     <span class='ocr_line' id='line_1_11' title="bbox 227 1137 1277 1211; baseline -0.01 -16"><span class='ocrx_word' id='word_1_89' title='bbox 227 1155 255 1195; x_wconf 82' lang='lat' dir='ltr'><strong>et</strong></span> <span class='ocrx_word' id='word_1_90' title='bbox 267 1157 375 1208; x_wconf 84' lang='lat' dir='ltr'><strong>ornata,</strong></span> <span class='ocrx_word' id='word_1_91' title='bbox 389 1162 442 1195; x_wconf 89' lang='lat' dir='ltr'><strong>nna</strong></span> <span class='ocrx_word' id='word_1_92' title='bbox 454 1144 507 1195; x_wconf 88' lang='lat' dir='ltr'><strong>tela</strong></span> <span class='ocrx_word' id='word_1_93' title='bbox 517 1158 656 1206; x_wconf 69' lang='lat' dir='ltr'><strong>contexere</strong></span> <span class='ocrx_word' id='word_1_94' title='bbox 665 1142 795 1194; x_wconf 85' lang='lat' dir='ltr'><strong>voluisse:</strong></span> <span class='ocrx_word' id='word_1_95' title='bbox 809 1141 908 1210; x_wconf 87' lang='lat' dir='ltr'><strong>quippe</strong></span> <span class='ocrx_word' id='word_1_96' title='bbox 919 1141 964 1211; x_wconf 93' lang='lat' dir='ltr'><strong>qui</strong></span> <span class='ocrx_word' id='word_1_97' title='bbox 974 1139 1117 1211; x_wconf 80' lang='lat' dir='ltr'><strong>diligenter</strong></span> <span class='ocrx_word' id='word_1_98' title='bbox 1127 1137 1277 1188; x_wconf 85' lang='lat' dir='ltr'><strong>discernere</strong></span> 
     </span>
     <span class='ocr_line' id='line_1_12' title="bbox 227 1219 1277 1296; baseline -0.009 -22"><span class='ocrx_word' id='word_1_99' title='bbox 227 1222 329 1275; x_wconf 82' lang='lat' dir='ltr'><strong>soleam</strong></span> <span class='ocrx_word' id='word_1_100' title='bbox 341 1243 387 1292; x_wconf 81' lang='lat' dir='ltr'><strong>ea,</strong></span> <span class='ocrx_word' id='word_1_101' title='bbox 400 1243 458 1296; x_wconf 84' lang='lat' dir='ltr'><strong>quae</strong></span> <span class='ocrx_word' id='word_1_102' title='bbox 470 1225 548 1275; x_wconf 66' lang='lat' dir='ltr'><strong>famae</strong></span> <span class='ocrx_word' id='word_1_103' title='bbox 559 1226 674 1294; x_wconf 85' lang='lat' dir='ltr'><strong>antiquae</strong></span> <span class='ocrx_word' id='word_1_104' title='bbox 684 1221 799 1274; x_wconf 80' lang='lat' dir='ltr'><strong>fundunt</strong></span> <span class='ocrx_word' id='word_1_105' title='bbox 816 1221 1045 1291; x_wconf 78' lang='lat' dir='ltr'><strong>qualemcunque,</strong></span> <span class='ocrx_word' id='word_1_106' title='bbox 1059 1232 1106 1272; x_wconf 87' lang='lat' dir='ltr'><strong>ant</strong></span> <span class='ocrx_word' id='word_1_107' title='bbox 1124 1219 1277 1288; x_wconf 85' lang='lat' dir='ltr'><strong>opinionem</strong></span> 
     </span>
     <span class='ocr_line' id='line_1_13' title="bbox 229 1297 1330 1374; baseline -0.008 -22"><span class='ocrx_word' id='word_1_108' title='bbox 229 1303 368 1372; x_wconf 85' lang='lat' dir='ltr'><strong>antiquam</strong></span> <span class='ocrx_word' id='word_1_109' title='bbox 386 1321 435 1374; x_wconf 89' lang='lat' dir='ltr'><strong>pro</strong></span> <span class='ocrx_word' id='word_1_110' title='bbox 457 1305 547 1367; x_wconf 77' lang='lat' dir='ltr'><strong>fonte,</strong></span> <span class='ocrx_word' id='word_1_111' title='bbox 566 1301 682 1367; x_wconf 85' lang='lat' dir='ltr'><strong>habere,</strong></span> <span class='ocrx_word' id='word_1_112' title='bbox 700 1315 726 1354; x_wconf 83' lang='lat' dir='ltr'><strong>et</strong></span> <span class='ocrx_word' id='word_1_113' title='bbox 745 1319 803 1371; x_wconf 72' lang='lat' dir='ltr'><strong>quae</strong></span> <span class='ocrx_word' id='word_1_114' title='bbox 825 1300 934 1352; x_wconf 86' lang='lat' dir='ltr'><strong>diversis</strong></span> <span class='ocrx_word' id='word_1_115' title='bbox 956 1300 1019 1351; x_wconf 92' lang='lat' dir='ltr'><strong>inde</strong></span> <span class='ocrx_word' id='word_1_116' title='bbox 1042 1317 1089 1350; x_wconf 92' lang='lat' dir='ltr'><strong>seu</strong></span> <span class='ocrx_word' id='word_1_117' title='bbox 1112 1297 1277 1368; x_wconf 75' lang='lat' dir='ltr'><strong>ingeniorum</strong></span> <span class='ocrx_word' id='word_1_118' title='bbox 1329 1301 1330 1306; x_wconf 78' lang='grc'>’</span> 
     </span>
     <span class='ocr_line' id='line_1_14' title="bbox 228 1377 1276 1455; baseline -0.006 -24"><span class='ocrx_word' id='word_1_119' title='bbox 228 1398 276 1433; x_wconf 91' lang='lat' dir='ltr'><strong>seu</strong></span> <span class='ocrx_word' id='word_1_120' title='bbox 291 1385 463 1455; x_wconf 85' lang='lat' dir='ltr'><strong>opinionum,</strong></span> <span class='ocrx_word' id='word_1_121' title='bbox 474 1397 603 1454; x_wconf 87' lang='lat' dir='ltr'><strong>tanquam</strong></span> <span class='ocrx_word' id='word_1_122' title='bbox 621 1382 987 1455; x_wconf 84' lang='lat' dir='ltr'><strong>aquarum.divortiis,fnisse</strong></span> <span class='ocrx_word' id='word_1_123' title='bbox 1002 1380 1140 1441; x_wconf 86' lang='lat' dir='ltr'><strong>derivata,</strong></span> <span class='ocrx_word' id='word_1_124' title='bbox 1151 1377 1276 1445; x_wconf 79' lang='lat' dir='ltr'><strong>novisque</strong></span> 
     </span>
     <span class='ocr_line' id='line_1_15' title="bbox 229 1458 1220 1536; baseline -0.007 -24"><span class='ocrx_word' id='word_1_125' title='bbox 229 1479 360 1531; x_wconf 84' lang='lat' dir='ltr'><strong>aquarum</strong></span> <span class='ocrx_word' id='word_1_126' title='bbox 371 1466 444 1522; x_wconf 84' lang='lat' dir='ltr'><strong>venis</strong></span> <span class='ocrx_word' id='word_1_127' title='bbox 455 1465 593 1536; x_wconf 80' lang='lat' dir='ltr'><strong>corrivatis</strong></span> <span class='ocrx_word' id='word_1_128' title='bbox 606 1475 686 1516; x_wconf 87' lang='lat' dir='ltr'><strong>aucta</strong></span> <span class='ocrx_word' id='word_1_129' title='bbox 697 1481 795 1520; x_wconf 81' lang='lat' dir='ltr'><strong>novam</strong></span> <span class='ocrx_word' id='word_1_130' title='bbox 804 1474 927 1515; x_wconf 85' lang='lat' dir='ltr'><strong>naturam</strong></span> <span class='ocrx_word' id='word_1_131' title='bbox 937 1461 1054 1514; x_wconf 82' lang='lat' dir='ltr'><strong>induisse</strong></span> <span class='ocrx_word' id='word_1_132' title='bbox 1064 1458 1220 1512; x_wconf 84' lang='lat' dir='ltr'><strong>videantur.</strong></span> 
     </span>
    </p>
   </div>
   <div class='ocr_carea' id='block_1_3' title="bbox 265 1755 1339 2166">
    <p class='ocr_par' dir='ltr' id='par_1_4' title="bbox 265 1723 1339 2166">
     <span class='ocr_line' id='line_1_16' title="bbox 517 1755 980 1846; baseline 0 -2"><span class='ocrx_word' id='word_1_133' title='bbox 517 1755 883 1846; x_wconf 70' lang='lat' dir='ltr'><strong>excussus</strong></span> <span class='ocrx_word' id='word_1_134' title='bbox 919 1759 980 1844; x_wconf 84' lang='lat' dir='ltr'><strong>x.</strong></span> 
     </span>
     <span class='ocr_line' id='line_1_17' title="bbox 644 1928 863 1999; baseline 0 -5"><span class='ocrx_word' id='word_1_135' title='bbox 644 1928 699 1994; x_wconf 87' lang='lat' dir='ltr'><strong>De</strong></span> <span class='ocrx_word' id='word_1_136' title='bbox 720 1929 863 1999; x_wconf 83' lang='lat' dir='ltr'><strong>Coroebo.</strong></span> 
     </span>
     <span class='ocr_line' id='line_1_18' title="bbox 265 2081 1339 2166; baseline 0.003 -24"><span class='ocrx_word' id='word_1_137' title='bbox 265 2093 305 2157; x_wconf 84' lang='lat'><strong>11,</strong></span> <span class='ocrx_word' id='word_1_138' title='bbox 320 2093 369 2159; x_wconf 72' lang='lat'><strong>341</strong></span> <span class='ocrx_word' id='word_1_139' title='bbox 385 2109 425 2162; x_wconf 76' lang='lat' dir='ltr'><strong>sq.</strong></span> <span class='ocrx_word' id='word_1_140' title='bbox 442 2091 494 2145; x_wconf 84' lang='lat'><strong>386</strong></span> <span class='ocrx_word' id='word_1_141' title='bbox 505 2110 544 2163; x_wconf 77' lang='lat' dir='ltr'><strong>sq.</strong></span> <span class='ocrx_word' id='word_1_142' title='bbox 560 2092 621 2158; x_wconf 74' lang='lat'><strong>424.</strong></span> <span class='ocrx_word' id='word_1_143' title='bbox 640 2092 699 2160; x_wconf 66' lang='lat'><strong>425.</strong></span> <span class='ocrx_word' id='word_1_144' title='bbox 712 2093 881 2154; x_wconf 14' lang='lat' dir='ltr'><strong>nevcoroeuo</strong></span> <span class='ocrx_word' id='word_1_145' title='bbox 895 2092 1035 2166; x_wconf 66' lang='lat' dir='ltr'><strong>Mygdonis</strong></span> <span class='ocrx_word' id='word_1_146' title='bbox 1047 2094 1067 2144; x_wconf 82' lang='lat' dir='ltr'><strong>t.</strong></span> <span class='ocrx_word' id='word_1_147' title='bbox 1080 2107 1277 2164; x_wconf 59' lang='lat' dir='ltr'><strong>argumentum,</strong></span> <span class='ocrx_word' id='word_1_148' title='bbox 1338 2081 1339 2100; x_wconf 66' lang='lat'>¹</span> 
     </span>
    </p>
   </div>
   <div class='ocr_carea' id='block_1_4' title="bbox 176 2171 1340 3999">
    <p class='ocr_par' dir='ltr' id='par_1_5' title="bbox 176 2171 1340 3999">
     <span class='ocr_line' id='line_1_19' title="bbox 228 2171 1340 2244; baseline 0.003 -24"><span class='ocrx_word' id='word_1_149' title='bbox 228 2187 280 2241; x_wconf 87' lang='lat' dir='ltr'><strong>pro</strong></span> <span class='ocrx_word' id='word_1_150' title='bbox 293 2171 414 2242; x_wconf 88' lang='lat' dir='ltr'><strong>episodio</strong></span> <span class='ocrx_word' id='word_1_151' title='bbox 426 2171 564 2223; x_wconf 86' lang='lat' dir='ltr'><strong>inductum</strong></span> <span class='ocrx_word' id='word_1_152' title='bbox 575 2172 725 2244; x_wconf 77' lang='lat' dir='ltr'><strong>aVirgili0‚</strong></span> <span class='ocrx_word' id='word_1_153' title='bbox 737 2174 817 2224; x_wconf 87' lang='lat' dir='ltr'><strong>variis</strong></span> <span class='ocrx_word' id='word_1_154' title='bbox 827 2173 913 2224; x_wconf 90' lang='lat' dir='ltr'><strong>modis</strong></span> <span class='ocrx_word' id='word_1_155' title='bbox 924 2171 1082 2224; x_wconf 84' lang='lat' dir='ltr'><strong>aveterihus</strong></span> <span class='ocrx_word' id='word_1_156' title='bbox 1092 2173 1177 2224; x_wconf 83' lang='lat' dir='ltr'><strong>fuisse</strong></span> <span class='ocrx_word' id='word_1_157' title='bbox 1188 2185 1279 2224; x_wconf 87' lang='lat' dir='ltr'><strong>tracta·</strong></span> <span class='ocrx_word' id='word_1_158' title='bbox 1339 2177 1340 2188; x_wconf 63' lang='lat'>¹</span> 
     </span>
     <span class='ocr_line' id='line_1_20' title="bbox 227 2252 1280 2323; baseline -0.001 -19"><span class='ocrx_word' id='word_1_159' title='bbox 227 2263 287 2304; x_wconf 82' lang='lat' dir='ltr'><strong>rum</strong></span> <span class='ocrx_word' id='word_1_160' title='bbox 295 2253 420 2318; x_wconf 67' lang='lat' dir='ltr'><strong>uidetur,</strong></span> <span class='ocrx_word' id='word_1_161' title='bbox 431 2253 518 2306; x_wconf 88' lang='lat' dir='ltr'><strong>donec</strong></span> <span class='ocrx_word' id='word_1_162' title='bbox 530 2253 639 2305; x_wconf 84' lang='lat' dir='ltr'><strong>tandem</strong></span> <span class='ocrx_word' id='word_1_163' title='bbox 653 2254 727 2305; x_wconf 89' lang='lat' dir='ltr'><strong>stulti</strong></span> <span class='ocrx_word' id='word_1_164' title='bbox 738 2267 764 2306; x_wconf 90' lang='lat' dir='ltr'><strong>et</strong></span> <span class='ocrx_word' id='word_1_165' title='bbox 773 2253 895 2306; x_wconf 86' lang='lat' dir='ltr'><strong>vecordis</strong></span> <span class='ocrx_word' id='word_1_166' title='bbox 907 2252 1022 2304; x_wconf 87' lang='lat' dir='ltr'><strong>hominis</strong></span> <span class='ocrx_word' id='word_1_167' title='bbox 1036 2270 1183 2323; x_wconf 86' lang='lat' dir='ltr'><strong>personam</strong></span> <span class='ocrx_word' id='word_1_168' title='bbox 1202 2255 1226 2304; x_wconf 90' lang='lat' dir='ltr'><strong>ei</strong></span> <span class='ocrx_word' id='word_1_169' title='bbox 1242 2255 1280 2303; x_wconf 89' lang='lat' dir='ltr'><strong>in·</strong></span> 
     </span>
     <span class='ocr_line' id='line_1_21' title="bbox 229 2330 1277 2404; baseline -0.002 -22"><span class='ocrx_word' id='word_1_170' title='bbox 229 2330 359 2398; x_wconf 72' lang='lat' dir='ltr'><strong>doment,</strong></span> <span class='ocrx_word' id='word_1_171' title='bbox 370 2347 400 2384; x_wconf 93' lang='lat' dir='ltr'><strong>ut</strong></span> <span class='ocrx_word' id='word_1_172' title='bbox 410 2333 478 2385; x_wconf 87' lang='lat' dir='ltr'><strong>adeo</strong></span> <span class='ocrx_word' id='word_1_173' title='bbox 490 2335 518 2385; x_wconf 90' lang='lat' dir='ltr'><strong>in</strong></span> <span class='ocrx_word' id='word_1_174' title='bbox 527 2334 701 2404; x_wconf 83' lang='lat' dir='ltr'><strong>proverbium</strong></span> <span class='ocrx_word' id='word_1_175' title='bbox 712 2333 812 2385; x_wconf 88' lang='lat' dir='ltr'><strong>abiret:</strong></span> <span class='ocrx_word' id='word_1_176' title='bbox 824 2333 856 2386; x_wconf 92' lang='lat' dir='ltr'><strong>de</strong></span> <span class='ocrx_word' id='word_1_177' title='bbox 867 2352 920 2404; x_wconf 90' lang='lat' dir='ltr'><strong>quo</strong></span> <span class='ocrx_word' id='word_1_178' title='bbox 934 2353 959 2383; x_wconf 81' lang='lat' dir='ltr'><strong>v.</strong></span> <span class='ocrx_word' id='word_1_179' title='bbox 970 2332 1099 2384; x_wconf 84' lang='lat' dir='ltr'><strong>AElisn.V.</strong></span> <span class='ocrx_word' id='word_1_180' title='bbox 1111 2334 1143 2382; x_wconf 87' lang='lat' dir='ltr'><strong>H.</strong></span> <span class='ocrx_word' id='word_1_181' title='bbox 1155 2333 1227 2396; x_wconf 80' lang='lat' dir='ltr'><strong>xl11‚</strong></span> <span class='ocrx_word' id='word_1_182' title='bbox 1241 2333 1277 2384; x_wconf 83' lang='lat'><strong>15.</strong></span> 
     </span>
     <span class='ocr_line' id='line_1_22' title="bbox 229 2409 1280 2484; baseline -0.002 -22"><span class='ocrx_word' id='word_1_183' title='bbox 229 2411 285 2463; x_wconf 80' lang='lat' dir='ltr'><strong>alia</strong></span> <span class='ocrx_word' id='word_1_184' title='bbox 296 2412 357 2464; x_wconf 88' lang='lat' dir='ltr'><strong>loca</strong></span> <span class='ocrx_word' id='word_1_185' title='bbox 368 2432 409 2484; x_wconf 86' lang='lat' dir='ltr'><strong>ap.</strong></span> <span class='ocrx_word' id='word_1_186' title='bbox 420 2412 544 2464; x_wconf 88' lang='lat' dir='ltr'><strong>Cerdam.</strong></span> <span class='ocrx_word' id='word_1_187' title='bbox 552 2412 595 2463; x_wconf 77' lang='lat' dir='ltr'><strong>nd</strong></span> <span class='ocrx_word' id='word_1_188' title='bbox 604 2431 629 2462; x_wconf 86' lang='lat' dir='ltr'><strong>v.</strong></span> <span class='ocrx_word' id='word_1_189' title='bbox 644 2413 691 2480; x_wconf 69' lang='lat'><strong>341</strong></span> <span class='ocrx_word' id='word_1_190' title='bbox 705 2411 810 2464; x_wconf 83' lang='lat' dir='ltr'><strong>Servius</strong></span> <span class='ocrx_word' id='word_1_191' title='bbox 820 2435 825 2463; x_wconf 71' lang='grc' dir='ltr'>ι</span> <span class='ocrx_word' id='word_1_192' title='bbox 836 2413 1013 2464; x_wconf 86' lang='lat' dir='ltr'><strong>Huucautem</strong></span> <span class='ocrx_word' id='word_1_193' title='bbox 1025 2412 1158 2464; x_wconf 85' lang='lat' dir='ltr'><strong>Coroehum</strong></span> <span class='ocrx_word' id='word_1_194' title='bbox 1171 2409 1280 2462; x_wconf 83' lang='lat' dir='ltr'><strong>stultum</strong></span> 
     </span>
     <span class='ocr_line' id='line_1_23' title="bbox 230 2488 1280 2565; baseline 0.002 -26"><span class='ocrx_word' id='word_1_195' title='bbox 230 2489 335 2542; x_wconf 81' lang='lat' dir='ltr'><strong>inducit</strong></span> <span class='ocrx_word' id='word_1_196' title='bbox 345 2490 502 2561; x_wconf 83' lang='lat' dir='ltr'><strong>Euphorion</strong></span> <span class='ocrx_word' id='word_1_197' title='bbox 508 2528 517 2555; x_wconf 88' lang='lat'><em>,</em></span> <span class='ocrx_word' id='word_1_198' title='bbox 531 2509 609 2562; x_wconf 83' lang='lat' dir='ltr'><strong>quem</strong></span> <span class='ocrx_word' id='word_1_199' title='bbox 624 2503 651 2542; x_wconf 91' lang='lat' dir='ltr'><strong>et</strong></span> <span class='ocrx_word' id='word_1_200' title='bbox 663 2493 690 2546; x_wconf 85' lang='lat' dir='ltr'><strong>V</strong></span> <span class='ocrx_word' id='word_1_201' title='bbox 688 2490 792 2565; x_wconf 72' lang='lat' dir='ltr'><strong>iryilius</strong></span> <span class='ocrx_word' id='word_1_202' title='bbox 802 2493 935 2564; x_wconf 83' lang='lat' dir='ltr'><strong>sequitur,</strong></span> <span class='ocrx_word' id='word_1_203' title='bbox 947 2491 1011 2542; x_wconf 72' lang='lat' dir='ltr'><strong>daris</strong></span> <span class='ocrx_word' id='word_1_204' title='bbox 1022 2490 1047 2552; x_wconf 77' lang='lat' dir='ltr'><strong>ei</strong></span> <span class='ocrx_word' id='word_1_205' title='bbox 1065 2489 1115 2560; x_wconf 83' lang='lat' dir='ltr'><strong>inf.</strong></span> <span class='ocrx_word' id='word_1_206' title='bbox 1131 2491 1185 2559; x_wconf 87' lang='lat'><strong>390</strong></span> <span class='ocrx_word' id='word_1_207' title='bbox 1199 2488 1280 2541; x_wconf 85' lang='lat' dir='ltr'><strong>Dolus</strong></span> 
     </span>
     <span class='ocr_line' id='line_1_24' title="bbox 228 2569 1278 2644; baseline -0.003 -22"><span class='ocrx_word' id='word_1_208' title='bbox 228 2589 267 2622; x_wconf 80' lang='lat' dir='ltr'><strong>au</strong></span> <span class='ocrx_word' id='word_1_209' title='bbox 277 2571 358 2622; x_wconf 83' lang='lat' dir='ltr'><strong>virtus</strong></span> <span class='ocrx_word' id='word_1_210' title='bbox 367 2571 425 2643; x_wconf 80' lang='lat' dir='ltr'><strong>quis</strong></span> <span class='ocrx_word' id='word_1_211' title='bbox 434 2571 461 2622; x_wconf 88' lang='lat' dir='ltr'><strong>in</strong></span> <span class='ocrx_word' id='word_1_212' title='bbox 473 2571 543 2623; x_wconf 82' lang='lat' dir='ltr'><strong>hoste</strong></span> <span class='ocrx_word' id='word_1_213' title='bbox 554 2573 689 2644; x_wconf 80' lang='lat' dir='ltr'><strong>requirat?</strong></span> <span class='ocrx_word' id='word_1_214' title='bbox 698 2591 758 2624; x_wconf 88' lang='lat' dir='ltr'><strong>cum</strong></span> <span class='ocrx_word' id='word_1_215' title='bbox 765 2574 801 2625; x_wconf 83' lang='lat' dir='ltr'><strong>sit</strong></span> <span class='ocrx_word' id='word_1_216' title='bbox 811 2573 959 2644; x_wconf 73' lang='lat' dir='ltr'><strong>turpissima</strong></span> <span class='ocrx_word' id='word_1_217' title='bbox 968 2569 1027 2624; x_wconf 85' lang='lat' dir='ltr'><strong>dolo</strong></span> <span class='ocrx_word' id='word_1_218' title='bbox 1039 2571 1148 2643; x_wconf 69' lang='lat' dir='ltr'><strong>quaesita</strong></span> <span class='ocrx_word' id='word_1_219' title='bbox 1159 2570 1278 2621; x_wconf 81' lang='lat' dir='ltr'><strong>victoria.</strong></span> 
     </span>
     <span class='ocr_line' id='line_1_25' title="bbox 227 2648 1281 2723; baseline -0.002 -23"><span class='ocrx_word' id='word_1_220' title='bbox 227 2649 303 2700; x_wconf 84' lang='lat' dir='ltr'><strong>Prius</strong></span> <span class='ocrx_word' id='word_1_221' title='bbox 316 2648 383 2700; x_wconf 90' lang='lat' dir='ltr'><strong>illud</strong></span> <span class='ocrx_word' id='word_1_222' title='bbox 392 2661 486 2700; x_wconf 85' lang='lat' dir='ltr'><strong>notatu</strong></span> <span class='ocrx_word' id='word_1_223' title='bbox 499 2649 623 2722; x_wconf 78' lang='lat' dir='ltr'><strong>dignum3</strong></span> <span class='ocrx_word' id='word_1_224' title='bbox 636 2651 793 2723; x_wconf 85' lang='lat' dir='ltr'><strong>Euphorion</strong></span> <span class='ocrx_word' id='word_1_225' title='bbox 808 2653 878 2704; x_wconf 91' lang='lat' dir='ltr'><strong>enim</strong></span> <span class='ocrx_word' id='word_1_226' title='bbox 891 2651 1005 2706; x_wconf 80' lang='lat' dir='ltr'><strong>Coroeho</strong></span> <span class='ocrx_word' id='word_1_227' title='bbox 1020 2649 1162 2702; x_wconf 90' lang='lat' dir='ltr'><strong>temerario</strong></span> <span class='ocrx_word' id='word_1_228' title='bbox 1174 2650 1245 2700; x_wconf 82' lang='lat' dir='ltr'><strong>forte</strong></span> <span class='ocrx_word' id='word_1_229' title='bbox 1254 2651 1281 2698; x_wconf 88' lang='lat' dir='ltr'><strong>in</strong></span> 
     </span>
     <span class='ocr_line' id='line_1_26' title="bbox 226 2727 1282 2801; baseline -0.001 -21"><span class='ocrx_word' id='word_1_230' title='bbox 226 2727 345 2780; x_wconf 81' lang='lat' dir='ltr'><strong>&#39;Achivos</strong></span> <span class='ocrx_word' id='word_1_231' title='bbox 362 2729 435 2779; x_wconf 86' lang='lat' dir='ltr'><strong>facto</strong></span> <span class='ocrx_word' id='word_1_232' title='bbox 452 2731 567 2799; x_wconf 84' lang='lat' dir='ltr'><strong>impetu,</strong></span> <span class='ocrx_word' id='word_1_233' title='bbox 584 2748 728 2801; x_wconf 84' lang='lat' dir='ltr'><strong>personam</strong></span> <span class='ocrx_word' id='word_1_234' title='bbox 744 2731 866 2784; x_wconf 84' lang='lat' dir='ltr'><strong>vecordis</strong></span> <span class='ocrx_word' id='word_1_235' title='bbox 882 2731 996 2783; x_wconf 86' lang='lat' dir='ltr'><strong>hominis</strong></span> <span class='ocrx_word' id='word_1_236' title='bbox 1009 2734 1125 2801; x_wconf 87' lang='lat' dir='ltr'><strong>primum</strong></span> <span class='ocrx_word' id='word_1_237' title='bbox 1145 2729 1282 2784; x_wconf 87' lang='lat' dir='ltr'><strong>addidisse</strong></span> 
     </span>
     <span class='ocr_line' id='line_1_27' title="bbox 227 2806 1282 2882; baseline 0.003 -24"><span class='ocrx_word' id='word_1_238' title='bbox 227 2806 347 2869; x_wconf 64' lang='lat' dir='ltr'><strong>videtum</strong></span> <span class='ocrx_word' id='word_1_239' title='bbox 360 2806 425 2860; x_wconf 87' lang='lat' dir='ltr'><strong>dum</strong></span> <span class='ocrx_word' id='word_1_240' title='bbox 434 2807 536 2860; x_wconf 88' lang='lat' dir='ltr'><strong>scilicet</strong></span> <span class='ocrx_word' id='word_1_241' title='bbox 548 2823 702 2880; x_wconf 75' lang='lat' dir='ltr'><strong>argumento</strong></span> <span class='ocrx_word' id='word_1_242' title='bbox 716 2811 750 2863; x_wconf 87' lang='lat' dir='ltr'><strong>ab</strong></span> <span class='ocrx_word' id='word_1_243' title='bbox 763 2812 821 2863; x_wconf 81' lang='lat' dir='ltr'><strong>aliis</strong></span> <span class='ocrx_word' id='word_1_244' title='bbox 833 2823 947 2864; x_wconf 84' lang='lat' dir='ltr'><strong>tractato</strong></span> <span class='ocrx_word' id='word_1_245' title='bbox 958 2811 1082 2863; x_wconf 84' lang='lat' dir='ltr'><strong>novitatis</strong></span> <span class='ocrx_word' id='word_1_246' title='bbox 1095 2812 1210 2882; x_wconf 73' lang='lat' dir='ltr'><strong>gratiam</strong></span> <span class='ocrx_word' id='word_1_247' title='bbox 1219 2830 1282 2862; x_wconf 80' lang='lat' dir='ltr'><strong>eon-</strong></span> 
     </span>
     <span class='ocr_line' id='line_1_28' title="bbox 229 2886 1282 2962; baseline 0 -22"><span class='ocrx_word' id='word_1_248' title='bbox 229 2886 321 2940; x_wconf 85' lang='lat' dir='ltr'><strong>ciliare</strong></span> <span class='ocrx_word' id='word_1_249' title='bbox 336 2887 452 2939; x_wconf 88' lang='lat' dir='ltr'><strong>volebat.</strong></span> <span class='ocrx_word' id='word_1_250' title='bbox 465 2888 555 2940; x_wconf 84' lang='lat' dir='ltr'><strong>Etiam</strong></span> <span class='ocrx_word' id='word_1_251' title='bbox 569 2891 698 2960; x_wconf 81' lang='lat' dir='ltr'><strong>Pompon.</strong></span> <span class='ocrx_word' id='word_1_252' title='bbox 716 2889 777 2943; x_wconf 82' lang='lat' dir='ltr'><strong>sah.</strong></span> <span class='ocrx_word' id='word_1_253' title='bbox 795 2889 970 2962; x_wconf 69' lang='lat' dir='ltr'><strong>Euphorion,</strong></span> <span class='ocrx_word' id='word_1_254' title='bbox 987 2891 1088 2960; x_wconf 68' lang='lat' dir='ltr'><strong>inquit‚</strong></span> <span class='ocrx_word' id='word_1_255' title='bbox 1100 2889 1206 2942; x_wconf 80' lang='lat' dir='ltr'><strong>inducit</strong></span> <span class='ocrx_word' id='word_1_256' title='bbox 1220 2909 1282 2940; x_wconf 84' lang='lat' dir='ltr'><strong>rum</strong></span> 
     </span>
     <span class='ocr_line' id='line_1_29' title="bbox 227 2964 1282 3041; baseline 0.001 -23"><span class='ocrx_word' id='word_1_257' title='bbox 227 2964 348 3018; x_wconf 82' lang='lat' dir='ltr'><strong>stultum.</strong></span> <span class='ocrx_word' id='word_1_258' title='bbox 363 2966 414 3022; x_wconf 89' lang='lat' dir='ltr'><strong>Sed</strong></span> <span class='ocrx_word' id='word_1_259' title='bbox 424 2967 553 3032; x_wconf 84' lang='lat' dir='ltr'><strong>alterum,</strong></span> <span class='ocrx_word' id='word_1_260' title='bbox 564 2968 638 3039; x_wconf 86' lang='lat' dir='ltr'><strong>qnod</strong></span> <span class='ocrx_word' id='word_1_261' title='bbox 649 2971 677 3020; x_wconf 93' lang='lat' dir='ltr'><strong>in</strong></span> <span class='ocrx_word' id='word_1_262' title='bbox 686 2969 982 3040; x_wconf 82' lang='lat' dir='ltr'><strong>ServioEuphoriottem</strong></span> <span class='ocrx_word' id='word_1_263' title='bbox 996 2969 1022 3026; x_wconf 83' lang='lat' dir='ltr'><strong>V</strong></span> <span class='ocrx_word' id='word_1_264' title='bbox 1022 2967 1125 3041; x_wconf 77' lang='lat' dir='ltr'><strong>irqilius</strong></span> <span class='ocrx_word' id='word_1_265' title='bbox 1136 2969 1212 3041; x_wconf 81' lang='lat' dir='ltr'><strong>sequi</strong></span> <span class='ocrx_word' id='word_1_266' title='bbox 1228 2982 1282 3020; x_wconf 87' lang='lat' dir='ltr'><strong>tra·</strong></span> 
     </span>
     <span class='ocr_line' id='line_1_30' title="bbox 228 3047 1283 3124; baseline 0.005 -26"><span class='ocrx_word' id='word_1_267' title='bbox 228 3047 318 3112; x_wconf 83' lang='lat' dir='ltr'><strong>ditur‚&#39;</strong></span> <span class='ocrx_word' id='word_1_268' title='bbox 324 3049 489 3120; x_wconf 80' lang='lat' dir='ltr'><strong>grammatici</strong></span> <span class='ocrx_word' id='word_1_269' title='bbox 500 3061 680 3105; x_wconf 88' lang='lat' dir='ltr'><strong>commentum</strong></span> <span class='ocrx_word' id='word_1_270' title='bbox 689 3063 743 3112; x_wconf 88' lang='lat' dir='ltr'><strong>est;</strong></span> <span class='ocrx_word' id='word_1_271' title='bbox 756 3069 810 3102; x_wconf 91' lang='lat' dir='ltr'><strong>non</strong></span> <span class='ocrx_word' id='word_1_272' title='bbox 825 3051 895 3105; x_wconf 88' lang='lat' dir='ltr'><strong>euim</strong></span> <span class='ocrx_word' id='word_1_273' title='bbox 909 3048 1052 3124; x_wconf 80' lang='lat' dir='ltr'><strong>vecordem</strong></span> <span class='ocrx_word' id='word_1_274' title='bbox 1062 3063 1088 3100; x_wconf 90' lang='lat' dir='ltr'><strong>et</strong></span> <span class='ocrx_word' id='word_1_275' title='bbox 1100 3049 1229 3100; x_wconf 85' lang='lat' dir='ltr'><strong>stolidum</strong></span> <span class='ocrx_word' id='word_1_276' title='bbox 1239 3068 1283 3104; x_wconf 78' lang='lat' dir='ltr'><strong>ex.-</strong></span> 
     </span>
     <span class='ocr_line' id='line_1_31' title="bbox 227 3125 1282 3199; baseline 0.002 -21"><span class='ocrx_word' id='word_1_277' title='bbox 227 3125 315 3178; x_wconf 88' lang='lat' dir='ltr'><strong>hibuit</strong></span> <span class='ocrx_word' id='word_1_278' title='bbox 325 3127 481 3188; x_wconf 67' lang='lat' dir='ltr'><strong>Coroebum</strong></span> <span class='ocrx_word' id='word_1_279' title='bbox 492 3147 551 3192; x_wconf 89' lang='lat' dir='ltr'><strong>nec,</strong></span> <span class='ocrx_word' id='word_1_280' title='bbox 559 3130 610 3180; x_wconf 87' lang='lat' dir='ltr'><strong>nisi</strong></span> <span class='ocrx_word' id='word_1_281' title='bbox 618 3129 671 3181; x_wconf 87' lang='lat' dir='ltr'><strong>alia</strong></span> <span class='ocrx_word' id='word_1_282' title='bbox 683 3131 758 3184; x_wconf 86' lang='lat' dir='ltr'><strong>fuere</strong></span> <span class='ocrx_word' id='word_1_283' title='bbox 768 3131 796 3180; x_wconf 93' lang='lat' dir='ltr'><strong>in</strong></span> <span class='ocrx_word' id='word_1_284' title='bbox 805 3127 991 3199; x_wconf 84' lang='lat' dir='ltr'><strong>Euphorione,</strong></span> <span class='ocrx_word' id='word_1_285' title='bbox 1004 3146 1062 3198; x_wconf 83' lang='lat' dir='ltr'><strong>quae</strong></span> <span class='ocrx_word' id='word_1_286' title='bbox 1075 3146 1203 3199; x_wconf 77' lang='lat' dir='ltr'><strong>expressa</strong></span> <span class='ocrx_word' id='word_1_287' title='bbox 1211 3129 1282 3180; x_wconf 85' lang='lat' dir='ltr'><strong>forte</strong></span> 
     </span>
     <span class='ocr_line' id='line_1_32' title="bbox 228 3206 1283 3280; baseline 0.002 -25"><span class='ocrx_word' id='word_1_288' title='bbox 228 3219 291 3256; x_wconf 90' lang='lat' dir='ltr'><strong>sunt</strong></span> <span class='ocrx_word' id='word_1_289' title='bbox 311 3225 326 3258; x_wconf 89' lang='lat' dir='ltr'><strong>a</strong></span> <span class='ocrx_word' id='word_1_290' title='bbox 342 3219 438 3276; x_wconf 81' lang='lat' dir='ltr'><strong>poeta,</strong></span> <span class='ocrx_word' id='word_1_291' title='bbox 459 3206 566 3264; x_wconf 86' lang='lat' dir='ltr'><strong>aliunde</strong></span> <span class='ocrx_word' id='word_1_292' title='bbox 586 3207 669 3278; x_wconf 88' lang='lat' dir='ltr'><strong>liquet</strong></span> <span class='ocrx_word' id='word_1_293' title='bbox 689 3228 723 3261; x_wconf 87' lang='lat' dir='ltr'><strong>an</strong></span> <span class='ocrx_word' id='word_1_294' title='bbox 741 3208 942 3280; x_wconf 85' lang='lat' dir='ltr'><strong>Euphorionem</strong></span> <span class='ocrx_word' id='word_1_295' title='bbox 963 3221 1024 3262; x_wconf 82' lang='lat' dir='ltr'><strong>ante</strong></span> <span class='ocrx_word' id='word_1_296' title='bbox 1043 3207 1136 3262; x_wconf 87' lang='lat' dir='ltr'><strong>oculos</strong></span> <span class='ocrx_word' id='word_1_297' title='bbox 1155 3206 1283 3260; x_wconf 84' lang='lat' dir='ltr'><strong>habuerit</strong></span> 
     </span>
     <span class='ocr_line' id='line_1_33' title="bbox 227 3285 1283 3360; baseline 0.003 -24"><span class='ocrx_word' id='word_1_298' title='bbox 227 3285 369 3356; x_wconf 76' lang='lat' dir='ltr'><strong>Virgilius3</strong></span> <span class='ocrx_word' id='word_1_299' title='bbox 384 3286 457 3357; x_wconf 87' lang='lat' dir='ltr'><strong>quod</strong></span> <span class='ocrx_word' id='word_1_300' title='bbox 470 3287 537 3338; x_wconf 86' lang='lat' dir='ltr'><strong>adeo</strong></span> <span class='ocrx_word' id='word_1_301' title='bbox 551 3290 607 3340; x_wconf 88' lang='lat' dir='ltr'><strong>sine</strong></span> <span class='ocrx_word' id='word_1_302' title='bbox 619 3289 704 3341; x_wconf 87' lang='lat' dir='ltr'><strong>fundo</strong></span> <span class='ocrx_word' id='word_1_303' title='bbox 714 3289 812 3340; x_wconf 89' lang='lat' dir='ltr'><strong>idoneo</strong></span> <span class='ocrx_word' id='word_1_304' title='bbox 826 3307 857 3340; x_wconf 85' lang='lat' dir='ltr'><strong>ex</strong></span> <span class='ocrx_word' id='word_1_305' title='bbox 866 3288 892 3340; x_wconf 93' lang='lat' dir='ltr'><strong>h.</strong></span> <span class='ocrx_word' id='word_1_306' title='bbox 906 3288 923 3340; x_wconf 92' lang='lat' dir='ltr'><strong>l.</strong></span> <span class='ocrx_word' id='word_1_307' title='bbox 937 3289 1014 3360; x_wconf 78' lang='lat' dir='ltr'><strong>ponit</strong></span> <span class='ocrx_word' id='word_1_308' title='bbox 1025 3289 1082 3339; x_wconf 86' lang='lat' dir='ltr'><strong>Jac.</strong></span> <span class='ocrx_word' id='word_1_309' title='bbox 1095 3288 1154 3339; x_wconf 86' lang='lat' dir='ltr'><strong>Nic.</strong></span> <span class='ocrx_word' id='word_1_310' title='bbox 1169 3287 1283 3340; x_wconf 90' lang='lat' dir='ltr'><strong>Loensis</strong></span> 
     </span>
     <span class='ocr_line' id='line_1_34' title="bbox 227 3365 1283 3442; baseline 0.003 -25"><span class='ocrx_word' id='word_1_311' title='bbox 227 3365 361 3438; x_wconf 78' lang='lat' dir='ltr'><strong>Epiphyll.</strong></span> <span class='ocrx_word' id='word_1_312' title='bbox 374 3369 412 3433; x_wconf 86' lang='lat'><strong>11,</strong></span> <span class='ocrx_word' id='word_1_313' title='bbox 422 3369 496 3435; x_wconf 80' lang='lat' dir='ltr'><strong>3,&#39;nt</strong></span> <span class='ocrx_word' id='word_1_314' title='bbox 507 3387 562 3420; x_wconf 92' lang='lat' dir='ltr'><strong>non</strong></span> <span class='ocrx_word' id='word_1_315' title='bbox 572 3371 655 3442; x_wconf 78' lang='lat' dir='ltr'><strong>magis</strong></span> <span class='ocrx_word' id='word_1_316' title='bbox 667 3388 731 3424; x_wconf 83' lang='lat' dir='ltr'><strong>vera</strong></span> <span class='ocrx_word' id='word_1_317' title='bbox 743 3383 821 3434; x_wconf 87' lang='lat' dir='ltr'><strong>sunt,</strong></span> <span class='ocrx_word' id='word_1_318' title='bbox 837 3387 895 3439; x_wconf 73' lang='lat' dir='ltr'><strong>quse</strong></span> <span class='ocrx_word' id='word_1_319' title='bbox 910 3369 943 3421; x_wconf 92' lang='lat' dir='ltr'><strong>de</strong></span> <span class='ocrx_word' id='word_1_320' title='bbox 961 3370 1077 3422; x_wconf 85' lang='lat' dir='ltr'><strong>carmine</strong></span> <span class='ocrx_word' id='word_1_321' title='bbox 1090 3368 1220 3420; x_wconf 74' lang='lat' dir='ltr'><strong>Minxade</strong></span> <span class='ocrx_word' id='word_1_322' title='bbox 1232 3367 1283 3420; x_wconf 91' lang='lat' dir='ltr'><strong>de·</strong></span> 
     </span>
     <span class='ocr_line' id='line_1_35' title="bbox 227 3449 1282 3522; baseline 0.004 -25"><span class='ocrx_word' id='word_1_323' title='bbox 227 3461 355 3518; x_wconf 87' lang='lat' dir='ltr'><strong>prompta</strong></span> <span class='ocrx_word' id='word_1_324' title='bbox 376 3468 391 3500; x_wconf 87' lang='lat' dir='ltr'><strong>a</strong></span> <span class='ocrx_word' id='word_1_325' title='bbox 408 3449 520 3520; x_wconf 75' lang='lat' dir='ltr'><strong>Virgilio</strong></span> <span class='ocrx_word' id='word_1_326' title='bbox 531 3468 587 3503; x_wconf 87' lang='lat' dir='ltr'><strong>esse</strong></span> <span class='ocrx_word' id='word_1_327' title='bbox 603 3451 668 3502; x_wconf 83' lang='lat' dir='ltr'><strong>vult.</strong></span> <span class='ocrx_word' id='word_1_328' title='bbox 689 3452 719 3512; x_wconf 83' lang='lat' dir='ltr'><strong>In</strong></span> <span class='ocrx_word' id='word_1_329' title='bbox 737 3451 876 3522; x_wconf 73' lang='lat' dir='ltr'><strong>Polygnoti</strong></span> <span class='ocrx_word' id='word_1_330' title='bbox 896 3451 992 3503; x_wconf 89' lang='lat' dir='ltr'><strong>tabula</strong></span> <span class='ocrx_word' id='word_1_331' title='bbox 1007 3469 1051 3520; x_wconf 86' lang='lat' dir='ltr'><strong>ap.</strong></span> <span class='ocrx_word' id='word_1_332' title='bbox 1065 3452 1179 3502; x_wconf 87' lang='lat' dir='ltr'><strong>Pausan.</strong></span> <span class='ocrx_word' id='word_1_333' title='bbox 1194 3449 1235 3516; x_wconf 85' lang='lat' dir='ltr'><strong>X,</strong></span> <span class='ocrx_word' id='word_1_334' title='bbox 1250 3468 1282 3519; x_wconf 78' lang='lat'><strong>27</strong></span> 
     </span>
     <span class='ocr_line' id='line_1_36' title="bbox 176 3526 1284 3602; baseline 0.003 -26"><span class='ocrx_word' id='word_1_335' title='bbox 176 3541 179 3551; x_wconf 83' lang='lat'>¹</span> <span class='ocrx_word' id='word_1_336' title='bbox 228 3526 357 3583; x_wconf 72' lang='lat' dir='ltr'><strong>Coroebus</strong></span> <span class='ocrx_word' id='word_1_337' title='bbox 370 3529 449 3578; x_wconf 87' lang='lat' dir='ltr'><strong>etiam</strong></span> <span class='ocrx_word' id='word_1_338' title='bbox 460 3542 516 3579; x_wconf 88' lang='lat' dir='ltr'><strong>erat</strong></span> <span class='ocrx_word' id='word_1_339' title='bbox 528 3547 682 3602; x_wconf 87' lang='lat' dir='ltr'><strong>expressus,</strong></span> <span class='ocrx_word' id='word_1_340' title='bbox 693 3530 740 3586; x_wconf 89' lang='lat' dir='ltr'><strong>uhi</strong></span> <span class='ocrx_word' id='word_1_341' title='bbox 750 3529 794 3584; x_wconf 89' lang='lat' dir='ltr'><strong>ille</strong></span> <span class='ocrx_word' id='word_1_342' title='bbox 807 3528 897 3584; x_wconf 83' lang='lat' dir='ltr'><strong>addit:</strong></span> <span class='ocrx_word' id='word_1_343' title='bbox 911 3533 967 3599; x_wconf 89' lang='lat' dir='ltr'><strong>ejus</strong></span> <span class='ocrx_word' id='word_1_344' title='bbox 977 3541 1181 3580; x_wconf 86' lang='lat' dir='ltr'><strong>monumentum</strong></span> <span class='ocrx_word' id='word_1_345' title='bbox 1191 3527 1284 3579; x_wconf 89' lang='lat' dir='ltr'><strong>nobile</strong></span> 
     </span>
     <span class='ocr_line' id='line_1_37' title="bbox 226 3607 1283 3682; baseline -0.002 -22"><span class='ocrx_word' id='word_1_346' title='bbox 226 3611 255 3660; x_wconf 91' lang='lat' dir='ltr'><strong>in</strong></span> <span class='ocrx_word' id='word_1_347' title='bbox 267 3607 398 3679; x_wconf 77' lang='lat' dir='ltr'><strong>Phrygum</strong></span> <span class='ocrx_word' id='word_1_348' title='bbox 407 3607 520 3676; x_wconf 84' lang='lat' dir='ltr'><strong>finibus,</strong></span> <span class='ocrx_word' id='word_1_349' title='bbox 534 3625 559 3662; x_wconf 89' lang='lat' dir='ltr'><strong>et</strong></span> <span class='ocrx_word' id='word_1_350' title='bbox 571 3611 718 3682; x_wconf 75' lang='lat' dir='ltr'><strong>Mygdonas</strong></span> <span class='ocrx_word' id='word_1_351' title='bbox 729 3609 763 3662; x_wconf 89' lang='lat' dir='ltr'><strong>ab</strong></span> <span class='ocrx_word' id='word_1_352' title='bbox 774 3629 912 3664; x_wconf 89' lang='lat' dir='ltr'><strong>eonomen</strong></span> <span class='ocrx_word' id='word_1_353' title='bbox 926 3611 1066 3671; x_wconf 89' lang='lat' dir='ltr'><strong>habuisse;</strong></span> <span class='ocrx_word' id='word_1_354' title='bbox 1078 3608 1263 3681; x_wconf 85' lang='lat' dir='ltr'><strong>quodfalsum</strong></span> <span class='ocrx_word' id='word_1_355' title='bbox 1278 3632 1283 3658; x_wconf 93' lang='lat'>:</span> 
     </span>
     <span class='ocr_line' id='line_1_38' title="bbox 225 3687 1285 3761; baseline 0.004 -23"><span class='ocrx_word' id='word_1_356' title='bbox 225 3705 289 3742; x_wconf 80' lang='lat' dir='ltr'><strong>nam</strong></span> <span class='ocrx_word' id='word_1_357' title='bbox 303 3687 448 3757; x_wconf 70' lang='lat' dir='ltr'><strong>Mypdones</strong></span> <span class='ocrx_word' id='word_1_358' title='bbox 461 3691 570 3760; x_wconf 85' lang='lat' dir='ltr'><strong>antiqua</strong></span> <span class='ocrx_word' id='word_1_359' title='bbox 586 3689 719 3742; x_wconf 88' lang='lat' dir='ltr'><strong>Thracum</strong></span> <span class='ocrx_word' id='word_1_360' title='bbox 732 3692 811 3761; x_wconf 86' lang='lat' dir='ltr'><strong>stirps</strong></span> <span class='ocrx_word' id='word_1_361' title='bbox 826 3693 909 3744; x_wconf 86' lang='lat' dir='ltr'><strong>fuere.</strong></span> <span class='ocrx_word' id='word_1_362' title='bbox 921 3692 1030 3745; x_wconf 88' lang='lat' dir='ltr'><strong>Venisse</strong></span> <span class='ocrx_word' id='word_1_363' title='bbox 1043 3709 1104 3741; x_wconf 86' lang='lat' dir='ltr'><strong>eum</strong></span> <span class='ocrx_word' id='word_1_364' title='bbox 1119 3689 1155 3740; x_wconf 86' lang='lat' dir='ltr'><strong>ad</strong></span> <span class='ocrx_word' id='word_1_365' title='bbox 1170 3688 1285 3742; x_wconf 85' lang='lat' dir='ltr'><strong>Cassan-</strong></span> 
     </span>
     <span class='ocr_line' id='line_1_39' title="bbox 227 3765 1285 3840; baseline 0.005 -23"><span class='ocrx_word' id='word_1_366' title='bbox 227 3766 281 3822; x_wconf 82' lang='lat' dir='ltr'><strong>drae</strong></span> <span class='ocrx_word' id='word_1_367' title='bbox 294 3768 416 3836; x_wconf 69' lang='lat' dir='ltr'><strong>nuptias,</strong></span> <span class='ocrx_word' id='word_1_368' title='bbox 429 3779 455 3822; x_wconf 88' lang='lat' dir='ltr'><strong>et</strong></span> <span class='ocrx_word' id='word_1_369' title='bbox 469 3770 599 3833; x_wconf 81' lang='lat' dir='ltr'><strong>occisum,</strong></span> <span class='ocrx_word' id='word_1_370' title='bbox 613 3771 641 3824; x_wconf 78' lang='lat' dir='ltr'><strong>tit</strong></span> <span class='ocrx_word' id='word_1_371' title='bbox 651 3765 692 3834; x_wconf 69' lang='grc' dir='ltr'><strong>μὶν</strong></span> <span class='ocrx_word' id='word_1_372' title='bbox 706 3769 717 3818; x_wconf 82' lang='lat' dir='ltr'><strong>i</strong></span> <span class='ocrx_word' id='word_1_373' title='bbox 729 3770 812 3824; x_wconf 70' lang='lat' dir='ltr'><strong>nitier</strong></span> <span class='ocrx_word' id='word_1_374' title='bbox 831 3767 912 3837; x_wconf 64' lang='lat' dir='ltr'><strong>siper,</strong></span> <span class='ocrx_word' id='word_1_375' title='bbox 924 3791 941 3826; x_wconf 84' lang='lat' dir='ltr'><strong>a</strong></span> <span class='ocrx_word' id='word_1_376' title='bbox 952 3769 1143 3840; x_wconf 81' lang='lat' dir='ltr'><strong>Neoptolemo:</strong></span> <span class='ocrx_word' id='word_1_377' title='bbox 1155 3769 1285 3826; x_wconf 66' lang='lat' dir='ltr'><strong>hercheus</strong></span> 
     </span>
     <span class='ocr_line' id='line_1_40' title="bbox 225 3845 1283 3921; baseline 0.003 -25"><span class='ocrx_word' id='word_1_378' title='bbox 225 3855 314 3900; x_wconf 81' lang='lat' dir='ltr'><strong>autem</strong></span> <span class='ocrx_word' id='word_1_379' title='bbox 334 3865 351 3895; x_wconf 86' lang='lat' dir='ltr'><strong>a</strong></span> <span class='ocrx_word' id='word_1_380' title='bbox 370 3845 497 3901; x_wconf 77' lang='lat' dir='ltr'><strong>Diomede</strong></span> <span class='ocrx_word' id='word_1_381' title='bbox 517 3848 702 3918; x_wconf 81' lang='lat' dir='ltr'><strong>interemptum</strong></span> <span class='ocrx_word' id='word_1_382' title='bbox 720 3850 880 3902; x_wconf 65' lang='lat' dir='ltr'><strong>camisinus</strong></span> <span class='ocrx_word' id='word_1_383' title='bbox 895 3849 1014 3921; x_wconf 83' lang='lat' dir='ltr'><strong>prodidit</strong></span> <span class='ocrx_word' id='word_1_384' title='bbox 1030 3849 1061 3900; x_wconf 90' lang='lat' dir='ltr'><strong>ln</strong></span> <span class='ocrx_word' id='word_1_385' title='bbox 1079 3847 1140 3902; x_wconf 92' lang='lat' dir='ltr'><strong>hoc.</strong></span> <span class='ocrx_word' id='word_1_386' title='bbox 1154 3848 1283 3919; x_wconf 78' lang='lat' dir='ltr'><strong>Virgilius</strong></span> 
     </span>
     <span class='ocr_line' id='line_1_41' title="bbox 227 3925 1284 3999; baseline 0.003 -24"><span class='ocrx_word' id='word_1_387' title='bbox 227 3927 335 3978; x_wconf 83' lang='lat' dir='ltr'><strong>tertium</strong></span> <span class='ocrx_word' id='word_1_388' title='bbox 344 3925 459 3997; x_wconf 89' lang='lat' dir='ltr'><strong>aliquem</strong></span> <span class='ocrx_word' id='word_1_389' title='bbox 474 3940 611 3980; x_wconf 87' lang='lat' dir='ltr'><strong>auctorem</strong></span> <span class='ocrx_word' id='word_1_390' title='bbox 621 3943 748 3999; x_wconf 90' lang='lat' dir='ltr'><strong>sequutus</strong></span> <span class='ocrx_word' id='word_1_391' title='bbox 761 3943 814 3995; x_wconf 87' lang='lat' dir='ltr'><strong>est,</strong></span> <span class='ocrx_word' id='word_1_392' title='bbox 826 3949 889 3982; x_wconf 87' lang='lat' dir='ltr'><strong>nam</strong></span> <span class='ocrx_word' id='word_1_393' title='bbox 903 3932 925 3981; x_wconf 86' lang='lat' dir='ltr'><strong>is</strong></span> <span class='ocrx_word' id='word_1_394' title='bbox 935 3949 960 3982; x_wconf 90' lang='lat' dir='ltr'><strong>v.</strong></span> <span class='ocrx_word' id='word_1_395' title='bbox 979 3929 1031 3996; x_wconf 77' lang='lat'><strong>425</strong></span> <span class='ocrx_word' id='word_1_396' title='bbox 1041 3949 1057 3982; x_wconf 84' lang='lat' dir='ltr'><strong>e</strong></span> <span class='ocrx_word' id='word_1_397' title='bbox 1074 3927 1188 3980; x_wconf 87' lang='lat' dir='ltr'><strong>Peneleo</strong></span> <span class='ocrx_word' id='word_1_398' title='bbox 1199 3931 1284 3985; x_wconf 58' lang='lat' dir='ltr'><strong>interf</strong></span> 
     </span>
    </p>
   </div>
   <div class='ocr_carea' id='block_1_5' title="bbox 226 4007 1283 4090">
    <p class='ocr_par' dir='ltr' id='par_1_6' title="bbox 226 4007 1283 4090">
     <span class='ocr_line' id='line_1_42' title="bbox 226 4007 1283 4090; baseline 0.016 -31"><span class='ocrx_word' id='word_1_399' title='bbox 226 4007 327 4065; x_wconf 83' lang='lat' dir='ltr'><strong>fectum</strong></span> <span class='ocrx_word' id='word_1_400' title='bbox 346 4008 434 4064; x_wconf 85' lang='lat' dir='ltr'><strong>tradit.</strong></span> <span class='ocrx_word' id='word_1_401' title='bbox 455 4008 523 4064; x_wconf 84' lang='lat' dir='ltr'><strong>Cum</strong></span> <span class='ocrx_word' id='word_1_402' title='bbox 540 4008 658 4066; x_wconf 75' lang='lat' dir='ltr'><strong>hescheo</strong></span> <span class='ocrx_word' id='word_1_403' title='bbox 676 4013 741 4066; x_wconf 83' lang='lat' dir='ltr'><strong>facit</strong></span> <span class='ocrx_word' id='word_1_404' title='bbox 758 4013 873 4090; x_wconf 67' lang='lat' dir='ltr'><strong>Quintus</strong></span> <span class='ocrx_word' id='word_1_405' title='bbox 892 4011 985 4069; x_wconf 82' lang='lat' dir='ltr'><strong>Calah.</strong></span> <span class='ocrx_word' id='word_1_406' title='bbox 1005 4012 1082 4078; x_wconf 83' lang='lat' dir='ltr'><strong>xffl,</strong></span> <span class='ocrx_word' id='word_1_407' title='bbox 1106 4011 1154 4066; x_wconf 78' lang='lat'><strong>168</strong></span> <span class='ocrx_word' id='word_1_408' title='bbox 1175 4028 1217 4082; x_wconf 83' lang='lat' dir='ltr'><strong>sq·</strong></span> <span class='ocrx_word' id='word_1_409' title='bbox 1238 4009 1283 4076; x_wconf 71' lang='lat' dir='ltr'><strong>Ad.</strong></span> 
     </span>
    </p>
   </div>
   <div class='ocr_carea' id='block_1_6' title="bbox 0 0 1367 4598">
    <p class='ocr_par' dir='ltr' id='par_1_7' title="bbox 0 0 1367 4598">
     <span class='ocr_line' id='line_1_43' title="bbox 0 0 1367 4598; baseline 0 0"><span class='ocrx_word' id='word_1_410' title='bbox 0 0 1367 4598; x_wconf 95' lang='lat' dir='ltr'><strong> </strong></span> 
     </span>
    </p>
   </div>
  </div>
 </body>
</html>
