2718 4598
237 289 300 357 352
490 271 492 278 '
554 286 821 352 excursus
845 287 961 352 xvu

236 433 269 466 ea
287 413 418 479 breviter,
432 429 489 482 quae
504 410 538 462 ab
558 411 616 463 aliis
636 410 678 462 his
699 410 732 463 de
751 411 830 463 rebus
852 425 963 464 narrata
981 425 1061 478 sunt,
1079 415 1213 485 subjicere
1229 435 1278 472 non

236 495 345 566 pigebit.

271 573 351 641 Quod
363 573 445 644 igitur
463 569 530 622 urbe
543 569 577 620 ab
589 569 712 622 hostibus
725 589 756 622 ex
768 570 871 623 insidiis
889 585 969 642 capta
985 571 1081 624 AEneas
1095 573 1130 624 ad
1143 593 1230 628 arcem
1242 597 1278 631 ac·

236 655 332 717 currit,
344 653 481 721 multaque
491 661 597 701 strenue
608 651 689 714 iacit,
700 650 756 701 noli
766 662 852 721 poetae
865 664 1045 703 commentum
1054 653 1215 707 existimare.
1224 659 1277 708 Fuit

237 739 327 806 utique
340 751 372 784 ee
383 730 416 782 de
426 732 513 780 AEneae
523 730 619 780 virtute
634 731 722 794 fama,
736 742 776 795 et,
790 747 871 800 quam
883 730 967 782 multa
979 730 1013 782 ad
1024 749 1114 782 arcem
1126 734 1276 806 Pergamum
1339 779 1340 782 ,

235 812 432 868 defendendam
451 811 557 861 fortiter
579 827 610 861 ac
631 811 766 880 sapienter
786 812 870 882 egerit
891 811 1001 876 AEneas,
1022 812 1176 882 quomodo,
1199 815 1277 870 salute

235 897 389 967 desperata,
402 904 505 963 partem
518 891 615 941 civium
626 891 849 960 fortunarumque
868 890 969 942 salvam
981 908 1030 961 per
1042 904 1151 960 portam
1163 913 1277 948 aversam

234 980 261 1028 in
279 974 330 1025 Idae
349 984 407 1024 tuta
423 971 557 1032 eduxerit,
574 971 753 1040 passioneque
773 988 834 1021 cum
850 969 960 1024 Achivis
979 971 1052 1022 facta
1071 970 1278 1040 discesserit,e1

233 1041 389 1115 Hellanico,
412 1049 595 1119 antiquissimo
615 1050 760 1119 scriptore,
782 1047 883 1100 diserte
898 1061 991 1099 narrat
1010 1049 1119 1121 Dionys.
1138 1053 1164 1116 1,
1186 1053 1227 1118 46.
1247 1055 1277 1122 47

234 1135 315 1207 (pag.
328 1131 392 1203 36),
406 1129 479 1201 quod
486 1127 650 1197 jamdictum
660 1141 700 1181 est
710 1129 771 1180 Exc.
783 1129 852 1179 XIII.
864 1130 893 1178 In
903 1128 1006 1180 Arctini
1013 1129 1124 1182 Excidio
1133 1131 1277 1184 IIii'AEneas

231 1218 288 1284 jam
299 1225 360 1284 post
371 1209 531 1261 LaocoontiS
547 1225 640 1258 necem
653 1208 681 1258 in
693 1220 811 1280 montem
823 1207 898 1260 Idam
910 1221 1064 1260 secesserat.
1077 1211 1109 1260 In
1122 1211 1222 1277 Quinto
1233 1213 1276 1264 lib.

233 1294 307 1357 XIII,
321 1291 372 1342 333
385 1305 423 1357 sq.
438 1286 494 1338 abit
506 1284 551 1336 ille
563 1284 659 1336 illaesus
672 1285 826 1338 Calchantis
845 1288 914 1338 vatis
931 1289 1051 1354 monitu,
1063 1301 1209 1360 postquam
1228 1293 1278 1342 Ior-

233 1377 295 1425 titer
306 1378 472 1443 pugnaverat
484 1384 500 1416 a
511 1384 535 1416 v.
547 1363 607 1416 300.
882 1391 885 1397 <
1121 1383 1129 1390 ⁷

267 1450 393 1522 Virgilius
407 1445 515 1516 quidem
528 1441 640 1494 AEneam'
649 1445 726 1513 quasi
737 1445 765 1494 iu
777 1443 843 1521 urbe
862 1446 945 1514 Troja
956 1444 1123 1498 domicilium
1136 1446 1280 1502 habentem'

233 1533 352 1598 inducit,
364 1527 539 1595 Anchisenque
549 1523 658 1576 domum
670 1528 697 1576 in
708 1538 784 1596 parte
795 1526 868 1577 urbis
879 1527 912 1578 ab
924 1539 1098 1580 areeremota
1105 1544 1236 1581 memorat
1245 1535 1275 1599 Π,
1339 1567 1340 1572 ,

233 1632 285 1684 299
297 1629 355 1682 sqq.
373 1609 408 1658 At
426 1609 556 1658 Homerus
577 1606 687 1656 AEneam
705 1605 739 1657 ab
761 1606 827 1658 urbe
840 1606 967 1658 Dardano
981 1606 1093 1658 adduxit
1110 1627 1136 1658 v.
1155 1610 1229 1662 Iliad.
1243 1614 1276 1678 B,

233 1696 285 1762 819
304 1710 378 1762 sqq,
401 1703 482 1758 quam
500 1703 561 1736 cum
581 1686 689 1755 regione
705 1684 843 1736 Dardania
859 1684 903 1736 ille
918 1686 1031 1757 regebat
1044 1705 1070 1737 v.
1089 1686 1187 1739 Strabo
1199 1691 1276 1760 ,xlta
1339 1673 1340 1706 Τ

232 1794 259 1845 p.
275 1771 325 1840 596
337 1772 368 1821 D.
382 1767 437 1818 Sita
448 1764 495 1816 illa
512 1763 547 1814 ad
566 1765 637 1834 ipsas
654 1763 706 1815 Idae
725 1763 845 1828 radices,
867 1763 937 1818 unde
956 1766 1079 1818 Anchisa
1097 1767 1230 1826 habitatio
1250 1773 1277 1822 iu

233 1858 292 1924 ipso
302 1851 350 1902 Ida
360 1849 394 1900 ab
405 1857 520 1897 auctore
532 1845 627 1914 Hymni
644 1845 672 1894 in
687 1844 819 1895 Venerem
834 1847 958 1916 ponitur,
971 1864 995 1895 v.
1016 1846 1058 1898 68.
1080 1846 1122 1914 75.
1137 1851 1172 1899 cf.
1185 1850 1276 1916 Quint.

232 1933 288 1984 Cal.
302 1931 375 1992 VIII,
388 1941 430 1996 97.
453 1925 496 1993 98.
513 1925 644 1992 Trojanos
657 1941 688 1974 ex
700 1923 827 1975 Dardano
840 1937 866 1976 et
879 1924 1017 1996 Ophrynio
1034 1926 1123 1976 AEneae
1142 1930 1277 1996 paruisse,

233 2031 265 2065 ex
274 2010 412 2063 Hellanico
425 2006 507 2058 tradit
517 2005 624 2075 Dionys.
638 2004 698 2056 Hal.
711 2006 736 2069 l,
749 2005 798 2072 46,
811 2007 853 2073 47.
865 2007 904 2056 Ex
915 2005 1009 2057 iisdem
1021 2005 1088 2057 locis
1106 2007 1219 2078 aliisque
1236 2029 1279 2063 ur-

232 2093 311 2144 bibus
324 2089 461 2158 Trojanis,
475 2085 554 2137 etiam
562 2103 594 2136 ex
600 2085 728 2156 Bebrycia
738 2083 748 2154 (
758 2087 792 2136 cf.
804 2085 869 2138 ibid.
882 2105 904 2137 c.
915 2086 949 2152 54
958 2087 982 2157 ),
995 2085 1153 2140 confluxisse
1165 2089 1279 2156 adeum,

194 2173 195 2176 ’
232 2191 293 2224 oum
303 2168 413 2221 inldam
422 2185 449 2218 se
459 2167 751 2238 recepIsset,magnam
761 2165 960 2217 multitudinem
969 2165 1124 2231 homiuum,
1137 2166 1209 2222 idem
1221 2171 1280 2222 Hel·
1339 2159 1340 2184 i

232 2254 333 2306 lanicus
346 2249 411 2302 ibid.
432 2247 565 2299 memoriae
577 2245 746 2316 prodiderat;
762 2246 833 2298 unde
844 2246 936 2318 virgil.
955 2248 992 2310 II,
1011 2247 1062 2315 796
1073 2247 1163 2318 Atque
1181 2249 1224 2300 hic
1238 2251 1280 2301 in·
1339 2287 1340 2292 .

229 2345 334 2408 yentem
346 2329 471 2382 comitum
483 2326 621 2402 atisluxt'sse
632 2345 760 2378 novorum
772 2340 840 2391 etc,
856 2340 882 2378 et
894 2326 1003 2377 illustris
1016 2345 1047 2377 ex
1059 2325 1203 2398 Sophoclis
1213 2332 1280 2382 Lao·
1339 2341 1340 2400 ζ

231 2428 327 2467 coonte
338 2413 413 2463 locus
426 2409 490 2460 ibid.
502 2427 524 2460 c.
539 2407 572 2474 48
584 2407 663 2458 Adest
671 2410 769 2460 AEneas
778 2439 812 2447 -
823 2407 908 2458 Kotes?
924 2401 952 2458 li
966 2408 1047 2459 nicar
1062 2407 1152 2461 cirratis
1162 2428 1280 2475 παμπλη-
1339 2439 1340 2444 =

231 2495 306 2555 hies,
323 2488 484 2558 Συνοποίζπαιι
503 2485 529 2542 di
544 2489 650 2549 midos,
671 2489 717 2553 οὐχ
738 2487 786 2541 ὅσον
802 2486 887 2549 dorric,
906 2485 937 2541 Oi
957 2488 1025 2540 σιῖσὸ1
1043 2490 1109 2557 ipsiius
1125 2492 1166 2546 cic
1185 2497 1280 2562 vayois
1339 2481 1340 2502 i

168 2566 171 2573 ¹
232 2573 349 2626 ἀποικίαις.
453 2582 460 2606 s
669 2617 673 2624 .

266 2651 377 2712 AEneam
393 2666 453 2700 cum
466 2645 573 2696 Achivis
592 2644 717 2715 pactione
734 2648 807 2701 facta
824 2647 927 2700 salvum
945 2647 1112 2712 discessisse,
1128 2650 1198 2700 miro
1218 2669 1280 2701 con·
1339 2639 1340 2696 ζ

231 2747 311 2782 sensu
329 2729 397 2778 inter
414 2738 516 2777 veteres
532 2724 663 2790 traditur,
686 2728 736 2776 etsi
752 2725 796 2791 id,
810 2725 995 2778 diversissimis
1011 2726 1115 2792 modis,
1138 2729 1221 2780 modo
1246 2729 1281 2782 ad

231 2809 379 2882 prudentiae
395 2804 503 2858 laudem
519 2802 601 2854 modo
623 2805 658 2856 ad
671 2804 812 2875 perfidIam
833 2806 908 2858 ducis
928 2806 1050 2858 trahitur.
1071 2807 1114 2858 Ad
1136 2821 1281 2880 utramque
1339 2843 1340 2880 3

230 2893 362 2943 rationem
371 2887 426 2938 sive
434 2882 591 2935 firmandam
602 2885 656 2935 sive
667 2885 817 2937 ornandam
827 2904 987 2956 caussasque
996 2886 1102 2937 consilii
1114 2887 1288 2954 reddendas,-

230 2972 331 3025 scilicet
343 2981 372 3020 ut
384 2969 412 3018 in
424 2966 499 3029 loco,
515 2967 560 3035 qui
579 2983 594 3016 a
610 2965 699 3016 multis
718 2978 774 3017 erat
784 2979 927 3032 tractatus,
946 2967 1029 3019 multa
1042 2986 1073 3018 ac
1083 2971 1160 3020 varia
1176 2989 1194 3021 a
1204 2982 1281 3022 vete-

228 3054 302 3104 ribus
316 3061 393 3104 erant
404 3058 624 3110 commemorata,
637 3046 703 3098 Iocis
716 3048 796 3098 etiam
810 3049 919 3100 Homeri
929 3051 956 3100 in
966 3066 1010 3099 eas
1022 3052 1234 3118 pertentastis,
1248 3050 1281 3102 de

230 3133 326 3204 quibus
339 3129 448 3200 copiose
461 3124 597 3196 disputare
616 3125 682 3176 nihil
700 3127 803 3178 attinet.
827 3127 978 3179 Occurrunt
1000 3127 1046 3179 illa
1070 3127 1145 3199 apud
1166 3130 1279 3201 Dionys

189 3273 195 3285 ι
228 3212 313 3264 Halic.
336 3209 422 3262 Strab.
441 3208 575 3278 Dictyern,
593 3205 670 3258 Auct.
688 3205 721 3257 de
735 3206 808 3276 Orig.
825 3206 869 3258 Gr.
891 3207 966 3258 Rom.
981 3219 1007 3258 et
1019 3205 1141 3258 Servium
1155 3209 1281 3279 aliosque
1339 3253 1340 3268 ,

227 3293 345 3362 passim3
366 3285 413 3339 sed
433 3287 520 3356 prima
540 3286 636 3356 iniquae
648 3285 727 3354 hujus
746 3286 824 3336 Ianaae
836 3286 936 3339 semina
949 3289 1077 3358 sparsisse
1094 3286 1204 3338 videtur
1222 3291 1282 3339 Ho-
1339 3293 1340 3300 ³

228 3389 316 3422 merus
339 3367 415 3420 Iliad.
435 3389 465 3427 u,
490 3367 539 3418 180
566 3383 623 3437 sq.,
652 3365 723 3418 unde
745 3367 875 3436 susPIcari
896 3366 974 3432 licet,
998 3367 1108 3418 AEncam
1134 3367 1169 3430 de
1195 3388 1281 3441 regno

227 3449 345 3518 Trojano
367 3445 525 3516 occupando
548 3445 713 3497 clandestina
741 3446 853 3498 consilia
874 3447 980 3498 iniIsse:
1000 3463 1066 3516 quos
1086 3465 1180 3498 versus
1205 3449 1282 3518 quod

228 3527 291 3578 olim
303 3527 474 3578 Grammatici
484 3523 577 3576 tollere
589 3524 747 3590 voluerunt,
761 3525 795 3576 ad
806 3525 877 3577 hanc
889 3527 974 3595 ipsam
987 3527 1202 3577 controversiam
1215 3547 1282 3598 per-

227 3607 294 3656 tinet
307 3627 313 3654 :
333 3615 359 3654 et
369 3594 451 3662 Iliad
460 3623 484 3663 r,
498 3602 550 3672 459
566 3619 624 3672 sqq.
638 3601 672 3654 de
684 3604 795 3656 occultis
806 3604 953 3676 od'iisinter
966 3607 1077 3656 AEneam
1087 3617 1113 3656 et
1129 3607 1279 3658 Priamum.

228 3687 263 3737 cf.
278 3684 350 3735 dicta
361 3684 389 3732 in
398 3683 514 3751 DIsquis,
528 3685 551 3733 II
564 3701 584 3733 s.
596 3684 639 3733 III.
650 3684 735 3735 Poetae
746 3686 896 3737 necessario
909 3687 959 3736 fuit
970 3685 1066 3736 melior
1078 3685 1112 3737 de
1122 3687 1214 3739 AEneae
1227 3687 1282 3738 fide

227 3769 300 3818 fama
312 3762 465 3834 sequenda,
482 3765 509 3812 in
524 3781 577 3831 qua
589 3775 615 3834 et
629 3763 695 3815 alios
708 3763 803 3818 habuit
815 3767 1027 3829 consentientes,
1041 3767 1123 3836 inque
1137 3769 1169 3818 iis
1184 3769 1280 3820 Hella-

226 3847 316 3896 nicum
328 3841 452 3893 Lesbium
469 3855 511 3909 ap.
526 3841 635 3912 Dionys.
646 3842 663 3892 I.
680 3861 702 3894 c.
718 3846 739 3894 1.
760 3845 802 3913 47.
816 3847 900 3897 Fuere
911 3847 980 3898 enim
993 3844 1075 3909 adeo,
1090 3847 1137 3915 qui
1150 3865 1280 3898 caussam

226 3928 312 3980 AEneae
325 3939 437 3994 operose
447 3919 639 3987 defenderent,
652 3937 697 3975 aut
710 3943 770 3976 eum
780 3926 875 3977 excidii
892 3939 1011 3997 tempore
1025 3926 1059 3977 ab
1071 3925 1139 3984 urhe
1153 3928 1280 3980 abfuIsse

226 4006 487 4084 comminiscerentur
497 4014 527 4055 ut
544 4003 644 4056 scilicet
657 4017 730 4070 tanto
742 4006 848 4061 facilius
860 4025 876 4060 a
888 4008 997 4060 crimine
1008 4006 1170 4061 liberarent:
