2694 4574
136 356 198 420 nn
222 351 445 419 crannus
462 349 612 414 >Erico
635 345 939 446 strennuo.
964 331 969 338 ’
1024 377 1060 442 17
1111 317 1114 324 ’

14 533 16 538 .
40 497 175 566 gumento
198 503 276 544 cum
300 479 339 542 iis
358 476 557 540 versabatur.
581 473 645 538 Sed
670 473 795 538 eaedem
823 475 981 556 historiar,
1004 477 1064 542 se'u
1127 509 1154 551 ,-

40 586 139 650 fabulae
155 584 198 649 de
215 585 417 649 Achivorum
432 580 554 657 reditu,
573 601 698 665 magnae
714 578 946 668 tragaediarum
970 579 1066 648 Groe-

40 716 134 756 cerum
144 692 228 779 parti
240 691 411 764 materiam
419 687 639 777 subjecerant,
652 701 691 747 ut
700 685 849 772 inprimis
860 709 899 750 ex
908 687 1067 776 Euripide

40 812 173 882 apparet,
200 812 234 858 et
255 793 479 879 multomagis
500 814 539 855 ex
559 805 608 853 tot
630 789 874 876 deperditarum
894 792 996 856 titulis
1019 795 1067 858 iu·

41 900 189 987 telligitur.
228 900 277 962 Ex
314 899 505 962 Graecorum
543 913 653 958 autem
690 895 882 982 tragoediis,
919 899 1069 986 inprimis
1102 905 1105 913 “

42 1005 204 1092 Euripidis,
222 1005 359 1068 omniuo
370 1019 502 1090 poetam
511 999 691 1088 plurimum
701 1002 894 1088 profecisse,
912 1025 950 1066 ex
963 1004 1068 1093 iisque

43 1111 181 1174 orationis
203 1133 271 1174 suae
289 1108 482 1196 dignitatern
503 1105 624 1192 passim
646 1122 679 1169 et
697 1105 917 1194 majestatem,
939 1125 1069 1172 senten-

43 1219 143 1280 tiorum
158 1239 294 1306 quoque
309 1237 465 1292 acumen,
484 1211 720 1301 granditatem,
736 1213 885 1302 pondus,
902 1215 1069 1282 interdum

43 1326 148 1411 tragico
170 1324 308 1411 propius
325 1309 385 1406 (13),
413 1322 662 1408 affectuumque
682 1321 873 1406 gravitatem
895 1325 1069 1411 tragicam,

43 1447 74 1493 ut
85 1431 114 1492 in
125 1432 255 1507 Amata,
272 1429 306 1491 in
322 1427 472 1506 Didone,
493 1427 527 1488 in
544 1427 705 1505 Pallante,
724 1427 758 1494 in
773 1428 851 1492 Niso
865 1445 898 1491 et
910 1430 1072 1519 Euryalo,

43 1557 234 1622 comparasse
268 1533 424 1622 equidem
452 1533 610 1619 suspicor.
642 1533 763 1619 Magna
799 1555 912 1596 earum
943 1557 1017 1622 pars
1054 1559 1073 1598 a

42 1640 253 1727 superioribus
275 1639 382 1727 poetis
404 1639 503 1701 latine
521 1637 590 1726 jam
615 1653 683 1700 erat
704 1635 833 1701 reddita
849 1642 906 1724 (2);
927 1663 1001 1727 quae
1022 1663 1074 1706 res

42 1763 135 1832 poetae
160 1769 228 1809 non
254 1767 371 1832 parurn
398 1743 582 1832 adjumenti
613 1741 656 1806 ad
687 1743 844 1807 orationis
873 1744 1001 1808 cultum
1025 1753 1074 1811 'et

42 1851 158 1938 copiam
187 1851 309 1913 afferre
340 1847 464 1912 debuit.
496 1849 651 1911 Ceterum
681 1846 732 1911 his
762 1848 899 1938 aliisque
933 1853 1074 1918 inventis

42 1955 218 2020 emendavit
233 1956 330 2032 vitia,
352 1977 426 2042 quae
445 1968 640 2040 argumento
660 1953 801 2033 inerant,
823 1977 967 2045 eumque
984 1957 1075 2022 haud

11 2135 12 2138 Ἴ
40 2085 146 2148 parum
171 2059 376 2148 premebant.
402 2061 489 2122 Loca
520 2058 640 2136 Italiae,
669 2057 804 2138 Siciliae,
838 2061 975 2141 Africae,
1006 2086 1075 2126 non

41 2184 125 2230 eraut
148 2168 275 2253 ignota,
295 2181 333 2228 ut
349 2163 487 2228 Homeri
507 2178 628 2252 aetateq
638 2163 750 2249 itaque
767 2185 829 2227 nec
845 2164 984 2244 fabulis,
1001 2191 1075 2255 quae

40 2271 196 2338 delectare
213 2287 362 2359 possent,
384 2268 524 2346 idonea3
543 2267 607 2330 nisi
631 2268 665 2329 iu
683 2268 846 2330 lectorum
863 2270 984 2334 animis
1002 2293 1077 2336 suc-

41 2393 181 2442 curreret
195 2374 397 2464 antiquitatis
417 2370 567 2437 doctrina
580 2387 613 2434 et
627 2392 737 2450 amor,
749 2387 787 2434 ut
802 2373 937 2438 omnino
949 2377 1079 2463 poetica

42 2483 85 2548 ris
106 2499 138 2546 et
159 2480 350 2558 delectatio,
377 2502 476 2567 quam
497 2477 553 2540 illa
570 2475 687 2555 affert,
707 2476 888 2564 plurimum
910 2497 1080 2547 mutuatur

43 2613 78 2652 ex
95 2589 295 2678 antiquitatis
316 2586 469 2665 eruditae,
490 2586 639 2674 inprimis
652 2584 820 2674 mythicae,
839 2588 1078 2655 recordatione.

82 2698 135 2760 IX.
162 2696 342 2759 Veniamus
357 2692 399 2756 ad
419 2689 572 2755 dilectum
590 2694 624 2754 in
645 2685 761 2766 heroe,
777 2715 877 2780 quem
890 2688 951 2757 sibi
965 2698 1081 2761 sumsit

42 2801 303 2887 pocta,factum.
329 2798 477 2862 Primum
500 2819 642 2884 persona
667 2797 754 2886 ejus,
780 2820 902 2884 genus,
930 2800 1078 2883 fortuna,

43 2928 159 2970 nomeu
173 2929 211 2970 ac
224 2906 346 2983 virtuS,
368 2918 401 2967 et
413 2904 492 2966 olim
507 2925 782 2992 unumquemque
799 2902 978 2968 liberaliter
989 2907 1081 2971 insti·

43 3027 164 3092 tutum,
188 3009 342 3098 adeoque
373 3009 551 3073 Homerica
579 3009 721 3072 lectione
754 3007 937 3089 imbutum,
969 3028 1081 3077 tenere

43 3116 169 3197 debuit,
185 3134 218 3182 et
237 3138 327 3182 nuuc
345 3133 452 3196 tenet,
469 3115 527 3202 qui
545 3137 639 3180 casus
659 3137 735 3178 eum
750 3115 784 3177 in
800 3116 926 3178 Italiam
937 3115 1080 3181 adduxe·

42 3223 96 3301 rit,
112 3221 240 3288 discere
257 3243 409 3300 avemus,
422 3220 643 3310 Trojanorum
657 3235 768 3283 autem
788 3242 806 3282 e
826 3222 931 3308 patria
950 3222 1082 3288 incensa

42 3328 257 3416 profugorum
273 3327 339 3391 fata
355 3326 509 3391 lubenter
529 3327 767 3414 cognoscimus.
787 3327 901 3413 Longa
920 3327 1082 3416 navigatio

42 3455 99 3519 per
127 3457 218 3498 mare
249 3435 310 3497 ista
339 3450 433 3498 aetate
459 3455 576 3522 parum
606 3432 745 3496 navibus
768 3431 1015 3520 frequentatum
1039 3435 1083 3501 ad

72 3660 111 3732 (1)
130 3662 256 3733 Inprimis
276 3660 328 3712 boc
345 3663 372 3712 in
390 3663 538 3712 nouissimis
587 3636 699 3712 Drancis
714 3672 739 3712 et
755 3655 837 3710 Ttirni
849 3661 898 3728 xl,
911 3659 963 3714 336
976 3681 1015 3736 sq.
1031 3666 1083 3736 376

41 3739 540 3803 AEneidoslibrisanimadverterelicet,
588 3759 628 3811 sq.
652 3741 764 3792 Junonis
794 3738 829 3790 ad
854 3740 995 3794 Juturnam
1019 3746 1085 3815 Xll,
1135 3746 1138 3752 ’

41 3823 151 3873 maxime
161 3823 190 3872 iu
201 3821 538 3883 orationibus‚utJunonis
591 3823 691 3893 139sq.
833 3823 835 3828 '

40 3899 84 3951 lib.
94 3901 158 3968 vtt,
171 3918 221 3970 292
233 3917 273 3969 sq.
283 3901 366 3951 Turni
377 3901 425 3965 lX,
443 3900 537 3970 128sq.
623 3901 663 3970 (2)
675 3900 752 3952 Conf.
767 3898 801 3951 ad
816 3899 864 3950 lib.
880 3902 905 3950 ll
917 3901 1047 3956 Excursus
1063 3905 1083 3954 1.

41 3979 149 4036 Veneris
157 3993 184 4034 et
191 3981 306 4033 lunonis
316 3981 353 4048 X,
367 3981 444 4051 tfisq.
455 3982 488 4034 62
499 3999 538 4052 sq.
587 3975 649 4034 Vid.
664 3980 716 4034 hoc
725 3980 777 4032 vol.
790 3998 817 4050 p.
829 3978 893 4045 308,
907 3993 932 4032 et
944 3999 1000 4053 sqq.

125 4088 151 4127 2.
947 4083 963 4122 2
