2656 4592
315 264 549 339 AEitssmos
572 264 727 328 metii
750 267 811 329 tv.
1019 269 1080 358 557

39 390 129 477 Ergo
143 390 202 454 Iris
215 390 338 454 croceis
351 412 411 477 per
423 388 543 454 coelum
556 386 683 452 roscida
696 389 828 476 penni5‚
1039 423 1083 468 700

10 520 14 527 ·
39 495 134 560 Mille
147 494 279 560 trahens
291 496 397 560 varios
409 494 548 560 adverso
560 494 630 558 sole
643 494 784 574 colores,
805 485 806 490 ἵ

39 600 196 679 Devolat‚
210 617 242 665 et
254 624 352 688 supra
365 617 463 688 caput
474 599 616 665 adstitit:
631 601 729 663 Hunc
742 622 803 685 ego
816 599 884 664 Diti

38 705 177 769 Sacrum
184 705 275 794 jussa
288 708 373 786 fero,
388 724 487 796 teque
500 708 563 770 isto
574 728 714 793 corpore
727 705 830 769 solvo.

39 811 95 876 Sic
107 812 165 890 ait,
180 833 212 875 et
225 811 338 877 dextra
350 813 475 878 crinem
488 829 585 878 secat.
599 811 715 877 Omnis
728 827 761 875 et
773 834 838 876 una

40 916 197 1004 Dilapsus
210 919 313 999 calor,
327 936 426 1008 atque
438 920 472 982 in
485 934 601 982 ventos
614 919 679 982 vita
692 918 836 982 recessit.
896 983 897 986 ,
1046 939 1089 998 705

75 1102 129 1148 70⁰·
139 1087 171 1132 ad
179 1089 266 1134 roscida
277 1090 352 1151 bigot.
361 1091 436 1136 rosida
445 1091 526 1136 Franc.
538 1092 612 1152 pinnis
621 1089 707 1134 Medic.
717 1101 740 1135 et
747 1089 808 1136 Gud.
815 1105 907 1151 —701.
915 1105 995 1144 everso
1003 1094 1092 1156 Bigot„
1160 1106 1162 1110 '

42 1169 71 1201 ut
85 1171 177 1218 semper
188 1159 291 1206 variatur
303 1161 328 1204 in
342 1160 379 1206 his
391 1161 494 1208 vocibus.
507 1160 602 1205 adversa
614 1158 663 1206 luce
676 1157 744 1205 multi
760 1161 873 1215 Pieriani,
886 1172 932 1206 tres
947 1163 1025 1208 Burm.
1039 1181 1094 1212 cum

43 1226 128 1270 Hamb,
142 1242 188 1272 sec.
195 1263 202 1284 ,
214 1231 255 1291 qui
267 1247 321 1275 am.
334 1246 379 1277 tec.
393 1231 478 1278 habet:
489 1246 595 1294 percusso
610 1229 664 1276 sole.
681 1229 746 1275 Idem
758 1246 837 1276 versus
846 1230 875 1286 V,
886 1230 922 1292 89.
932 1257 964 1266 -
974 1249 1026 1295 7⁰²·
1040 1234 1092 1280 Ad-

42 1296 107 1342 volat
118 1299 193 1361 ffifl⁰²·
205 1310 273 1364 atque
282 1317 350 1364 super
360 1303 417 1349 alter
427 1302 508 1348 Hamb.
519 1304 579 1347 Huic
590 1315 612 1348 et
621 1305 681 1347 Hinc
690 1302 798 1348 aberratt.
807 1301 898 1348 librarr.
908 1305 976 1350 Hunc
986 1321 1025 1370 eqo
1034 1308 1094 1354 Orco

43 1369 191 1483 ExZTIisurm.
205 1396 236 1405 —
248 1371 300 1432 7⁰4·
313 1375 397 1418 crinem
409 1371 460 1418 tulit
470 1373 574 1434 Longob.
585 1374 664 1418 Pierii.
675 1395 708 1409 -
719 1373 771 1432 7Q5.
786 1371 899 1435 Delapsus
910 1373 957 1419 duo
966 1378 1093 1422 Burmann.

45 1454 73 1483 co
136 1447 194 1499 prot.
842 1447 846 1455 “

48 1597 120 1646 sam,
141 1583 221 1632 morti
240 1582 392 1636 devoverat.
411 1585 445 1635 cf.
467 1584 501 1636 ad
520 1604 544 1636 v.
634 1584 693 1653 704.
708 1581 769 1652 705.
782 1584 849 1636 Sene
861 1583 957 1655 Georg.
975 1587 1023 1649 IV,
1044 1589 1094 1639 223

47 1657 112 1726 693.
596 1683 634 1735 sq.
653 1665 686 1717 de
699 1667 787 1716 anima
805 1664 911 1730 mundi,
934 1684 948 1716 e
969 1684 1022 1736 qua
1039 1670 1095 1720 vita

86 1741 242 1809 700—703.
258 1741 308 1792 zet
323 1740 392 1810 (νεῖμ’
406 1735 547 1810 ἆπᾶρκιφι-
595 1745 707 1815 petitum
732 1754 759 1793 et
780 1764 785 1792 :
810 1741 917 1794 Scilicet
945 1742 997 1793 huc
1023 1746 1096 1797 reddi

46 1816 96 1870 λῐς.
108 1816 184 1870 iliad.
197 1819 230 1880 β,
244 1837 277 1872 20
289 1820 323 1872 de
332 1819 443 1886 Somno,
455 1820 466 1891 (
478 1820 547 1874 adde
596 1822 689 1873 deinde
699 1839 731 1872 ac
747 1820 859 1874 resoluta
875 1822 968 1892 refem'
988 1824 1093 1878 Omnia.

48 1895 144 1966 Odyss.
158 1899 185 1964 ξ,
198 1916 228 1949 21
241 1900 252 1970 )
264 1917 355 1952 omnes
366 1899 485 1952 laudant.
496 1899 549 1952 secl
596 1902 674 1953 Nunc
691 1914 780 1956 tamen
798 1904 842 1953 vix
860 1902 906 1954 ille
918 1902 1042 1956 doctrina
1053 1905 1095 1957 lo-

50 1974 117 2026 talia
130 1975 263 2030 delectant
273 1980 352 2046 forte,
366 1993 392 2032 et
402 1979 467 2032 nihil
476 1980 548 2032 ilius-
597 2000 658 2032 cum
665 1981 754 2043 haben
764 1983 911 2052 exspiratur
921 1984 1010 2038 anima
1018 1984 1096 2040 adeo-

51 2067 132 2106 trant.
598 2063 687 2132 quein
698 2079 785 2113 aerem
796 2062 859 2113 abit.
