2656 4592
314 289 550 360 IENEIDOS
572 289 726 357 LIBER
750 290 811 358 tv.

61 417 187 507 Corpora
199 437 259 506 per
269 432 386 497 terrae,
400 416 556 505 silvaeque
570 431 601 479 et
613 437 697 480 saeva
710 417 862 505 quierant

58 526 201 614 AEquora:
216 547 318 613 quum
331 522 441 588 medio
454 522 633 586 volvuntur
645 521 752 587 sidera
764 522 872 611 lapsu,

57 631 156 712 Quum
167 646 250 695 tacet
263 629 369 693 omnis
381 651 472 717 ager,
486 625 645 716 pecudes,
660 628 822 717 pictaeque
835 625 999 706 uolumen,
1041 637 1090 718 sss

55 737 190 825 Quaeque
201 733 291 800 lacus
302 734 368 797 late
379 731 540 823 liquidos,
555 753 695 821 quaeque
708 751 823 818 aspera
835 729 944 796 dumis

54 842 135 906 Rura
146 857 269 920 teuent,
284 862 400 904 somno
412 839 528 928 positae
541 837 602 902 sub
615 853 711 902 nocte
724 836 844 901 silenti.
921 851 923 856 '

53 946 66 973 ¹⁸
75 946 227 1012 Lenibant
238 968 347 1026 curras,
361 962 394 1010 et
405 941 505 1011 corda
518 943 620 1009 oblita
632 941 818 1007 laborum*

952 397 955 402 ἱ
1020 293 1084 382 5357

51 1124 103 1170 dom
111 1138 128 1169 c.
140 1123 234 1170 membra
242 1127 340 1188 quietem
353 1122 416 1184 apud
425 1125 491 1169 Serv.
508 1122 538 1168 ad
551 1123 562 1167 I
577 1124 626 1168 ΕΒ.
636 1120 690 1168 388.
703 1121 733 1167 cf.
745 1120 804 1166 ibid.
814 1120 868 1182 691.
880 1145 911 1156 -
922 1119 973 1166 523.
985 1123 1093 1184 quierunt
1113 1155 1117 1167 t

50 1208 96 1242 tres
111 1195 168 1258 apud
183 1195 261 1241 Burni.
272 1221 302 1232 --
313 1195 365 1240 526.
378 1191 458 1239 dumos
468 1192 581 1260 Montalb.
588 1227 596 1249 ‚
608 1193 672 1239 unde
689 1194 768 1239 lleins.
782 1192 863 1248 dumo,
874 1191 942 1238 Gotb.
953 1208 999 1239 sec.
1014 1192 1077 1236 dumi
1083 1209 1092 1245 ,-

50 1279 169 1330 utrumque
178 1269 260 1313 vitium
270 1267 399 1313 scribentis.
411 1291 442 1300 -
453 1265 507 1328 527.
521 1265 584 1310 Rom
597 1273 672 1311 tacent
681 1267 758 1327 Sprot.
769 1290 800 1300 -
813 1262 865 1310 528.
881 1263 965 1309 Deficit
976 1278 1056 1310 versus
1066 1265 1093 1308 in

48 1337 131 1384 Medic.
141 1337 236 1402 aliIsque
246 1337 444 1402 praestantioribus
455 1335 639 1399 exemplaribus3
649 1349 675 1382 ut
683 1335 790 1399 vulgares
803 1347 898 1381 taceam.
911 1337 985 1381 Etiam
994 1335 1043 1380 Erf.
1052 1352 1059 1390 3
1069 1345 1093 1380 et

48 1423 103 1454 sane
113 1405 190 1453 melius
202 1424 231 1454 eo
241 1419 304 1454 caret
315 1401 438 1452 sententia.
449 1405 556 1452 Pendent
566 1409 627 1452 enim
641 1409 760 1468 superiora
771 1423 783 1453 a
793 1407 870 1453 verbis
881 1406 956 1464 Quom
966 1414 1024 1450 tacet
1032 1419 1101 1468 αςεν,1

48 1490 73 1525 et
81 1493 148 1542 quum
159 1487 232 1525 tatem
240 1479 338 1542 pecudes
347 1475 530 1540 volucresque-
538 1480 623 1539 sopitoe.
635 1479 721 1523 Mirum
731 1494 839 1541 quoque,
849 1477 964 1540 pecudes,
974 1476 1094 1531 volucres,

46 1551 121 1612 pisces
131 1562 199 1594 noctu
211 1565 225 1594 a
236 1551 298 1596 eurt's
309 1546 420 1594 liberari:
430 1547 494 1609 quod
504 1559 594 1593 tantum
606 1550 630 1593 in
640 1547 748 1594 homines
757 1547 827 1592 cadit.
837 1546 954 1592 Conflatus
966 1547 1040 1593 videri
1050 1561 1095 1608 po-

48 1628 93 1663 test
102 1633 177 1663 tersus
189 1633 217 1663 es
228 1615 269 1662 lib.
281 1619 326 1672 tx,
344 1615 397 1674 224.
417 1617 468 1662 225.
481 1615 606 1663 Adnotavit
618 1632 714 1679 quoque
724 1619 836 1678 Pompon.
850 1615 918 1670 Sab,
930 1615 993 1660 bunc
1003 1628 1095 1660 versum
1159 1645 1163 1652 .

46 1699 96 1732 non
106 1685 149 1747 legi
158 1686 187 1732 ab
194 1687 342 1748 Apronian03
352 1699 386 1732 est
393 1697 470 1732 autem
481 1701 509 1731 es
520 1688 571 1747 ejus
580 1689 715 1732 recensione
725 1685 795 1732 lectio
802 1685 895 1730 Codicis
902 1684 1011 1730 Medicei.
1020 1683 1094 1742 Quam

46 1757 142 1804 diversis
150 1759 221 1804 simus
230 1773 312 1804 ornnes
324 1757 430 1804 sensibus
442 1773 468 1802 ac
478 1756 587 1818 judiciis,
605 1769 627 1804 et
644 1773 714 1820 quam
726 1757 827 1803 alienum
840 1756 869 1801 ab
880 1755 917 1801 bis
929 1755 1026 1809 studiis,
1042 1767 1094 1816 quae

46 1839 134 1892 quauta
143 1842 228 1892 quanta
240 1842 294 1874 sunt
310 1831 335 1874 in
352 1827 517 1892 probabilitate
533 1841 667 1884 versamur,
679 1831 722 1884 sit,
736 1845 764 1874 ex
780 1828 858 1874 edicto
871 1838 957 1872 etcum
970 1822 1096 1887 supercilio

46 1898 137 1962 aliquid
149 1903 312 1962 pronuntiare,
322 1900 360 1947 vel
372 1899 410 1945 bic
423 1899 488 1946 Iocus
499 1901 584 1947 docere
593 1913 685 1963 potest,
699 1903 724 1946 in
736 1915 785 1964 quo
796 1899 864 1945 nobis
873 1898 970 1961 quidem
981 1899 1005 1941 ln
1015 1893 1095 1941 oculos

44 1973 165 2018 incurrere
176 1972 311 2028 videbatur,
324 1987 416 2018 versum
428 1971 490 2018 hunc
500 1971 609 2034 jugulare
621 1975 773 2028 sententiam,
785 1985 924 2018 structuram
936 1971 1054 2022 evertere,
1073 1977 1096 2012 et

45 2057 131 2088 nervos
140 2046 250 2090 orationis
261 2043 395 2106 precidere.
413 2045 441 2088 At
453 2044 595 2100 Bruucltius,
606 2047 646 2108 qui
662 2057 707 2090 tarn
717 2043 816 2106 procliui
826 2042 905 2089 studio
917 2041 947 2086 ad
956 2038 1096 2086 rescinden-

46 2114 90 2160 dos
101 2130 178 2160 versus
188 2115 275 2170 fertur,
285 2118 382 2160 miratur
393 2115 488 2162 Heinsio
497 2116 630 2162 addititium
641 2132 694 2162 eum
701 2116 776 2162 videri
788 2117 903 2178 potuisse:
917 2115 974 2158 anst
981 2110 1100 2174 profectos

43 2186 135 2250 pergit,
147 2199 194 2232 tam
203 2203 216 2233 a
226 2187 317 2249 VirgiIii
331 2202 413 2243 manu,
425 2202 495 2250 quam
506 2189 583 2251 quitis
595 2186 654 2234 alius
664 2204 677 2234 e
689 2187 861 2234 laudatissimis.
871 2186 965 2248 Absque
978 2199 1006 2229 eo
1016 2194 1097 2227 manca

44 2325 111 2378 huie
124 2326 244 2397 inprimis
256 2325 317 2378 loco
333 2327 380 2379 illa
392 2329 550 2380 convenien-

43 2405 149 2458 tissima
161 2417 218 2471 est,
234 2419 263 2458 ut
275 2418 336 2478 post
351 2407 411 2458 illos
428 2409 456 2459 iu
468 2426 549 2480 supe-

43 2486 118 2537 riore
139 2483 201 2537 loco
223 2486 405 2558 prodigiorum
427 2499 454 2540 et
479 2489 549 2540 sacri

42 2565 145 2634 magici
161 2577 276 2617 terrores
292 2584 363 2617 nuuc
376 2567 492 2618 animum
509 2564 551 2618 di-

41 2661 123 2694 verso
135 2643 217 2696 modo
230 2643 343 2711 alliciat,
359 2659 442 2718 utque
458 2644 551 2699 delini·

41 2733 102 2774 tum
112 2720 166 2774 hae
176 2726 306 2777 suavitate
314 2727 430 2778 animum
438 2724 549 2798 legentis

39 2803 149 2854 miserae
162 2801 274 2856 Didonis
291 2823 409 2858 summus
427 2825 487 2858 urox
498 2826 513 2859 a
524 2825 548 2858 v.
565 2821 567 2826 ·

40 2880 98 2950 529
109 2884 210 2932 amoris
219 2895 295 2935 aestus
306 2887 440 2956 animique
450 2889 550 2938 crucIa·

36 2973 86 3012 tus
111 2972 190 3012 tanto
212 2965 295 3034 magis
312 2965 468 3034 percellant.
490 2967 550 3018 lam

36 3043 99 3093 Jos.
116 3039 265 3092 Wartonus
282 3041 335 3095 hoc
347 3043 510 3106 observavit3
524 3057 551 3096 et

35 3119 95 3172 boc
115 3136 228 3170 monere
246 3118 331 3171 voluit
347 3120 451 3172 Servius
471 3121 505 3172 ad
524 3141 549 3173 v.

36 3197 93 3253 522
105 3220 112 3249 ε
125 3197 301 3250 Protenditur
309 3199 357 3251 ista
368 3199 506 3271 descriptio
517 3197 553 3251 ad

33 3279 274 3351 exaqperationem
294 3276 446 3352 cipiliarum
467 3280 551 3331 Dido-

33 3358 89 3411 m's.
107 3357 169 3409 Nec
189 3370 277 3410 tamen
293 3357 345 3410 bac
361 3361 389 3409 in
403 3376 432 3410 re
451 3360 551 3411 inventi

33 3435 155 3489 laudem
172 3436 255 3489 babet
270 3437 412 3510 Virgilius,
424 3436 472 3489 sed
481 3438 552 3508 judi·

31 3518 72 3570 cii
85 3529 199 3591 tantum
211 3529 238 3569 et
251 3515 409 3570 elocutionis
421 3519 450 3570 in
461 3521 550 3589 expri-

29 3595 143 3650 mendo
155 3595 300 3669 Apollonio
314 3596 420 3650 Rhodio
434 3594 484 3662 111,
498 3598 549 3667 743

27 3693 97 3747 sqq.
115 3673 174 3741 Νύξ
185 3695 229 3742 μου
246 3677 315 3730 iaesm’
332 3690 382 3730 ete.
402 3679 437 3730 cl.
455 3691 482 3731 et
498 3679 549 3744 lv,

31 3755 110 3810 105⁶
123 3773 295 3829 sqq.,quem
313 3761 369 3830 jam
389 3772 450 3812 ante
466 3759 551 3833 Virgi-

26 3835 104 3890 lium
124 3851 299 3891 converterat
310 3840 394 3891 Varro
404 3840 548 3902 Atacinus3

27 3916 116 3985 cnjus
124 3932 223 3967 versus
230 3935 255 3967 v.
265 3916 338 3987 apud
346 3915 550 3970 SenecamCon·

26 4006 157 4048 trovers.
172 3995 235 4048 xvt
252 4007 318 4048 eutr.
331 3997 382 4050 vn
396 4015 439 4049 me
453 4009 549 4063 teneo,

599 2331 664 2400 quin
673 2327 732 2382 locu
744 2326 908 2389 adscribam
919 2325 966 2379 sed
973 2324 1097 2379 brevitati

598 2407 758 2462 studendum
771 2423 818 2462 est.
831 2408 964 2473 Similem,
976 2405 1053 2458 aliter
1060 2415 1098 2455 ta·

597 2507 659 2540 men
672 2488 828 2541 adornatam
845 2488 930 2538 noctis
940 2483 1098 2554 descriptio-

599 2584 660 2618 nem
669 2565 818 2619 videbimus
828 2566 875 2618 lib.
888 2566 961 2632 VIII,
970 2563 1012 2616 26.
1022 2563 1100 2613 Praet-

598 2659 673 2700 verat
688 2647 811 2698 omnibus
822 2645 934 2698 Alcman
943 2646 970 2697 in
982 2644 1043 2696 loco
1063 2639 1099 2694 ab

598 2726 742 2798 Apollonio
755 2725 878 2799 Sophiste
890 2729 917 2778 in
932 2725 1027 2777 Lexico
1042 2725 1101 2774 Ho-

599 2825 664 2860 mer.
678 2819 784 2859 servato
794 2808 823 2858 in·
834 2824 892 2856 voc.
902 2799 1023 2857 sedisses.
1031 2803 1100 2853 Eum

598 2905 624 2940 v.
637 2888 685 2939 inf.
704 2885 739 2938 ad
754 2885 772 2937 1.
797 2905 819 2938 c.
839 2886 912 2948 vill,
936 2883 976 2935 26.
999 2880 1101 2934 Similia

599 2969 679 3019 etiam
690 2964 820 3016 nonnulla
830 2963 926 3015 suntin
935 2961 1048 3028 Tlreocr.
1059 2959 1098 3011 Id.

600 3064 630 3113 a,
643 3046 677 3098 38
690 3063 747 3116 sq.,
759 3043 805 3096 sed
817 3045 844 3094 in
859 3061 887 3095 re
895 3059 1004 3113 prorsus
1015 3039 1101 3092 diver*

600 3143 638 3176 sa.
658 3125 751 3177 Noctis
761 3123 867 3175 silentia
877 3123 971 3172 miram
982 3120 1100 3172 suavita-

600 3217 654 3256 tem
666 3203 767 3256 babent
777 3225 783 3252 :
793 3201 864 3254 silvoe
874 3213 901 3253 et
910 3219 1016 3273 aequora
1025 3198 1102 3271 qot'e·

602 3293 679 3347 rant,
695 3293 815 3334 cessante
829 3280 997 3332 subnectere
1010 3291 1098 3330 vento.

600 3360 662 3412 Non
672 3359 757 3412 aliter.
771 3361 805 3411 cf.
818 3359 918 3430 Trapp.
927 3358 997 3428 festa
1010 3375 1102 3428 corpo-

600 3459 629 3492 ra
638 3479 648 3506 ,
665 3440 759 3507 docte,
774 3439 909 3506 homines,
927 3441 978 3490 nisi
993 3441 1100 3489 omnmo

600 3522 747 3573 animantia
760 3519 844 3573 malls.
860 3518 946 3570 medio
960 3515 1103 3569 volvuntur

594 3602 683 3654 sidera
707 3598 799 3674 lapso,
818 3618 898 3652 cursu
918 3598 1101 3670 permeditans

599 3681 659 3734 coeli
680 3693 796 3751 partem3
819 3680 853 3732 ad
872 3676 1102 3730 rudesbominum

599 3778 701 3811 sensus.
727 3759 843 3811 medium
869 3776 973 3810 cursum
996 3764 1102 3817 tenent,

596 3839 666 3892 bene
678 3838 750 3892 Serv.
763 3840 816 3893 vid.
835 3840 943 3892 meurs.
962 3835 996 3889 ad
1012 3837 1053 3900 II,
1073 3851 1099 3906 9.

595 3918 703 3990 positoe,
729 3920 896 3992 composite,
921 3916 1103 3987 quiescentes,

599 4001 699 4070 sopitae.
