2742 4586
215 329 277 394 268

463 330 498 391 P.
521 325 752 391 VIRGILII
775 323 1008 389 MARONIS

212 450 367 530 Sedibus,
382 449 656 539 impulimusque3
670 472 708 512 ea
719 447 824 536 lapsa,
838 465 974 536 repente
987 447 1117 512 ruinam

1220 461 1270 520 465

214 558 299 622 Cum
310 558 421 622 sonitu
432 557 545 635 trahit,
560 569 592 621 et
604 558 755 620 Danaum
767 577 869 644 super
879 554 1010 642 agmina
1021 554 1087 620 late

213 663 344 730 Incidit.
357 667 415 730 Ast
426 665 482 728 alii
493 663 654 742 subeun13
667 685 830 742 uersare,
844 684 906 726 nec
918 661 1024 725 ullum

212 772 373 836 Telorum
385 774 511 837 interea
522 786 628 835 cessat
639 791 754 858 genus,

214 879 422 974 Vestibulum
434 895 509 942 aute
522 878 631 966 ipsum
643 877 818 964 primoque
830 875 865 938 in
876 873 990 938 limine
1002 871 1147 962 Pyrrhus

213 985 378 1078 Exsultat,
388 983 461 1050 telis
473 999 507 1048 et
517 984 591 1048 luce
604 1004 760 1048 coruscus
772 1004 864 1046 aena.

1217 991 1265 1054 47⁰

212 1185 258 1232 hoc
269 1199 292 1232 et
301 1203 366 1249 sequ.
378 1202 447 1234 versu
459 1187 631 1232 distinctionem
641 1187 737 1232 mutavi.
749 1186 808 1231 Nam
819 1186 934 1231 sententia
945 1174 998 1228 non¹
1007 1179 1135 1228 absolvitur
1148 1178 1196 1229 uisi
1211 1190 1266 1243 post

213 1255 394 1321 impulimusque.
404 1282 435 1292 —
443 1255 497 1312 465.
505 1272 548 1321 que
558 1257 622 1302 abest
632 1257 713 1302 Fraus.
725 1265 750 1300 et
757 1271 785 1300 ea
798 1254 896 1302 Dorvill.
909 1253 995 1316 Elapso
1006 1269 1049 1315 pro
1061 1267 1088 1297 ea
1098 1251 1162 1315 lapsa
1175 1251 1266 1296 Gudia-¹

211 1341 257 1372 nus
269 1343 321 1373 cum
334 1328 453 1374 nonnullis
465 1328 516 1374 aliis
533 1345 570 1390 ap.
586 1329 666 1373 Heius.
686 1340 710 1374 et
725 1329 820 1380 Burm,
836 1341 940 1372 necnon
951 1342 1005 1372 eum
1018 1326 1132 1370 Pierianis
1144 1324 1264 1385 plerisque
1346 1315 1347 1382 i

212 1410 237 1446 et
247 1398 338 1445 duobus
350 1399 478 1456 Gotbanis5
491 1401 643 1447 viiiotamen.
658 1402 735 1443 ruinas
747 1398 841 1444 Vratisl.
851 1424 883 1434 -
893 1397 947 1454 466.
964 1400 1051 1460 aqmbte
1061 1396 1098 1442 ed.
1110 1398 1171 1440 Dan.
1185 1396 1264 1440 tteins.
1346 1391 1347 1414 ³

212 1494 245 1506 ·-
259 1469 312 1532 470.
332 1471 410 1532 Vulgo
425 1474 601 1533 interpungitur
617 1469 726 1516 Exsultat
744 1467 805 1525 telis,
827 1469 893 1532 quod
910 1472 1005 1516 mutavi.
1025 1475 1130 1515 coruscat
1149 1464 1264 1512 Montalb.

212 1539 284 1585 walt.
297 1553 320 1587 et
330 1539 367 1587 ed.
380 1544 440 1589 Ven.
450 1543 523 1592 altena
534 1545 645 1605 scriptum
657 1558 670 1587 a
680 1557 726 1588 sec.
738 1556 808 1588 manu
817 1542 842 1586 in
854 1541 973 1603 perveteri
985 1538 1112 1602 exemplari
1122 1535 1185 1582 Gell.
1201 1537 1235 1592 11,
1250 1533 1262 1580 3

161 1649 164 1654 .
202 1622 318 1657 testatur.

213 1801 257 1833 ma
271 1785 388 1838 tabulata
405 1788 503 1840 dabant
516 1791 657 1862 juncturas
674 1787 714 1839 la-

214 1862 310 1916 bantes.
327 1864 433 1919 Scilicet
445 1881 529 1920 turres
543 1868 713 1920 habebantur

215 1956 331 2012 quatuor
352 1959 377 1997 et
396 1947 514 2016 plurium
532 1949 714 2000 tabulatorum

214 2021 336 2094 adeoque
348 2038 375 2077 et
389 2029 634 2100 contignationnm;
650 2046 715 2097 qua-

213 2119 273 2153 rum
292 2107 366 2177 tigna
384 2108 426 2159 vel
448 2109 556 2174 trabes,
581 2109 713 2179 capitibus

214 2183 282 2248 suis,
294 2187 417 2240 immissae
430 2207 487 2241 esse
498 2188 597 2240 debent
608 2189 716 2258 parieti·

212 2259 272 2313 bus.
281 2266 296 2314 J
299 2285 340 2317 am
349 2267 377 2318 h.
386 2267 403 2318 l.
412 2287 545 2320 summum
556 2266 714 2331 tabulatum,

215 2359 262 2392 cur
275 2350 384 2417 proprie
403 2348 505 2399 dictum
517 2348 600 2414 nolis,
622 2365 716 2399 caussa

213 2420 312 2476 idonea
324 2445 379 2476 non
393 2439 448 2478 est:
462 2427 515 2478 hoc
527 2427 607 2478 facile
621 2427 717 2478 admit-

213 2500 288 2552 tebat
304 2521 387 2555 uncos
400 2518 426 2555 et
444 2518 538 2556 contos
550 2507 717 2576 injuriatoris

215 2581 268 2632 suis
281 2579 324 2648 (h.
339 2603 361 2634 e.
377 2602 431 2653 qua
444 2597 520 2655 parte
534 2587 623 2638 trabes
636 2588 717 2637 inscr-

214 2671 247 2711 tae
258 2673 283 2711 et
295 2662 367 2714 fultae
377 2677 453 2715 erant
462 2666 597 2738 pariete),
611 2687 668 2738 quae
678 2669 717 2719 fu-

214 2739 291 2791 cilius
300 2742 432 2795 cedebant
442 2757 468 2797 et
480 2747 609 2798 insertum
618 2767 716 2800 uncum

215 2821 395 2890 recipiebant,
407 2843 486 2895 quam
499 2828 600 2906 solidus
613 2830 715 2899 paries;

214 2900 305 2970 itaque
317 2900 442 2970 labantes,
454 2907 587 2974 cedentes,
598 2908 716 2960 laxantes

215 2997 251 3031 se.
261 2981 366 3035 Servius
374 2985 442 3038 bene
452 3009 457 3035 :
466 2987 563 3057 faciles
576 2990 612 3040 ad
623 2987 718 3040 resolu-

215 3060 331 3112 tionem:
345 3066 643 3138 etldabantjuncturus²
656 3069 717 3139 plus

215 3160 296 3211 quem
309 3143 453 3208 leabebant;
471 3149 627 3218 prebebant
645 3149 717 3200 scili-

217 3237 259 3275 cet
282 3226 498 3297 aggredientibus
518 3231 611 3280 turrim
634 3231 715 3281 ferro.

211 3305 320 3372 Quibus
341 3308 474 3359 convulsis
492 3312 614 3380 superior
636 3312 717 3361 turris

213 3402 277 3455 pars
290 3387 317 3435 in
335 3391 549 3460 oppugnantium
567 3391 656 3461 capita
668 3390 717 3442 de-

215 3463 288 3515 cidit.
319 3465 424 3517 ruinam
455 3469 536 3520 trabit
562 3472 716 3540 exquisitius

216 3546 389 3616 quamfocit:
409 3563 434 3600 et
451 3551 570 3603 sollenne
583 3551 653 3602 hoc:
671 3570 717 3602 so-

215 3624 277 3674 lutis
291 3628 361 3676 enim
369 3630 501 3697 juncturis
515 3643 540 3682 et
553 3630 649 3682 evulsis
663 3643 717 3683 tra·

213 3704 293 3756 bibus
315 3707 464 3759 evelluntur
486 3723 512 3760 et
528 3710 716 3761 convelluntur

215 3784 341 3854 reliqua,
369 3801 398 3838 ut
426 3791 530 3840 ruentia
560 3804 714 3858 sequantur.

214 3851 295 3927 “Eng’,
312 3864 328 3913 tt‘
347 3864 371 3914 θ’
392 3863 475 3915 ierint
495 3867 566 3916 natea
585 3866 660 3919 Iliad.
678 3891 714 3936 pt,

215 3941 284 4010 398,
305 3945 359 4012 qui.
376 3942 450 3994 locus
473 3948 668 4015 comparandus
688 3953 715 4001 in

218 4023 375 4092 τιιχομαχίας
385 4027 546 4082 narratione.
554 4027 674 4084 subeunt
679 4045 716 4085 tu-

762 1807 823 1841 meu
835 1788 880 1840 alii
887 1791 915 1840 in
926 1787 1152 1842 caesorumlocum
1158 1803 1186 1837 r.
1195 1781 1262 1852 467,
1346 1779 1347 1798 ³

763 1878 788 1920 et
801 1871 903 1921 interea
915 1887 946 1920 ex
958 1867 1151 1938 posterioribus
1163 1864 1264 1917 ordini-

762 1949 812 2000 bus
829 1949 882 2000 tela
900 1968 914 2000 e
932 1949 1080 2019 longinquo
1094 1950 1261 2019 ingeruntur.

763 2030 888 2081 Narratio
900 2028 963 2080 inde
975 2031 1003 2080 in
1015 2029 1072 2080 solo
1086 2027 1263 2098 Neoptolemo

764 2112 890 2163 subsistit.
902 2131 926 2162 r.
939 2112 987 2179 461
1005 2113 1076 2164 unde
1090 2111 1175 2162 omnis
1188 2109 1264 2178 Troja

764 2192 847 2242 videri
858 2213 865 2242 .·
876 2192 1010 2244 illustrant
1020 2194 1106 2262 intpp.
1117 2209 1149 2242 ex
1160 2188 1235 2250 iliad.
1244 2207 1263 2254 t,

768 2271 808 2322 13.
832 2273 875 2338 ῐ4;
888 2273 938 2324 etsi
954 2275 1013 2342 ipsa
1031 2274 1110 2322 turris
1130 2282 1216 2341 poetae
1235 2285 1265 2318 ex

765 2351 841 2402 Iliad.
856 2369 886 2418 φ,
901 2352 952 2404 526
970 2370 1027 2421 sqq.
1041 2365 1104 2403 nata
1121 2368 1178 2401 esse
1190 2348 1264 2399 vide·

766 2443 828 2496 tur,
854 2431 901 2483 ubi
923 2433 1044 2483 Hectoris
1071 2432 1156 2482 fatum
1180 2447 1212 2480 ex
1234 2444 1263 2477 ea
1346 2483 1347 2486 Ἴ

765 2512 896 2580 prospicit
914 2512 1032 2562 Priamus
1052 2527 1113 2560 cum
1133 2507 1262 2575 Trojanis.
1321 2537 1325 2545 ι

765 2591 878 2662 Egregia
898 2603 985 2642 autem
1001 2609 1062 2640 cum
1078 2600 1133 2640 arte
1153 2586 1210 2637 haec
1226 2586 1263 2636 in-

766 2685 837 2724 serta
845 2683 906 2722 sunt
914 2691 930 2722 a
936 2682 1017 2740 poeta
1028 2669 1061 2720 ad
1072 2686 1160 2719 rerum
1170 2667 1263 2716 faciem

766 2751 937 2816 variandam,
951 2748 1024 2820 quod
1041 2749 1121 2801 etiam
1132 2749 1262 2799 Wartono

767 2834 944 2886 observatum.

807 2913 859 2982 469
883 2931 941 2983 sqq.
965 2911 1137 2981 Expugnatur
1158 2906 1262 2960 tandem

765 2995 839 3066 regia
846 3012 894 3063 per
902 2991 1108 3061 Neoptolemum
1117 2987 1226 3039 Achillis
1233 2987 1262 3048 f.,

767 3077 813 3144 qui
837 3077 908 3145 ipsas
932 3075 1004 3124 fores
1032 3083 1089 3123 erat
1117 3083 1261 3140 aggressus.
1294 3069 1296 3073 ’

766 3157 836 3206 Nam
846 3153 899 3204 hoc
919 3166 958 3204 est
975 3163 1036 3202 ante
1055 3147 1209 3201 vestibulum
1222 3145 1261 3215 ip-

766 3253 836 3297 sum,
849 3233 875 3284 h.
890 3253 912 3297 e.
924 3236 1052 3302 januam,
1071 3248 1124 3300 qua
1143 3227 1210 3279 illud
1224 3228 1262 3276 in-

766 3329 868 3380 tratur,
879 3315 1018 3384 primoque
1032 3313 1059 3362 in
1073 3309 1175 3360 limine.
1188 3309 1262 3378 Egre-

767 3397 808 3467 gie
822 3407 910 3446 autem
923 3413 983 3444 euin
995 3389 1210 3462 repraesentavit:
1223 3405 1261 3436 ex-

766 3473 860 3539 sultat,
884 3485 933 3545 p'ro
953 3483 1062 3544 pugnat.
1086 3469 1142 3521 telis
1163 3479 1190 3520 et
1209 3465 1261 3516 lnce

767 3573 886 3608 coruscus
892 3553 1004 3618 aena,h.
1016 3573 1039 3604 e.
1050 3552 1138 3613 armis,
1148 3549 1259 3608 thorace,

766 3635 852 3705 clipeo
869 3649 896 3688 et
907 3635 1000 3707 galea„
1013 3635 1104 3693 aereis,
1125 3627 1261 3700 splenden-

766 3714 853 3775 tibus;
876 3727 905 3765 ut
927 3732 996 3783 saepe
1026 3710 1099 3782 apud
1121 3711 1260 3760 Homerum

765 3792 911 3860 λαμπόμενος
946 3791 1025 3846 simili
1057 3793 1085 3841 in
1114 3807 1151 3840 re.
1189 3785 1257 3837 lliad.

766 3896 793 3938 t,
807 3875 855 3940 341
872 3873 922 3922 ient
942 3871 966 3921 θ’
979 3870 1073 3940 dpspdst
1092 3863 1159 3933 alpi
1168 3865 1258 3932 χαλκείη

766 3950 869 4027 κορύθων
880 3947 930 4006 sini
940 3946 1120 4018 λαμπομενιὶων.
