<?xml version="1.0" encoding="UTF-8"?>
<!DOCTYPE html PUBLIC "-//W3C//DTD XHTML 1.0 Transitional//EN"
    "http://www.w3.org/TR/xhtml1/DTD/xhtml1-transitional.dtd">
<html xmlns="http://www.w3.org/1999/xhtml" xml:lang="en" lang="en">
 <head>
  <title>
</title>
<meta http-equiv="Content-Type" content="text/html;charset=utf-8" />
  <meta name='ocr-system' content='tesseract 3.04.00' />
  <meta name='ocr-capabilities' content='ocr_page ocr_carea ocr_par ocr_line ocrx_word'/>
</head>
<body>
  <div class='ocr_page' id='page_1' title='image "./pvirgiliusmaroq00barbgoog_0484.png"; bbox 0 0 2656 4592; ppageno 0'>
   <div class='ocr_carea' id='block_1_1' title="bbox 538 221 915 289">
    <p class='ocr_par' dir='ltr' id='par_1_1' title="bbox 538 221 915 289">
     <span class='ocr_line' id='line_1_1' title="bbox 538 221 915 289; baseline 0 -1"><span class='ocrx_word' id='word_1_1' title='bbox 538 221 802 289; x_wconf 86' lang='lat' dir='ltr'>EXCURSUS</span> <span class='ocrx_word' id='word_1_2' title='bbox 824 221 915 288; x_wconf 83' lang='lat' dir='ltr'>XVI</span> 
     </span>
    </p>
   </div>
   <div class='ocr_carea' id='block_1_2' title="bbox 388 569 994 674">
    <p class='ocr_par' dir='ltr' id='par_1_2' title="bbox 388 569 994 674">
     <span class='ocr_line' id='line_1_2' title="bbox 388 569 994 674; baseline 0.003 -16"><span class='ocrx_word' id='word_1_3' title='bbox 388 665 391 674; x_wconf 62' lang='grc'><strong><em>,</em></strong></span> <span class='ocrx_word' id='word_1_4' title='bbox 457 569 819 660; x_wconf 88' lang='lat' dir='ltr'><strong>EXCURSUS</strong></span> <span class='ocrx_word' id='word_1_5' title='bbox 854 569 994 660; x_wconf 85' lang='lat' dir='ltr'><strong>XVI.</strong></span> 
     </span>
    </p>
   </div>
   <div class='ocr_carea' id='block_1_3' title="bbox 421 746 1031 834">
    <p class='ocr_par' dir='ltr' id='par_1_3' title="bbox 421 746 1031 834">
     <span class='ocr_line' id='line_1_3' title="bbox 421 746 1031 834; baseline 0 -23"><span class='ocrx_word' id='word_1_6' title='bbox 421 747 527 813; x_wconf 77' lang='lat' dir='ltr'>Foeda</span> <span class='ocrx_word' id='word_1_7' title='bbox 540 746 589 814; x_wconf 87' lang='lat' dir='ltr'>ad</span> <span class='ocrx_word' id='word_1_8' title='bbox 597 771 723 812; x_wconf 79' lang='lat' dir='ltr'>seruum</span> <span class='ocrx_word' id='word_1_9' title='bbox 736 773 759 814; x_wconf 86' lang='lat' dir='ltr'>a</span> <span class='ocrx_word' id='word_1_10' title='bbox 772 763 870 834; x_wconf 85' lang='lat' dir='ltr'>poeta</span> <span class='ocrx_word' id='word_1_11' title='bbox 884 763 1031 813; x_wconf 79' lang='lat' dir='ltr'>narrato.</span> 
     </span>
    </p>
   </div>
   <div class='ocr_carea' id='block_1_4' title="bbox 166 895 1305 2892">
    <p class='ocr_par' dir='ltr' id='par_1_4' title="bbox 166 895 1305 2892">
     <span class='ocr_line' id='line_1_4' title="bbox 241 895 1252 978; baseline 0 -18"><span class='ocrx_word' id='word_1_12' title='bbox 241 911 290 974; x_wconf 87' lang='lat'>111,</span> <span class='ocrx_word' id='word_1_13' title='bbox 305 907 356 960; x_wconf 79' lang='lat'>623</span> <span class='ocrx_word' id='word_1_14' title='bbox 375 923 432 976; x_wconf 88' lang='lat' dir='ltr'>sqq.</span> <span class='ocrx_word' id='word_1_15' title='bbox 449 895 513 960; x_wconf 84' lang='lat' dir='ltr'>Vidi</span> <span class='ocrx_word' id='word_1_16' title='bbox 527 917 645 978; x_wconf 78' lang='lat' dir='ltr'>eqomet,</span> <span class='ocrx_word' id='word_1_17' title='bbox 659 907 712 958; x_wconf 87' lang='lat' dir='ltr'>duo</span> <span class='ocrx_word' id='word_1_18' title='bbox 731 907 763 958; x_wconf 82' lang='lat' dir='ltr'>de</span> <span class='ocrx_word' id='word_1_19' title='bbox 783 923 892 956; x_wconf 86' lang='lat' dir='ltr'>numero</span> <span class='ocrx_word' id='word_1_20' title='bbox 911 923 971 956; x_wconf 85' lang='lat' dir='ltr'>cum</span> <span class='ocrx_word' id='word_1_21' title='bbox 989 923 1107 976; x_wconf 82' lang='lat' dir='ltr'>corpora</span> <span class='ocrx_word' id='word_1_22' title='bbox 1127 918 1252 960; x_wconf 82' lang='lat' dir='ltr'>nostro-</span> 
     </span>
     <span class='ocr_line' id='line_1_5' title="bbox 207 985 1251 1060; baseline -0.006 -18"><span class='ocrx_word' id='word_1_23' title='bbox 207 991 348 1060; x_wconf 72' lang='lat' dir='ltr'>Frnnqeret</span> <span class='ocrx_word' id='word_1_24' title='bbox 358 986 394 1037; x_wconf 81' lang='lat' dir='ltr'>ad</span> <span class='ocrx_word' id='word_1_25' title='bbox 404 1004 495 1038; x_wconf 85' lang='lat' dir='ltr'>saxum</span> <span class='ocrx_word' id='word_1_26' title='bbox 504 1025 513 1051; x_wconf 91' lang='lat'><em>‚</em></span> <span class='ocrx_word' id='word_1_27' title='bbox 525 986 650 1058; x_wconf 81' lang='lat' dir='ltr'><strong><em>sanieque</em></strong></span> <span class='ocrx_word' id='word_1_28' title='bbox 661 1004 776 1056; x_wconf 73' lang='lat' dir='ltr'>exsperto</span> <span class='ocrx_word' id='word_1_29' title='bbox 789 996 911 1036; x_wconf 84' lang='lat' dir='ltr'>natarent</span> <span class='ocrx_word' id='word_1_30' title='bbox 920 985 1029 1035; x_wconf 82' lang='lat' dir='ltr'>Limina</span> <span class='ocrx_word' id='word_1_31' title='bbox 1034 1007 1044 1045; x_wconf 91' lang='lat'><em>;</em></span> <span class='ocrx_word' id='word_1_32' title='bbox 1060 985 1120 1036; x_wconf 77' lang='lat' dir='ltr'>vidi</span> <span class='ocrx_word' id='word_1_33' title='bbox 1131 997 1188 1037; x_wconf 86' lang='lat' dir='ltr'>atro</span> <span class='ocrx_word' id='word_1_34' title='bbox 1199 988 1251 1037; x_wconf 77' lang='lat' dir='ltr'>cum</span> 
     </span>
     <span class='ocr_line' id='line_1_6' title="bbox 208 1065 1252 1141; baseline -0.005 -23"><span class='ocrx_word' id='word_1_35' title='bbox 208 1069 323 1118; x_wconf 84' lang='lat' dir='ltr'>membra</span> <span class='ocrx_word' id='word_1_36' title='bbox 336 1066 450 1141; x_wconf 79' lang='lat' dir='ltr'>fluentia</span> <span class='ocrx_word' id='word_1_37' title='bbox 468 1067 526 1116; x_wconf 78' lang='lat' dir='ltr'>tolio</span> <span class='ocrx_word' id='word_1_38' title='bbox 544 1067 683 1116; x_wconf 83' lang='lat' dir='ltr'>Manderet</span> <span class='ocrx_word' id='word_1_39' title='bbox 694 1076 720 1116; x_wconf 85' lang='lat' dir='ltr'>et</span> <span class='ocrx_word' id='word_1_40' title='bbox 735 1065 816 1136; x_wconf 81' lang='lat' dir='ltr'>tepidi</span> <span class='ocrx_word' id='word_1_41' title='bbox 829 1075 966 1116; x_wconf 86' lang='lat' dir='ltr'>tremerent</span> <span class='ocrx_word' id='word_1_42' title='bbox 980 1066 1028 1117; x_wconf 83' lang='lat' dir='ltr'>sub</span> <span class='ocrx_word' id='word_1_43' title='bbox 1046 1065 1252 1118; x_wconf 82' lang='lat' dir='ltr'>dentibusortus.</span> 
     </span>
     <span class='ocr_line' id='line_1_7' title="bbox 207 1144 1302 1216; baseline -0.005 -18"><span class='ocrx_word' id='word_1_44' title='bbox 207 1149 269 1198; x_wconf 83' lang='lat' dir='ltr'>Haec</span> <span class='ocrx_word' id='word_1_45' title='bbox 282 1159 307 1198; x_wconf 91' lang='lat' dir='ltr'>et</span> <span class='ocrx_word' id='word_1_46' title='bbox 320 1165 377 1216; x_wconf 77' lang='lat' dir='ltr'>qua</span> <span class='ocrx_word' id='word_1_47' title='bbox 387 1147 435 1198; x_wconf 83' lang='lat' dir='ltr'>int.</span> <span class='ocrx_word' id='word_1_48' title='bbox 449 1146 499 1197; x_wconf 79' lang='lat'>632</span> <span class='ocrx_word' id='word_1_49' title='bbox 512 1145 649 1216; x_wconf 75' lang='lat' dir='ltr'>leguntur,</span> <span class='ocrx_word' id='word_1_50' title='bbox 653 1145 795 1216; x_wconf 82' lang='lat' dir='ltr'>jacuitque</span> <span class='ocrx_word' id='word_1_51' title='bbox 802 1153 965 1214; x_wconf 83' lang='lat' dir='ltr'>perantmm</span> <span class='ocrx_word' id='word_1_52' title='bbox 976 1144 1132 1196; x_wconf 75' lang='lat' dir='ltr'>immensus</span> <span class='ocrx_word' id='word_1_53' title='bbox 1137 1183 1146 1210; x_wconf 92' lang='lat'>,</span> <span class='ocrx_word' id='word_1_54' title='bbox 1162 1145 1253 1195; x_wconf 84' lang='lat' dir='ltr'>saniem</span> <span class='ocrx_word' id='word_1_55' title='bbox 1301 1155 1302 1160; x_wconf 76' lang='grc'>’</span> 
     </span>
     <span class='ocr_line' id='line_1_8' title="bbox 208 1223 1253 1296; baseline -0.005 -19"><span class='ocrx_word' id='word_1_56' title='bbox 208 1237 327 1278; x_wconf 83' lang='lat' dir='ltr'>eructans</span> <span class='ocrx_word' id='word_1_57' title='bbox 338 1245 369 1276; x_wconf 87' lang='lat' dir='ltr'>ae</span> <span class='ocrx_word' id='word_1_58' title='bbox 375 1227 464 1296; x_wconf 83' lang='lat' dir='ltr'>frusto</span> <span class='ocrx_word' id='word_1_59' title='bbox 476 1235 583 1276; x_wconf 86' lang='lat' dir='ltr'>cruento</span> <span class='ocrx_word' id='word_1_60' title='bbox 595 1225 649 1274; x_wconf 86' lang='lat' dir='ltr'>Per</span> <span class='ocrx_word' id='word_1_61' title='bbox 660 1243 780 1275; x_wconf 85' lang='lat' dir='ltr'>somnum</span> <span class='ocrx_word' id='word_1_62' title='bbox 790 1223 931 1274; x_wconf 81' lang='lat' dir='ltr'>conimixta</span> <span class='ocrx_word' id='word_1_63' title='bbox 941 1243 1032 1274; x_wconf 86' lang='lat' dir='ltr'>mero:</span> <span class='ocrx_word' id='word_1_64' title='bbox 1044 1239 1111 1295; x_wconf 86' lang='lat' dir='ltr'>post</span> <span class='ocrx_word' id='word_1_65' title='bbox 1124 1226 1191 1276; x_wconf 86' lang='lat' dir='ltr'>alios</span> <span class='ocrx_word' id='word_1_66' title='bbox 1207 1225 1253 1274; x_wconf 87' lang='lat' dir='ltr'>Ho-</span> 
     </span>
     <span class='ocr_line' id='line_1_9' title="bbox 207 1302 1255 1374; baseline -0.004 -19"><span class='ocrx_word' id='word_1_67' title='bbox 207 1307 277 1368; x_wconf 90' lang='lat' dir='ltr'>mio,</span> <span class='ocrx_word' id='word_1_68' title='bbox 293 1305 357 1354; x_wconf 88' lang='lat' dir='ltr'>Viro</span> <span class='ocrx_word' id='word_1_69' title='bbox 372 1303 428 1368; x_wconf 87' lang='lat' dir='ltr'>lll.,</span> <span class='ocrx_word' id='word_1_70' title='bbox 443 1316 503 1354; x_wconf 85' lang='lat' dir='ltr'>sunt</span> <span class='ocrx_word' id='word_1_71' title='bbox 515 1303 721 1373; x_wconf 80' lang='lat' dir='ltr'>reprehensione</span> <span class='ocrx_word' id='word_1_72' title='bbox 734 1302 815 1374; x_wconf 78' lang='lat' dir='ltr'>digna</span> <span class='ocrx_word' id='word_1_73' title='bbox 825 1304 894 1367; x_wconf 87' lang='lat' dir='ltr'>visa,</span> <span class='ocrx_word' id='word_1_74' title='bbox 907 1303 981 1372; x_wconf 91' lang='lat' dir='ltr'>quod</span> <span class='ocrx_word' id='word_1_75' title='bbox 993 1322 1050 1354; x_wconf 90' lang='lat' dir='ltr'>non</span> <span class='ocrx_word' id='word_1_76' title='bbox 1066 1304 1151 1355; x_wconf 88' lang='lat' dir='ltr'>modo</span> <span class='ocrx_word' id='word_1_77' title='bbox 1168 1303 1255 1355; x_wconf 91' lang='lat' dir='ltr'>borro-</span> 
     </span>
     <span class='ocr_line' id='line_1_10' title="bbox 207 1379 1254 1433; baseline -0.004 -2"><span class='ocrx_word' id='word_1_78' title='bbox 207 1399 262 1432; x_wconf 86' lang='lat' dir='ltr'>rem</span> <span class='ocrx_word' id='word_1_79' title='bbox 282 1379 330 1431; x_wconf 86' lang='lat' dir='ltr'>sed</span> <span class='ocrx_word' id='word_1_80' title='bbox 348 1393 375 1432; x_wconf 90' lang='lat' dir='ltr'>et</span> <span class='ocrx_word' id='word_1_81' title='bbox 386 1399 512 1432; x_wconf 87' lang='lat' dir='ltr'>nauseam</span> <span class='ocrx_word' id='word_1_82' title='bbox 530 1380 650 1432; x_wconf 85' lang='lat' dir='ltr'>foeditate</span> <span class='ocrx_word' id='word_1_83' title='bbox 670 1398 719 1432; x_wconf 88' lang='lat' dir='ltr'>sua</span> <span class='ocrx_word' id='word_1_84' title='bbox 737 1393 763 1432; x_wconf 91' lang='lat' dir='ltr'>et</span> <span class='ocrx_word' id='word_1_85' title='bbox 784 1381 977 1432; x_wconf 82' lang='lat' dir='ltr'>aversationem</span> <span class='ocrx_word' id='word_1_86' title='bbox 997 1382 1132 1433; x_wconf 86' lang='lat' dir='ltr'>facerent.</span> <span class='ocrx_word' id='word_1_87' title='bbox 1150 1383 1254 1432; x_wconf 88' lang='lat' dir='ltr'>Faciunt</span> 
     </span>
     <span class='ocr_line' id='line_1_11' title="bbox 208 1460 1253 1530; baseline -0.001 -20"><span class='ocrx_word' id='word_1_88' title='bbox 208 1463 300 1530; x_wconf 84' lang='lat' dir='ltr'>utique</span> <span class='ocrx_word' id='word_1_89' title='bbox 313 1473 405 1511; x_wconf 89' lang='lat' dir='ltr'>nostro</span> <span class='ocrx_word' id='word_1_90' title='bbox 422 1477 513 1522; x_wconf 82' lang='lat' dir='ltr'>sensu3</span> <span class='ocrx_word' id='word_1_91' title='bbox 526 1479 575 1512; x_wconf 91' lang='lat' dir='ltr'>nec</span> <span class='ocrx_word' id='word_1_92' title='bbox 593 1473 680 1512; x_wconf 85' lang='lat' dir='ltr'>essent</span> <span class='ocrx_word' id='word_1_93' title='bbox 692 1479 737 1523; x_wconf 91' lang='lat' dir='ltr'>ea,</span> <span class='ocrx_word' id='word_1_94' title='bbox 755 1460 777 1510; x_wconf 89' lang='lat' dir='ltr'>si</span> <span class='ocrx_word' id='word_1_95' title='bbox 795 1471 886 1510; x_wconf 89' lang='lat' dir='ltr'>nostro</span> <span class='ocrx_word' id='word_1_96' title='bbox 899 1478 955 1511; x_wconf 85' lang='lat' dir='ltr'>aevo</span> <span class='ocrx_word' id='word_1_97' title='bbox 974 1461 1177 1526; x_wconf 86' lang='lat' dir='ltr'>scriberentur,</span> <span class='ocrx_word' id='word_1_98' title='bbox 1196 1477 1253 1510; x_wconf 91' lang='lat' dir='ltr'>sano</span> 
     </span>
     <span class='ocr_line' id='line_1_12' title="bbox 207 1539 1253 1611; baseline -0.002 -20"><span class='ocrx_word' id='word_1_99' title='bbox 207 1539 309 1608; x_wconf 86' lang='lat' dir='ltr'>judicio</span> <span class='ocrx_word' id='word_1_100' title='bbox 321 1540 475 1611; x_wconf 87' lang='lat' dir='ltr'>probanda;</span> <span class='ocrx_word' id='word_1_101' title='bbox 489 1541 536 1593; x_wconf 88' lang='lat' dir='ltr'>sed</span> <span class='ocrx_word' id='word_1_102' title='bbox 548 1542 651 1592; x_wconf 80' lang='lat' dir='ltr'>faciunt</span> <span class='ocrx_word' id='word_1_103' title='bbox 663 1540 740 1590; x_wconf 87' lang='lat' dir='ltr'>simul</span> <span class='ocrx_word' id='word_1_104' title='bbox 749 1539 902 1600; x_wconf 69' lang='lat' dir='ltr'>horrorem</span> <span class='ocrx_word' id='word_1_105' title='bbox 916 1552 942 1591; x_wconf 90' lang='lat' dir='ltr'>et</span> <span class='ocrx_word' id='word_1_106' title='bbox 953 1540 1098 1592; x_wconf 90' lang='lat' dir='ltr'>hominum</span> <span class='ocrx_word' id='word_1_107' title='bbox 1110 1542 1176 1594; x_wconf 90' lang='lat' dir='ltr'>belli</span> <span class='ocrx_word' id='word_1_108' title='bbox 1185 1541 1253 1592; x_wconf 84' lang='lat' dir='ltr'>caedi-</span> 
     </span>
     <span class='ocr_line' id='line_1_13' title="bbox 208 1619 1254 1691; baseline 0 -21"><span class='ocrx_word' id='word_1_109' title='bbox 208 1620 259 1671; x_wconf 89' lang='lat' dir='ltr'>bus</span> <span class='ocrx_word' id='word_1_110' title='bbox 272 1622 425 1690; x_wconf 77' lang='lat' dir='ltr'>rapinisque</span> <span class='ocrx_word' id='word_1_111' title='bbox 439 1619 609 1673; x_wconf 86' lang='lat' dir='ltr'>adsuctorum</span> <span class='ocrx_word' id='word_1_112' title='bbox 624 1635 717 1670; x_wconf 85' lang='lat' dir='ltr'>sensus</span> <span class='ocrx_word' id='word_1_113' title='bbox 729 1620 817 1691; x_wconf 85' lang='lat' dir='ltr'>potuit</span> <span class='ocrx_word' id='word_1_114' title='bbox 833 1637 890 1671; x_wconf 90' lang='lat' dir='ltr'>esse</span> <span class='ocrx_word' id='word_1_115' title='bbox 903 1619 1038 1686; x_wconf 77' lang='lat' dir='ltr'>obtusior,</span> <span class='ocrx_word' id='word_1_116' title='bbox 1052 1621 1254 1690; x_wconf 84' lang='lat' dir='ltr'>stomachusque</span> 
     </span>
     <span class='ocr_line' id='line_1_14' title="bbox 211 1697 1255 1768; baseline 0.002 -20"><span class='ocrx_word' id='word_1_117' title='bbox 211 1700 298 1749; x_wconf 90' lang='lat' dir='ltr'>minus</span> <span class='ocrx_word' id='word_1_118' title='bbox 313 1697 460 1750; x_wconf 87' lang='lat' dir='ltr'>fastidiens.</span> <span class='ocrx_word' id='word_1_119' title='bbox 484 1700 570 1762; x_wconf 89' lang='lat' dir='ltr'>Nam,</span> <span class='ocrx_word' id='word_1_120' title='bbox 595 1698 669 1768; x_wconf 90' lang='lat' dir='ltr'>qnod</span> <span class='ocrx_word' id='word_1_121' title='bbox 689 1699 744 1751; x_wconf 85' lang='lat' dir='ltr'>haec</span> <span class='ocrx_word' id='word_1_122' title='bbox 765 1701 834 1750; x_wconf 90' lang='lat' dir='ltr'>inter</span> <span class='ocrx_word' id='word_1_123' title='bbox 856 1701 1025 1765; x_wconf 84' lang='lat' dir='ltr'>convivium,</span> <span class='ocrx_word' id='word_1_124' title='bbox 1047 1720 1141 1754; x_wconf 88' lang='lat' dir='ltr'>coram</span> <span class='ocrx_word' id='word_1_125' title='bbox 1163 1703 1255 1751; x_wconf 87' lang='lat' dir='ltr'>femina</span> 
     </span>
     <span class='ocr_line' id='line_1_15' title="bbox 210 1781 1254 1851; baseline 0 -22"><span class='ocrx_word' id='word_1_126' title='bbox 210 1781 315 1850; x_wconf 76' lang='lat' dir='ltr'>regina,</span> <span class='ocrx_word' id='word_1_127' title='bbox 328 1793 484 1844; x_wconf 86' lang='lat' dir='ltr'>narrantur,</span> <span class='ocrx_word' id='word_1_128' title='bbox 497 1781 525 1831; x_wconf 94' lang='lat' dir='ltr'>id</span> <span class='ocrx_word' id='word_1_129' title='bbox 537 1793 617 1851; x_wconf 87' lang='lat' dir='ltr'>poeta</span> <span class='ocrx_word' id='word_1_130' title='bbox 629 1798 678 1831; x_wconf 91' lang='lat' dir='ltr'>nos</span> <span class='ocrx_word' id='word_1_131' title='bbox 691 1781 725 1831; x_wconf 86' lang='lat' dir='ltr'>ab</span> <span class='ocrx_word' id='word_1_132' title='bbox 737 1781 813 1830; x_wconf 89' lang='lat' dir='ltr'>initio</span> <span class='ocrx_word' id='word_1_133' title='bbox 826 1781 915 1831; x_wconf 89' lang='lat' dir='ltr'>statim</span> <span class='ocrx_word' id='word_1_134' title='bbox 928 1782 1018 1832; x_wconf 90' lang='lat' dir='ltr'>animo</span> <span class='ocrx_word' id='word_1_135' title='bbox 1030 1783 1149 1834; x_wconf 87' lang='lat' dir='ltr'>retinere</span> <span class='ocrx_word' id='word_1_136' title='bbox 1160 1781 1254 1841; x_wconf 84' lang='lat' dir='ltr'>noluit,</span> 
     </span>
     <span class='ocr_line' id='line_1_16' title="bbox 210 1859 1255 1931; baseline -0.001 -21"><span class='ocrx_word' id='word_1_137' title='bbox 210 1871 236 1910; x_wconf 90' lang='lat' dir='ltr'>et</span> <span class='ocrx_word' id='word_1_138' title='bbox 248 1872 331 1909; x_wconf 90' lang='lat' dir='ltr'>totam</span> <span class='ocrx_word' id='word_1_139' title='bbox 342 1862 521 1912; x_wconf 84' lang='lat' dir='ltr'>narrationem</span> <span class='ocrx_word' id='word_1_140' title='bbox 536 1859 571 1912; x_wconf 92' lang='lat' dir='ltr'>ad</span> <span class='ocrx_word' id='word_1_141' title='bbox 585 1862 625 1911; x_wconf 91' lang='lat' dir='ltr'>sui</span> <span class='ocrx_word' id='word_1_142' title='bbox 638 1862 761 1912; x_wconf 83' lang='lat' dir='ltr'>carminis</span> <span class='ocrx_word' id='word_1_143' title='bbox 774 1860 886 1912; x_wconf 88' lang='lat' dir='ltr'>lectores</span> <span class='ocrx_word' id='word_1_144' title='bbox 903 1863 987 1931; x_wconf 75' lang='lat' dir='ltr'>magis</span> <span class='ocrx_word' id='word_1_145' title='bbox 1005 1879 1088 1931; x_wconf 86' lang='lat' dir='ltr'>qnam</span> <span class='ocrx_word' id='word_1_146' title='bbox 1102 1860 1137 1912; x_wconf 89' lang='lat' dir='ltr'>ad</span> <span class='ocrx_word' id='word_1_147' title='bbox 1149 1861 1255 1912; x_wconf 83' lang='lat' dir='ltr'>Didonis</span> 
     </span>
     <span class='ocr_line' id='line_1_17' title="bbox 210 1938 1254 2011; baseline 0 -22"><span class='ocrx_word' id='word_1_148' title='bbox 210 1951 237 1989; x_wconf 89' lang='lat' dir='ltr'>et</span> <span class='ocrx_word' id='word_1_149' title='bbox 251 1938 392 1990; x_wconf 89' lang='lat' dir='ltr'>Poenorum</span> <span class='ocrx_word' id='word_1_150' title='bbox 405 1940 568 1992; x_wconf 87' lang='lat' dir='ltr'>auditionem</span> <span class='ocrx_word' id='word_1_151' title='bbox 588 1942 781 2011; x_wconf 82' lang='lat' dir='ltr'>attemperavit.</span> <span class='ocrx_word' id='word_1_152' title='bbox 799 1939 850 1993; x_wconf 84' lang='lat' dir='ltr'>Sed</span> <span class='ocrx_word' id='word_1_153' title='bbox 862 1942 971 1992; x_wconf 91' lang='lat' dir='ltr'>omnino</span> <span class='ocrx_word' id='word_1_154' title='bbox 988 1943 1016 1992; x_wconf 89' lang='lat' dir='ltr'>in</span> <span class='ocrx_word' id='word_1_155' title='bbox 1028 1940 1131 1992; x_wconf 79' lang='lat' dir='ltr'>tabulis</span> <span class='ocrx_word' id='word_1_156' title='bbox 1145 1942 1254 2010; x_wconf 87' lang='lat' dir='ltr'>antiquis</span> 
     </span>
     <span class='ocr_line' id='line_1_18' title="bbox 210 2015 1255 2090; baseline 0.002 -25"><span class='ocrx_word' id='word_1_157' title='bbox 210 2029 265 2066; x_wconf 86' lang='lat' dir='ltr'>tam</span> <span class='ocrx_word' id='word_1_158' title='bbox 277 2015 349 2069; x_wconf 88' lang='lat' dir='ltr'>laute</span> <span class='ocrx_word' id='word_1_159' title='bbox 369 2037 399 2069; x_wconf 91' lang='lat' dir='ltr'>ac</span> <span class='ocrx_word' id='word_1_160' title='bbox 416 2020 530 2088; x_wconf 91' lang='lat' dir='ltr'>superbe</span> <span class='ocrx_word' id='word_1_161' title='bbox 543 2032 627 2090; x_wconf 74' lang='lat' dir='ltr'>poetae</span> <span class='ocrx_word' id='word_1_162' title='bbox 639 2038 689 2071; x_wconf 90' lang='lat' dir='ltr'>nec</span> <span class='ocrx_word' id='word_1_163' title='bbox 706 2031 846 2070; x_wconf 86' lang='lat' dir='ltr'>versantur</span> <span class='ocrx_word' id='word_1_164' title='bbox 862 2038 911 2071; x_wconf 92' lang='lat' dir='ltr'>nec</span> <span class='ocrx_word' id='word_1_165' title='bbox 924 2020 1071 2071; x_wconf 75' lang='lat' dir='ltr'>versariiis</span> <span class='ocrx_word' id='word_1_166' title='bbox 1084 2038 1193 2071; x_wconf 88' lang='lat' dir='ltr'>necesse</span> <span class='ocrx_word' id='word_1_167' title='bbox 1205 2032 1255 2081; x_wconf 88' lang='lat' dir='ltr'>est,</span> 
     </span>
     <span class='ocr_line' id='line_1_19' title="bbox 210 2095 1254 2170; baseline 0.001 -25"><span class='ocrx_word' id='word_1_168' title='bbox 210 2113 260 2145; x_wconf 87' lang='lat' dir='ltr'>nec</span> <span class='ocrx_word' id='word_1_169' title='bbox 283 2095 360 2146; x_wconf 90' lang='lat' dir='ltr'>nobis</span> <span class='ocrx_word' id='word_1_170' title='bbox 379 2096 528 2168; x_wconf 78' lang='lat' dir='ltr'>legentibus</span> <span class='ocrx_word' id='word_1_171' title='bbox 545 2101 628 2170; x_wconf 78' lang='lat' dir='ltr'>magis</span> <span class='ocrx_word' id='word_1_172' title='bbox 644 2098 707 2150; x_wconf 90' lang='lat' dir='ltr'>licet</span> <span class='ocrx_word' id='word_1_173' title='bbox 723 2098 912 2168; x_wconf 85' lang='lat' dir='ltr'>philosophica</span> <span class='ocrx_word' id='word_1_174' title='bbox 931 2099 1023 2168; x_wconf 85' lang='lat' dir='ltr'>aliqua</span> <span class='ocrx_word' id='word_1_175' title='bbox 1041 2099 1191 2150; x_wconf 78' lang='lat' dir='ltr'>subtilitate</span> <span class='ocrx_word' id='word_1_176' title='bbox 1207 2099 1254 2155; x_wconf 86' lang='lat' dir='ltr'>nti;</span> 
     </span>
     <span class='ocr_line' id='line_1_20' title="bbox 211 2174 1257 2250; baseline 0.002 -26"><span class='ocrx_word' id='word_1_177' title='bbox 211 2174 313 2245; x_wconf 80' lang='lat' dir='ltr'>alioqui</span> <span class='ocrx_word' id='word_1_178' title='bbox 326 2178 433 2248; x_wconf 74' lang='lat' dir='ltr'>frigeret</span> <span class='ocrx_word' id='word_1_179' title='bbox 452 2191 509 2230; x_wconf 90' lang='lat' dir='ltr'>tota</span> <span class='ocrx_word' id='word_1_180' title='bbox 528 2178 561 2231; x_wconf 91' lang='lat' dir='ltr'>de</span> <span class='ocrx_word' id='word_1_181' title='bbox 580 2178 741 2250; x_wconf 79' lang='lat' dir='ltr'>Polyphemo</span> <span class='ocrx_word' id='word_1_182' title='bbox 755 2191 781 2230; x_wconf 90' lang='lat' dir='ltr'>et</span> <span class='ocrx_word' id='word_1_183' title='bbox 793 2191 858 2248; x_wconf 93' lang='lat' dir='ltr'>quot</span> <span class='ocrx_word' id='word_1_184' title='bbox 870 2197 924 2228; x_wconf 89' lang='lat' dir='ltr'>non</span> <span class='ocrx_word' id='word_1_185' title='bbox 937 2181 1086 2230; x_wconf 82' lang='lat' dir='ltr'>Homericae</span> <span class='ocrx_word' id='word_1_186' title='bbox 1098 2177 1257 2250; x_wconf 78' lang='lat' dir='ltr'>Virgilianae-</span> 
     </span>
     <span class='ocr_line' id='line_1_21' title="bbox 213 2255 1256 2329; baseline 0.007 -25"><span class='ocrx_word' id='word_1_187' title='bbox 213 2271 266 2323; x_wconf 86' lang='lat' dir='ltr'>que</span> <span class='ocrx_word' id='word_1_188' title='bbox 276 2255 387 2306; x_wconf 75' lang='lat' dir='ltr'>fabulae!</span> <span class='ocrx_word' id='word_1_189' title='bbox 402 2259 431 2308; x_wconf 92' lang='lat' dir='ltr'>ln</span> <span class='ocrx_word' id='word_1_190' title='bbox 444 2258 598 2329; x_wconf 81' lang='lat' dir='ltr'>Polyphemi</span> <span class='ocrx_word' id='word_1_191' title='bbox 610 2260 697 2310; x_wconf 85' lang='lat' dir='ltr'>forma</span> <span class='ocrx_word' id='word_1_192' title='bbox 710 2278 740 2310; x_wconf 91' lang='lat' dir='ltr'>ac</span> <span class='ocrx_word' id='word_1_193' title='bbox 752 2260 863 2323; x_wconf 91' lang='lat' dir='ltr'>robore,</span> <span class='ocrx_word' id='word_1_194' title='bbox 877 2258 951 2310; x_wconf 93' lang='lat' dir='ltr'>verbi</span> <span class='ocrx_word' id='word_1_195' title='bbox 965 2271 1076 2325; x_wconf 78' lang='lat' dir='ltr'>caussa,</span> <span class='ocrx_word' id='word_1_196' title='bbox 1088 2271 1150 2309; x_wconf 87' lang='lat' dir='ltr'>sunt</span> <span class='ocrx_word' id='word_1_197' title='bbox 1162 2257 1256 2311; x_wconf 66' lang='lat' dir='ltr'>multas</span> 
     </span>
     <span class='ocr_line' id='line_1_22' title="bbox 212 2333 1258 2408; baseline 0.002 -26"><span class='ocrx_word' id='word_1_198' title='bbox 212 2349 270 2402; x_wconf 77' lang='lat' dir='ltr'>quae</span> <span class='ocrx_word' id='word_1_199' title='bbox 282 2334 332 2385; x_wconf 92' lang='lat' dir='ltr'>sibi</span> <span class='ocrx_word' id='word_1_200' title='bbox 345 2350 508 2408; x_wconf 79' lang='lat' dir='ltr'>repugnant,</span> <span class='ocrx_word' id='word_1_201' title='bbox 517 2337 604 2388; x_wconf 87' lang='lat' dir='ltr'>multa</span> <span class='ocrx_word' id='word_1_202' title='bbox 615 2337 746 2402; x_wconf 87' lang='lat' dir='ltr'>absurdo,</span> <span class='ocrx_word' id='word_1_203' title='bbox 758 2339 779 2388; x_wconf 93' lang='lat' dir='ltr'>si</span> <span class='ocrx_word' id='word_1_204' title='bbox 790 2337 1050 2406; x_wconf 78' lang='lat' dir='ltr'>subtiliusJ&#39;udieinm</span> <span class='ocrx_word' id='word_1_205' title='bbox 1059 2337 1202 2397; x_wconf 89' lang='lat' dir='ltr'>adhibeas;</span> <span class='ocrx_word' id='word_1_206' title='bbox 1214 2333 1258 2386; x_wconf 91' lang='lat' dir='ltr'>sed</span> 
     </span>
     <span class='ocr_line' id='line_1_23' title="bbox 210 2412 1256 2489; baseline -0.001 -25"><span class='ocrx_word' id='word_1_207' title='bbox 210 2412 358 2482; x_wconf 78' lang='lat' dir='ltr'>phantasia</span> <span class='ocrx_word' id='word_1_208' title='bbox 371 2435 516 2487; x_wconf 85' lang='lat' dir='ltr'>sensusque</span> <span class='ocrx_word' id='word_1_209' title='bbox 529 2418 660 2488; x_wconf 90' lang='lat' dir='ltr'>voluptati</span> <span class='ocrx_word' id='word_1_210' title='bbox 671 2420 722 2469; x_wconf 88' lang='lat' dir='ltr'>ista</span> <span class='ocrx_word' id='word_1_211' title='bbox 738 2420 851 2488; x_wconf 88' lang='lat' dir='ltr'>scripta,</span> <span class='ocrx_word' id='word_1_212' title='bbox 864 2437 918 2468; x_wconf 91' lang='lat' dir='ltr'>non</span> <span class='ocrx_word' id='word_1_213' title='bbox 930 2417 1122 2489; x_wconf 89' lang='lat' dir='ltr'>philosophico</span> <span class='ocrx_word' id='word_1_214' title='bbox 1138 2417 1256 2468; x_wconf 89' lang='lat' dir='ltr'>acumini.</span> 
     </span>
     <span class='ocr_line' id='line_1_24' title="bbox 212 2494 1305 2568; baseline 0.002 -26"><span class='ocrx_word' id='word_1_215' title='bbox 212 2494 246 2542; x_wconf 84' lang='lat' dir='ltr'>cf.</span> <span class='ocrx_word' id='word_1_216' title='bbox 259 2512 317 2564; x_wconf 90' lang='lat' dir='ltr'>sup.</span> <span class='ocrx_word' id='word_1_217' title='bbox 331 2494 365 2546; x_wconf 93' lang='lat' dir='ltr'>ad</span> <span class='ocrx_word' id='word_1_218' title='bbox 379 2514 403 2546; x_wconf 90' lang='lat' dir='ltr'>v.</span> <span class='ocrx_word' id='word_1_219' title='bbox 417 2497 571 2550; x_wconf 81' lang='lat'>250-252.</span> <span class='ocrx_word' id='word_1_220' title='bbox 585 2501 716 2550; x_wconf 88' lang='lat' dir='ltr'>Homerus</span> <span class='ocrx_word' id='word_1_221' title='bbox 729 2498 813 2548; x_wconf 90' lang='lat' dir='ltr'>multo</span> <span class='ocrx_word' id='word_1_222' title='bbox 826 2501 941 2550; x_wconf 88' lang='lat' dir='ltr'>atrocius</span> <span class='ocrx_word' id='word_1_223' title='bbox 954 2498 1156 2568; x_wconf 87' lang='lat' dir='ltr'>spectaculum,</span> <span class='ocrx_word' id='word_1_224' title='bbox 1169 2511 1194 2550; x_wconf 88' lang='lat' dir='ltr'>et</span> <span class='ocrx_word' id='word_1_225' title='bbox 1206 2515 1258 2547; x_wconf 89' lang='lat' dir='ltr'>car·</span> <span class='ocrx_word' id='word_1_226' title='bbox 1304 2561 1305 2564; x_wconf 8' lang='grc' dir='ltr'><strong>Ἴ</strong></span> 
     </span>
     <span class='ocr_line' id='line_1_25' title="bbox 211 2573 1257 2647; baseline 0.002 -25"><span class='ocrx_word' id='word_1_227' title='bbox 211 2573 347 2624; x_wconf 82' lang='lat' dir='ltr'>nificinam</span> <span class='ocrx_word' id='word_1_228' title='bbox 363 2579 464 2643; x_wconf 87' lang='lat' dir='ltr'>verius,</span> <span class='ocrx_word' id='word_1_229' title='bbox 482 2578 652 2640; x_wconf 84' lang='lat' dir='ltr'>exhibuerat;</span> <span class='ocrx_word' id='word_1_230' title='bbox 668 2579 714 2630; x_wconf 91' lang='lat' dir='ltr'>sed</span> <span class='ocrx_word' id='word_1_231' title='bbox 727 2579 793 2630; x_wconf 86' lang='lat' dir='ltr'>alios</span> <span class='ocrx_word' id='word_1_232' title='bbox 808 2578 942 2644; x_wconf 89' lang='lat' dir='ltr'>homines,</span> <span class='ocrx_word' id='word_1_233' title='bbox 956 2578 1030 2630; x_wconf 90' lang='lat' dir='ltr'>alind</span> <span class='ocrx_word' id='word_1_234' title='bbox 1043 2579 1179 2644; x_wconf 87' lang='lat' dir='ltr'>seculum,</span> <span class='ocrx_word' id='word_1_235' title='bbox 1192 2575 1257 2647; x_wconf 92' lang='lat' dir='ltr'>quod</span> 
     </span>
     <span class='ocr_line' id='line_1_26' title="bbox 211 2652 1257 2720; baseline 0.005 -21"><span class='ocrx_word' id='word_1_236' title='bbox 211 2652 370 2720; x_wconf 86' lang='lat' dir='ltr'>respiceret,</span> <span class='ocrx_word' id='word_1_237' title='bbox 382 2654 506 2706; x_wconf 87' lang='lat' dir='ltr'>habebat.</span> <span class='ocrx_word' id='word_1_238' title='bbox 518 2655 629 2708; x_wconf 85' lang='lat' dir='ltr'>Ovidius</span> <span class='ocrx_word' id='word_1_239' title='bbox 642 2659 676 2709; x_wconf 85' lang='lat' dir='ltr'>ab</span> <span class='ocrx_word' id='word_1_240' title='bbox 688 2659 758 2709; x_wconf 90' lang='lat' dir='ltr'>omni</span> <span class='ocrx_word' id='word_1_241' title='bbox 769 2661 908 2710; x_wconf 84' lang='lat' dir='ltr'>atrocitate</span> <span class='ocrx_word' id='word_1_242' title='bbox 919 2659 1098 2711; x_wconf 89' lang='lat' dir='ltr'>alienissimus</span> <span class='ocrx_word' id='word_1_243' title='bbox 1111 2676 1167 2708; x_wconf 90' lang='lat' dir='ltr'>non</span> <span class='ocrx_word' id='word_1_244' title='bbox 1177 2670 1257 2707; x_wconf 88' lang='lat' dir='ltr'>tamen</span> 
     </span>
     <span class='ocr_line' id='line_1_27' title="bbox 166 2731 1260 2810; baseline 0.003 -27"><span class='ocrx_word' id='word_1_245' title='bbox 166 2787 168 2793; x_wconf 18' lang='grc' dir='ltr'><em>Α</em></span> <span class='ocrx_word' id='word_1_246' title='bbox 210 2731 374 2784; x_wconf 90' lang='lat' dir='ltr'>horrendum</span> <span class='ocrx_word' id='word_1_247' title='bbox 400 2733 452 2787; x_wconf 92' lang='lat' dir='ltr'>boc</span> <span class='ocrx_word' id='word_1_248' title='bbox 477 2736 632 2808; x_wconf 83' lang='lat' dir='ltr'>Polyphemi</span> <span class='ocrx_word' id='word_1_249' title='bbox 653 2740 834 2810; x_wconf 87' lang='lat' dir='ltr'>spectaculum</span> <span class='ocrx_word' id='word_1_250' title='bbox 857 2740 1116 2810; x_wconf 82' lang='lat' dir='ltr'>Metamorphoseon</span> <span class='ocrx_word' id='word_1_251' title='bbox 1138 2738 1185 2789; x_wconf 92' lang='lat' dir='ltr'>lib.</span> <span class='ocrx_word' id='word_1_252' title='bbox 1205 2736 1260 2786; x_wconf 85' lang='lat' dir='ltr'>XIV</span> 
     </span>
     <span class='ocr_line' id='line_1_28' title="bbox 210 2814 1259 2892; baseline 0.003 -29"><span class='ocrx_word' id='word_1_253' title='bbox 210 2815 307 2864; x_wconf 89' lang='lat' dir='ltr'>iterum</span> <span class='ocrx_word' id='word_1_254' title='bbox 322 2814 444 2868; x_wconf 84' lang='lat' dir='ltr'>exhibere</span> <span class='ocrx_word' id='word_1_255' title='bbox 455 2816 594 2879; x_wconf 76' lang='lat' dir='ltr'>dubitavit.</span> <span class='ocrx_word' id='word_1_256' title='bbox 610 2820 750 2890; x_wconf 87' lang='lat' dir='ltr'>Euripides</span> <span class='ocrx_word' id='word_1_257' title='bbox 763 2833 852 2873; x_wconf 91' lang='lat' dir='ltr'>autem</span> <span class='ocrx_word' id='word_1_258' title='bbox 865 2822 892 2872; x_wconf 89' lang='lat' dir='ltr'>in</span> <span class='ocrx_word' id='word_1_259' title='bbox 903 2821 1019 2892; x_wconf 87' lang='lat' dir='ltr'>Cyclope</span> <span class='ocrx_word' id='word_1_260' title='bbox 1033 2821 1148 2892; x_wconf 86' lang='lat' dir='ltr'>Satyrici</span> <span class='ocrx_word' id='word_1_261' title='bbox 1161 2818 1259 2870; x_wconf 90' lang='lat' dir='ltr'>drama-</span> 
     </span>
    </p>
   </div>
   <div class='ocr_carea' id='block_1_5' title="bbox 212 2893 1259 3051">
    <p class='ocr_par' dir='ltr' id='par_1_5' title="bbox 212 2893 1259 3051">
     <span class='ocr_line' id='line_1_29' title="bbox 212 2893 1259 2970; baseline 0.004 -29"><span class='ocrx_word' id='word_1_262' title='bbox 212 2893 245 2942; x_wconf 90' lang='lat' dir='ltr'>tis</span> <span class='ocrx_word' id='word_1_263' title='bbox 258 2904 354 2944; x_wconf 89' lang='lat' dir='ltr'>natura</span> <span class='ocrx_word' id='word_1_264' title='bbox 366 2898 434 2948; x_wconf 88' lang='lat' dir='ltr'>tueri</span> <span class='ocrx_word' id='word_1_265' title='bbox 451 2915 479 2948; x_wconf 88' lang='lat' dir='ltr'>se.</span> <span class='ocrx_word' id='word_1_266' title='bbox 495 2909 591 2969; x_wconf 88' lang='lat' dir='ltr'>potest.</span> <span class='ocrx_word' id='word_1_267' title='bbox 609 2898 677 2950; x_wconf 88' lang='lat' dir='ltr'>Vide</span> <span class='ocrx_word' id='word_1_268' title='bbox 688 2918 713 2949; x_wconf 93' lang='lat' dir='ltr'>v.</span> <span class='ocrx_word' id='word_1_269' title='bbox 726 2900 778 2952; x_wconf 82' lang='lat'>380</span> <span class='ocrx_word' id='word_1_270' title='bbox 796 2918 855 2970; x_wconf 89' lang='lat' dir='ltr'>sqq.</span> <span class='ocrx_word' id='word_1_271' title='bbox 877 2899 944 2953; x_wconf 82' lang='lat' dir='ltr'>Sane</span> <span class='ocrx_word' id='word_1_272' title='bbox 961 2900 1141 2952; x_wconf 89' lang='lat' dir='ltr'>Theocriteus</span> <span class='ocrx_word' id='word_1_273' title='bbox 1154 2896 1259 2968; x_wconf 84' lang='lat' dir='ltr'>Cyclops</span> 
     </span>
     <span class='ocr_line' id='line_1_30' title="bbox 212 2969 1191 3051; baseline 0.002 -22"><span class='ocrx_word' id='word_1_274' title='bbox 212 2972 305 3042; x_wconf 75' lang='lat' dir='ltr'>Paullo</span> <span class='ocrx_word' id='word_1_275' title='bbox 317 2973 474 3030; x_wconf 65' lang='lat' dir='ltr'>humaniue</span> <span class='ocrx_word' id='word_1_276' title='bbox 487 2978 560 3030; x_wconf 80' lang='lat' dir='ltr'>cultu</span> <span class='ocrx_word' id='word_1_277' title='bbox 573 2976 711 3030; x_wconf 83' lang='lat' dir='ltr'>exhibetur</span> <span class='ocrx_word' id='word_1_278' title='bbox 721 2979 796 3051; x_wconf 89' lang='lat' dir='ltr'>Idyll.</span> <span class='ocrx_word' id='word_1_279' title='bbox 809 2981 855 3032; x_wconf 81' lang='lat' dir='ltr'>xt.</span> <span class='ocrx_word' id='word_1_280' title='bbox 1188 2969 1191 2976; x_wconf 42' lang='lat'><strong>¹</strong></span> 
     </span>
    </p>
   </div>
   <div class='ocr_carea' id='block_1_6' title="bbox 450 3220 1020 3520">
    <p class='ocr_par' dir='ltr' id='par_1_6' title="bbox 450 3220 1020 3520">
     <span class='ocr_line' id='line_1_31' title="bbox 450 3220 1020 3370; baseline 0.005 -7"><span class='ocrx_word' id='word_1_281' title='bbox 450 3220 816 3370; x_wconf 73' lang='lat' dir='ltr'>oxeos-sus</span> <span class='ocrx_word' id='word_1_282' title='bbox 851 3281 1020 3369; x_wconf 78' lang='lat' dir='ltr'>xvir.</span> 
     </span>
     <span class='ocr_line' id='line_1_32' title="bbox 589 3453 884 3520; baseline 0 -2"><span class='ocrx_word' id='word_1_283' title='bbox 589 3453 752 3520; x_wconf 69' lang='lat' dir='ltr'>Anchtioe</span> <span class='ocrx_word' id='word_1_284' title='bbox 769 3454 884 3520; x_wconf 81' lang='lat' dir='ltr'>obitus.</span> 
     </span>
    </p>
   </div>
   <div class='ocr_carea' id='block_1_7' title="bbox 215 3608 1272 3917">
    <p class='ocr_par' dir='ltr' id='par_1_7' title="bbox 215 3608 1272 3917">
     <span class='ocr_line' id='line_1_33' title="bbox 249 3608 1264 3685; baseline 0.006 -28"><span class='ocrx_word' id='word_1_285' title='bbox 249 3608 299 3674; x_wconf 92' lang='lat' dir='ltr'>lll,</span> <span class='ocrx_word' id='word_1_286' title='bbox 312 3624 363 3678; x_wconf 87' lang='lat'>710</span> <span class='ocrx_word' id='word_1_287' title='bbox 375 3610 428 3662; x_wconf 87' lang='lat' dir='ltr'>Hic</span> <span class='ocrx_word' id='word_1_288' title='bbox 439 3639 475 3649; x_wconf 88' lang='lat'>-·-</span> <span class='ocrx_word' id='word_1_289' title='bbox 483 3612 629 3682; x_wconf 64' lang='lat' dir='ltr'>penitorem</span> <span class='ocrx_word' id='word_1_290' title='bbox 642 3614 728 3666; x_wconf 81' lang='lat' dir='ltr'>omnis</span> <span class='ocrx_word' id='word_1_291' title='bbox 738 3632 808 3666; x_wconf 84' lang='lat' dir='ltr'>euroe</span> <span class='ocrx_word' id='word_1_292' title='bbox 822 3629 944 3685; x_wconf 78' lang='lat' dir='ltr'>casusque</span> <span class='ocrx_word' id='word_1_293' title='bbox 956 3613 1077 3666; x_wconf 84' lang='lat' dir='ltr'>leuamen</span> <span class='ocrx_word' id='word_1_294' title='bbox 1091 3613 1199 3666; x_wconf 85' lang='lat' dir='ltr'>Amitto</span> <span class='ocrx_word' id='word_1_295' title='bbox 1214 3613 1264 3664; x_wconf 81' lang='lat' dir='ltr'>Aa·</span> 
     </span>
     <span class='ocr_line' id='line_1_34' title="bbox 215 3685 1272 3764; baseline 0.005 -29"><span class='ocrx_word' id='word_1_296' title='bbox 215 3685 310 3737; x_wconf 68' lang='lat' dir='ltr'>tiliaco.</span> <span class='ocrx_word' id='word_1_297' title='bbox 325 3687 446 3740; x_wconf 81' lang='lat' dir='ltr'>Anchisae</span> <span class='ocrx_word' id='word_1_298' title='bbox 459 3689 562 3740; x_wconf 88' lang='lat' dir='ltr'>obitum</span> <span class='ocrx_word' id='word_1_299' title='bbox 573 3709 627 3741; x_wconf 91' lang='lat' dir='ltr'>non</span> <span class='ocrx_word' id='word_1_300' title='bbox 642 3691 676 3743; x_wconf 88' lang='lat' dir='ltr'>ad</span> <span class='ocrx_word' id='word_1_301' title='bbox 688 3691 804 3744; x_wconf 83' lang='lat' dir='ltr'>historiae</span> <span class='ocrx_word' id='word_1_302' title='bbox 817 3695 900 3764; x_wconf 74' lang='lat' dir='ltr'>magis</span> <span class='ocrx_word' id='word_1_303' title='bbox 910 3690 989 3743; x_wconf 86' lang='lat' dir='ltr'>fidem</span> <span class='ocrx_word' id='word_1_304' title='bbox 1000 3709 1100 3761; x_wconf 88' lang='lat' dir='ltr'>quam,</span> <span class='ocrx_word' id='word_1_305' title='bbox 1115 3692 1191 3764; x_wconf 91' lang='lat' dir='ltr'>quod</span> <span class='ocrx_word' id='word_1_306' title='bbox 1202 3710 1272 3744; x_wconf 82' lang='lat' dir='ltr'>com·</span> 
     </span>
     <span class='ocr_line' id='line_1_35' title="bbox 215 3765 1263 3836; baseline 0.005 -22"><span class='ocrx_word' id='word_1_307' title='bbox 215 3765 324 3817; x_wconf 89' lang='lat' dir='ltr'>modum</span> <span class='ocrx_word' id='word_1_308' title='bbox 336 3780 417 3833; x_wconf 89' lang='lat' dir='ltr'>esset,</span> <span class='ocrx_word' id='word_1_309' title='bbox 435 3778 496 3820; x_wconf 88' lang='lat' dir='ltr'>ante</span> <span class='ocrx_word' id='word_1_310' title='bbox 514 3769 602 3820; x_wconf 80' lang='lat' dir='ltr'>AEneae</span> <span class='ocrx_word' id='word_1_311' title='bbox 617 3770 651 3820; x_wconf 88' lang='lat' dir='ltr'>ad</span> <span class='ocrx_word' id='word_1_312' title='bbox 667 3770 799 3824; x_wconf 85' lang='lat' dir='ltr'>Didonem</span> <span class='ocrx_word' id='word_1_313' title='bbox 816 3772 959 3824; x_wconf 88' lang='lat' dir='ltr'>adventum</span> <span class='ocrx_word' id='word_1_314' title='bbox 972 3785 1177 3836; x_wconf 74' lang='lat' dir='ltr'>commemorat.</span> <span class='ocrx_word' id='word_1_315' title='bbox 1196 3772 1263 3836; x_wconf 84' lang='lat' dir='ltr'>Quas</span> 
     </span>
     <span class='ocr_line' id='line_1_36' title="bbox 217 3846 1264 3917; baseline 0.003 -21"><span class='ocrx_word' id='word_1_316' title='bbox 217 3846 286 3897; x_wconf 83' lang='lat' dir='ltr'>enim</span> <span class='ocrx_word' id='word_1_317' title='bbox 298 3846 419 3898; x_wconf 68' lang='lat' dir='ltr'>Anchisae</span> <span class='ocrx_word' id='word_1_318' title='bbox 431 3858 521 3917; x_wconf 82' lang='lat' dir='ltr'>partes</span> <span class='ocrx_word' id='word_1_319' title='bbox 539 3850 602 3898; x_wconf 90' lang='lat' dir='ltr'>satis</span> <span class='ocrx_word' id='word_1_320' title='bbox 621 3848 718 3902; x_wconf 89' lang='lat' dir='ltr'>decore</span> <span class='ocrx_word' id='word_1_321' title='bbox 737 3853 806 3904; x_wconf 89' lang='lat' dir='ltr'>inter</span> <span class='ocrx_word' id='word_1_322' title='bbox 823 3855 933 3904; x_wconf 84' lang='lat' dir='ltr'>AEneam</span> <span class='ocrx_word' id='word_1_323' title='bbox 953 3863 979 3908; x_wconf 85' lang='lat' dir='ltr'>et</span> <span class='ocrx_word' id='word_1_324' title='bbox 996 3850 1135 3903; x_wconf 90' lang='lat' dir='ltr'>Didonem</span> <span class='ocrx_word' id='word_1_325' title='bbox 1151 3851 1264 3901; x_wconf 88' lang='lat' dir='ltr'>tribuere</span> 
     </span>
    </p>
   </div>
   <div class='ocr_carea' id='block_1_8' title="bbox 216 3926 1264 4004">
    <p class='ocr_par' dir='ltr' id='par_1_8' title="bbox 216 3926 1264 4004">
     <span class='ocr_line' id='line_1_37' title="bbox 216 3926 1264 4004; baseline 0.004 -28"><span class='ocrx_word' id='word_1_326' title='bbox 216 3926 361 3996; x_wconf 84' lang='lat' dir='ltr'>potuisset?</span> <span class='ocrx_word' id='word_1_327' title='bbox 372 3926 493 3980; x_wconf 80' lang='lat' dir='ltr'>Anchisa</span> <span class='ocrx_word' id='word_1_328' title='bbox 503 3927 651 4000; x_wconf 83' lang='lat' dir='ltr'>sepulcrale</span> <span class='ocrx_word' id='word_1_329' title='bbox 659 3945 861 3988; x_wconf 87' lang='lat' dir='ltr'>monumentum</span> <span class='ocrx_word' id='word_1_330' title='bbox 873 3934 1017 3987; x_wconf 82' lang='lat' dir='ltr'>etiamnum</span> <span class='ocrx_word' id='word_1_331' title='bbox 1024 3933 1103 4002; x_wconf 83' lang='lat' dir='ltr'>juxta</span> <span class='ocrx_word' id='word_1_332' title='bbox 1113 3933 1264 4004; x_wconf 83' lang='lat' dir='ltr'>Drepanum</span> 
     </span>
    </p>
   </div>
   <div class='ocr_carea' id='block_1_9' title="bbox 0 0 1342 4592">
    <p class='ocr_par' dir='ltr' id='par_1_9' title="bbox 0 0 1342 4592">
     <span class='ocr_line' id='line_1_38' title="bbox 0 0 1342 4592; baseline 0 0"><span class='ocrx_word' id='word_1_333' title='bbox 0 0 1342 4592; x_wconf 95' lang='lat' dir='ltr'> </span> 
     </span>
    </p>
   </div>
  </div>
 </body>
</html>
