2718 4598
268 317 330 385 302
635 307 943 380 EXCURSUSI

265 441 440 513 dispositione
453 457 469 491 a
480 439 571 490 nescio
588 456 641 509 quo
654 438 772 490 collectis
793 450 819 490 et
837 438 968 490 ordinatis
983 452 1122 513 syntagma
1132 441 1243 514 epicum
1258 461 1312 496 con·
1341 483 1342 508 y

266 528 421 586 cinnatum,
434 522 549 572 extitisse
566 531 684 590 putatur.
698 520 830 572 Accusate
842 517 876 570 de
888 521 934 584 iis,
953 532 1015 590 post
1026 521 1170 574 Nicolaum
1187 525 1311 576 Loensem

265 607 293 656 in
309 599 441 672 Epiphyll.
459 600 497 663 ll,
510 599 535 664 4.
555 595 665 651 Salmas.
679 600 707 650 in
722 596 804 649 Solin.
824 617 851 669 p.
865 596 915 668 597
926 611 952 650 et
963 597 1078 651 Casaub.
1093 601 1129 652 ad
1142 601 1243 654 Athen.
1257 604 1309 664 Vll,

264 686 290 752 4.
304 680 432 734 Dodwell.
447 678 480 731 de
492 678 563 750 Cycl.
577 697 606 749 p.
618 680 688 744 802,
708 680 755 749 qui
775 678 825 730 soli
838 679 942 730 consuli
961 694 1113 748 merentur,
1127 684 1183 754 egit
1199 682 1310 734 Schwar-

264 766 320 815 zius
332 759 448 812 Altdorf.
457 759 484 808 in
493 757 563 808 Diss.
575 757 609 809 de
619 760 706 828 poetis
717 757 831 829 cyclicis.
845 757 921 810 Adde
931 759 1034 810 Fabric.
1048 760 1076 809 B.
1090 758 1135 811 Gr.
1150 762 1183 825 T,
1194 761 1205 810 l
1217 779 1245 830 p.
1257 762 1309 811 281.

265 841 332 893 Sunt
342 853 432 892 tamen
447 835 592 888 admodum
604 855 693 908 pauca
704 839 732 887 in
744 836 796 888 hoc
807 850 964 909 argumento
982 838 1017 890 ad
1028 837 1164 909 liquidum
1176 840 1308 910 perducta.
1342 839 1343 842 ’

298 923 368 973 Nam
386 919 491 990 primo,
511 935 626 987 quorum
638 931 780 989 poetarum
800 919 952 970 nominaret
971 936 1054 989 opera
1075 919 1130 971 hoc
1147 918 1223 990 cyclo
1241 937 1308 970 com·

262 1001 397 1075 prehensa
414 999 529 1062 fuerint,
542 1016 584 1050 res
601 1011 641 1050 est
653 1000 751 1069 partim
763 999 893 1064 obscura,
913 1002 1012 1070 partim
1030 1012 1223 1064 controversa,
1236 1001 1309 1051 etiam

263 1087 333 1138 inter
344 1093 465 1141 veteres;
479 1098 531 1132 nec
547 1082 610 1132 satis
625 1093 779 1134 constanter
791 1081 922 1147 traditur,
935 1098 1014 1152 qnam
1032 1082 1086 1134 late
1103 1083 1161 1150 ejus
1177 1099 1310 1152 argumen-

262 1178 320 1216 tum
338 1163 471 1234 patuerit;
496 1158 578 1237 modo
599 1161 670 1212 euim
691 1161 761 1213 intra
780 1161 844 1214 belli
863 1162 972 1232 Trojani
992 1161 1056 1215 lines
1077 1163 1122 1214 ille
1146 1162 1309 1222 substitisse,

263 1244 344 1296 modo
358 1243 393 1295 ad
404 1245 490 1314 ipsam
510 1241 711 1317 'cqsmogoniam
725 1255 853 1314 evagatus
875 1261 931 1296 essa
949 1243 1147 1310 narratur.Quo
1160 1245 1220 1314 ipso
1237 1257 1309 1292 cons·
1343 1253 1344 1316 y

264 1340 321 1378 tare
336 1335 421 1395 puto,
443 1326 515 1376 intra
539 1324 674 1394 privatam
692 1323 884 1375 nonnullorum
909 1323 1051 1376 doctorum
1073 1323 1311 1376 Grammaticorum
1343 1321 1344 1338 ³

264 1407 420 1479 opinionem
439 1417 524 1456 totam
540 1404 612 1456 hauc
632 1402 665 1454 de
688 1404 762 1476 cyclo
787 1406 863 1475 spico
887 1406 1094 1477 preceptionem
1118 1402 1310 1456 substitissem

262 1487 368 1539 diversa
393 1484 559 1536 abeuntium.
583 1485 677 1554 Neque
698 1503 820 1556 unquam
840 1485 893 1538 tale
913 1503 1011 1556 corpus
1033 1485 1153 1557 plurium
1174 1495 1308 1555 poctarum

262 1566 341 1620 aliter
361 1565 531 1628 confectum,
554 1581 636 1634 quam
657 1575 688 1613 ut
708 1566 896 1634 grammaticus
937 1565 1033 1634 aliquis
1056 1579 1152 1616 eorum
1177 1577 1309 1614 recensum

264 1663 312 1697 scu
327 1642 446 1714 judicem
457 1643 577 1708 faceret,
590 1653 617 1693 et
634 1642 762 1712 singulari
779 1644 850 1694 forte
862 1643 955 1695 libello
968 1656 1014 1695 aut
1035 1645 1062 1693 in
1080 1661 1162 1714 opere
1181 1655 1310 1712 gramma-

261 1728 315 1776 tico
338 1722 440 1783 cderet;
460 1741 510 1774 nec
532 1720 612 1772 facile
633 1739 743 1786 omnes,
762 1741 877 1794 qnorum
895 1741 1007 1795 magnus
1030 1725 1082 1776 fuit
1102 1737 1248 1784 numerus,
1269 1717 1311 1786 qui
1344 1762 1345 1796 y

262 1801 438 1872 Genealogias
451 1799 581 1864 deorum,
600 1799 833 1865 Titanomachias,
846 1800 1101 1871 Gigantomacbias,
1119 1798 1311 1871 Argonautica,
1344 1803 1345 1836 t

261 1883 417 1946 Thebaica,
443 1879 605 1945 Heracleas,
630 1893 656 1931 et
686 1881 724 1931 sic
754 1899 858 1951 porro,
885 1894 942 1932 tum
965 1882 993 1932 iu
1022 1881 1102 1932 rebus
1131 1879 1241 1940 Iliacis,
1269 1876 1311 1945 qui
1344 1933 1345 1950 Ξ

263 1961 366 2016 Nimius
376 1963 555 2030 scripserunt,
567 1959 615 2010 tali
625 1958 714 2012 indice
724 1961 873 2012 enumerati
886 1961 1002 2012 fuerunt.
1015 1959 1158 2010 Arctlnum
1167 1954 1311 2018 Milesium,

261 2038 421 2104 Eumelum,
436 2036 549 2088 Lescben
562 2050 588 2088 et
602 2037 699 2108 Cypria
713 2039 832 2090 camina
845 2057 877 2091 eo
890 2038 1085 2109 comprehensa
1096 2040 1180 2090 fuisse
1192 2037 1310 2106 plerique

264 2121 390 2180 tradunt;
416 2116 630 2181 Antimachum,
651 2117 844 2185 Stesichorum,
872 2119 939 2172 alios
960 2121 1079 2170 inserunt
1101 2118 1165 2182 alii,
1188 2117 1241 2169 lide
1261 2134 1311 2166 non

262 2206 326 2256 satis
349 2200 495 2272 explorata.
517 2197 649 2249 Videntur
669 2217 752 2268 porro
771 2199 851 2270 plura
872 2201 901 2250 in
919 2198 971 2252 hac
994 2201 1140 2270 quaestione
1162 2197 1309 2250 confundi:

261 2284 337 2336 Alius
350 2293 390 2332 est
403 2277 497 2350 Cyclus
508 2277 658 2348 mytlticus,
677 2278 704 2329 h.
718 2298 741 2330 e.
755 2279 910 2332 tabularum
922 2280 1075 2350 complexus
1088 2277 1151 2332 inde
1165 2297 1182 2330 a
1191 2276 1311 2349 genealo-
1345 2286 1346 2332 ἒ

260 2361 310 2436 giis
323 2361 436 2413 deorum
449 2358 483 2410 ad
495 2359 581 2427 Trojae
594 2376 679 2429 usque
692 2358 825 2410 excidium
845 2356 993 2421 deductus;
1015 2359 1083 2410 alius
1105 2355 1199 2427 Cyclus
1221 2356 1310 2426 Troja-
1345 2383 1346 2399 t

262 2460 329 2506 uus,
342 2441 369 2492 h.
384 2461 406 2492 e.
426 2438 583 2490 fabularum
595 2438 630 2489 ad
648 2437 750 2490 bellum
768 2439 917 2506 Trojanum
934 2439 1120 2509 spectantium.
1141 2437 1203 2487 lam
1223 2435 1255 2484 ab
1275 2433 1309 2484 his
1345 2451 1346 2504 l

261 2519 341 2593 cyclis
362 2519 448 2571 dictos
464 2518 579 2570 arbitror
603 2530 694 2590 poetas
716 2516 827 2589 cyclicas
853 2532 880 2571 et
906 2519 1026 2570 camina
1051 2515 1174 2590 cyclica,
1200 2533 1308 2585 quorum

263 2613 420 2674 argumenta
432 2603 503 2651 intra
516 2599 674 2651 alterutrum
687 2598 839 2671 mythorum
860 2598 1030 2670 complexum
1045 2612 1072 2652 et
1084 2599 1179 2650 orbam
1196 2597 1310 2648 contine·

261 2696 373 2737 rentur:
396 2701 450 2733 non
473 2699 536 2733 vero
560 2694 590 2732 ut
615 2684 667 2752 ipsi
686 2681 789 2753 cyclum
807 2681 924 2751 aliquam
943 2681 1143 2732 constituerent.
1162 2678 1202 2728 Ex
1224 2677 1308 2747 priore

259 2781 357 2837 genere
373 2764 448 2818 fuere
468 2760 647 2834 Theogonis,
667 2761 872 2834 Cosmogoniae,
896 2759 1124 2823 Titanomachiae,
1147 2757 1236 2829 qualis
1263 2755 1308 2806 fuit

260 2861 308 2898 seu
319 2843 423 2896 Eumeli
434 2843 566 2896 Corinthii
578 2843 628 2894 sub
641 2843 833 2914 olympiadum
856 2843 951 2905 initia,
973 2859 1020 2894 seu
1038 2842 1159 2903 Arctini,
1181 2835 1307 2890 Corinthii

260 2923 332 2993 (non
351 2922 480 2994 Milesii),
499 2921 741 2995 Gigantomachiae,
762 2927 870 2990 soporis,
893 2918 993 2982 Δαναῒς,
1015 2921 1107 2985 Eoeae,
1126 2918 1306 2989 Naupactica,

256 3002 399 3094 Ἦρῦκλιίιι,
419 3002 620 3073 Argonautica,
632 2999 724 3059 Θηβαΐς
738 2997 842 3071 (mutui
863 2999 947 3072 dicta)
961 2995 995 3051 rii
1008 2999 1051 3050 iren
1063 2994 1097 3050 rei
1108 2996 1138 3052 sir
1156 2995 1197 3050 eir
1214 2992 1306 3059 πόλεμον

260 3083 305 3134 'rsit
322 3075 465 3145 ’Eutychum
493 3077 661 3144 Ἀλκμαιωνὶς,
685 3075 794 3140 Miraris,
820 3071 942 3145 Alpium,
962 3077 1082 3142 Οἰχαλίας
1109 3075 1212 3140 ἔλασις,
1232 3071 1307 3126 Illius

258 3157 350 3227 γέμος,
360 3153 517 3226 Ἀμαξοιιιιιὲ,
530 3157 632 3218 oronim
647 3177 678 3210 cx
696 3159 780 3210 altero
794 3171 884 3211 autem
895 3159 1035 3223 Arctinus,
1047 3157 1176 3222 Lesches,
1194 3155 1306 3208 Stasinus

258 3231 379 3313 Cyprius.
404 3238 537 3290 Confusus
560 3257 620 3289 cum
644 3238 686 3290 his
708 3239 787 3311 cyclis
811 3237 900 3310 cyclus
917 3241 1026 3310 apicus,
1048 3256 1128 3310 quem
1144 3235 1307 3310 grammatici

258 3319 449 3383 Alexandrini,
467 3317 637 3370 Aristarchus
656 3332 682 3370 et
694 3318 888 3390 Aristophanes
901 3319 1078 3391 Byzantinus,
1097 3318 1306 3377 constituerant,

259 3400 358 3453 dilectu
377 3402 446 3450 inter
462 3411 556 3469 poetas
573 3401 664 3470 epicos
680 3411 783 3450 veteres
801 3401 887 3465 facto,
907 3413 934 3452 ct
952 3398 1121 3470 principibus
1140 3409 1269 3466 tanquam
1282 3395 1307 3444 in

257 3498 390 3534 canonem
401 3493 427 3531 et
439 3481 467 3530 in
479 3497 590 3531 censum
603 3478 710 3539 relatis;
720 3481 795 3532 fuere
806 3481 845 3533 illi
857 3469 1005 3546 Homerus,
1015 3479 1162 3544 Hesiodus,
1173 3476 1305 3538 Pisandes,

258 3561 399 3634 Panyasis,
412 3560 587 3613 Antimachus
596 3558 632 3629 (v.
644 3561 772 3626 Quinctil.
785 3563 823 3626 X,
837 3579 858 3627 r,
873 3561 903 3616 51
917 3581 976 3633 sqq.
990 3561 1099 3613 Proclus
1112 3555 1304 3611 Chrestomath.

258 3653 284 3692 et
296 3638 359 3691 hinc
371 3641 464 3692 Tzetza
475 3639 580 3709 Proleg.
594 3641 621 3688 in
634 3639 743 3690 Hesiod.
756 3653 782 3692 et
803 3645 831 3693 in
852 3641 997 3714 Lycophr.)
1014 3640 1184 3693 Translatum
1203 3649 1244 3689 est
1259 3636 1306 3686 hoc

256 3739 356 3774 nomen
369 3721 436 3791 cycli
452 3721 522 3788 epici
539 3721 619 3770 etiam
632 3718 666 3770 ad
678 3719 724 3772 illa
741 3721 795 3772 duo
812 3721 974 3793 cyclicorum
992 3741 1107 3795 genera,
1120 3731 1256 3790 quatenus
1268 3732 1305 3766 res

258 3801 379 3870 Trojanae
393 3811 419 3850 et
435 3796 518 3869 ruythi
530 3797 690 3850 hexametris
712 3816 787 3854 erant
800 3805 921 3874 expositi.
943 3804 1070 3856 Tractum
1090 3798 1239 3870 aliquando
1259 3814 1307 3847 no-

229 3875 231 3884 *
258 3897 319 3931 men
339 3878 373 3930 ad
389 3877 443 3927 duo
458 3879 605 3927 carminum
625 3897 739 3949 genera,
753 3883 849 3952 quibus
867 3893 996 3954 tanquam
1015 3893 1080 3933 nota
1100 3879 1193 3948 aliqua
1205 3895 1239 3928 eo
1251 3877 1305 3946 ipso

257 3960 424 4010 inureretur:
437 3955 565 4019 alterum,
578 3958 681 4025 quoties
693 3974 779 4030 poetae
789 3965 817 4013 in
829 3975 987 4035 argumento
994 3964 1049 4032 jam
1061 3960 1095 4013 ab
1110 3959 1168 4011 aliis
1182 3968 1303 4016 tractato,

255 4041 285 4090 iu
299 4037 378 4090 rebus
391 4037 460 4087 notis
481 4055 512 4088 ac
531 4038 612 4104 tritis,
638 4039 708 4092 circa
729 4039 808 4095 vilem
829 4041 1009 4114 patulumque
1028 4052 1199 4095 morarentur
1221 4035 1303 4088 orbem
