2656 4592
246 253 308 338 540
492 257 527 324 r.
550 258 782 326 vmomu
804 241 1040 331 ultoris

245 377 320 458 His,
335 401 501 468 gemiane,
514 384 608 450 malis
620 408 749 466 oneras,
763 403 862 476 atque
875 388 990 478 objicis
1002 388 1108 454 hosti.

244 487 321 550 Non
332 486 424 552 licuit
435 488 568 554 thalami
580 508 748 579 expertem
760 492 830 556 sine
842 493 981 558 crimine
992 495 1102 558 vitam
1249 503 1281 550 ⁵⁵⁶

245 593 388 680 Degere,
402 616 493 659 more
506 594 598 676 ieme,
612 598 685 662 talis
697 619 759 662 uec
768 614 902 686 tongere
914 604 1029 664 curas!

244 699 319 763 Non
331 716 457 764 servate
468 699 565 781 fides,
579 703 682 768 cineri
693 704 853 791 promissa
864 702 1019 794 Sychaeo!

244 805 369 870 Tantos
382 806 436 870 ille
448 829 509 872 suo
521 808 695 896 rumpebat
706 825 841 897 pectore
853 826 1001 899 questus.

288 913 405 976 AEneas
417 910 503 978 celsa
515 913 548 977 in
560 915 681 1002 puppi,
690 913 760 1003 jam
772 930 880 979 certus
893 915 1011 995 eundi,

244 1093 276 1124 sc.
287 1093 324 1133 es,
335 1081 474 1126 sententiam
483 1080 569 1127 finiret.
578 1107 609 1118 ·-
621 1082 674 1143 549.
690 1082 765 1148 objicit
779 1084 834 1146 lleg.
847 1110 878 1120 -
890 1084 942 1130 550.
955 1093 1079 1148 expertam
1088 1084 1185 1147 aliquot
1199 1084 1252 1130 Pier.
1265 1095 1282 1128 et

244 1147 337 1204 Burm,
348 1149 449 1196 sollenni
459 1167 545 1198 errore.
557 1177 589 1188 -
598 1152 651 1199 551.
663 1148 716 1216 fere
727 1156 752 1199 in
761 1154 855 1210 multis;
870 1169 963 1202 sensum
975 1153 1134 1216 probabilem
1148 1155 1204 1200 inde
1216 1153 1282 1199 elicere

244 1219 323 1265 studet
338 1221 498 1277 Burmannus3
514 1222 577 1268 idem
586 1227 649 1286 conj.
665 1241 725 1271 more
734 1241 790 1272 nuo.
803 1213 913 1272 'Waddet
926 1225 991 1288 apud
1007 1225 1083 1272 eund.
1099 1241 1165 1272 more
1174 1226 1238 1289 fem
1252 1221 1283 1268 ted

244 1291 321 1334 omnia
334 1289 426 1336 frustra.
436 1308 458 1336 v.
469 1293 521 1338 Not.
534 1293 642 1355 Agnoscit
651 1311 677 1340 uc
690 1307 769 1342 tuetur
778 1295 902 1343 lectionem
914 1295 1032 1343 librorum
1041 1295 1163 1354 Quinctil.
1174 1297 1216 1351 tx,
1225 1311 1247 1348 π,
1255 1291 1283 1346 fii

244 1361 294 1406 lloc
306 1360 367 1407 illud
379 1373 425 1419 est,
437 1364 502 1426 quod
514 1366 582 1412 toties
595 1368 620 1411 in
631 1383 657 1412 re
672 1369 752 1412 critica
766 1367 836 1414 bilem
848 1380 939 1424 movet,
951 1384 1006 1413 cum
1023 1383 1114 1429 magno
1127 1379 1216 1413 conatu
1227 1363 1283 1411 multa

243 1442 339 1476 movent
349 1433 393 1477 viri
406 1431 481 1490 docti,
493 1447 520 1481 ut
531 1435 574 1481 sub
586 1436 656 1482 finem
666 1437 838 1498 subjiciendum
849 1440 892 1484 sit:
902 1438 943 1483 sed
951 1453 1010 1484 sona
1019 1436 1125 1500 uulqotu.
1142 1439 1169 1483 si
1181 1449 1220 1482 tuo
1229 1436 1284 1496 ipsius

242 1501 335 1564 judicio
344 1519 398 1550 sana
411 1517 472 1562 erat,
484 1524 527 1554 cur
536 1523 634 1570 operose
646 1509 769 1555 tentabas?
774 1509 835 1572 ferre
846 1511 974 1573 Aproniani
986 1508 1119 1556 lectionem
1137 1525 1189 1556 esee
1198 1507 1286 1553 ohsemt

245 1573 359 1634 Pompou.
372 1575 424 1620 sih.
443 1592 488 1624 nott
501 1575 557 1624 tales
573 1578 632 1624 alter
646 1577 744 1626 Mentel.
756 1604 788 1614 -
799 1580 851 1625 552.
868 1581 922 1626 Non
932 1582 1004 1625 ceteri
1013 1595 1034 1624 s.
1045 1580 1111 1640 fides
1124 1582 1193 1625 Serv.
1209 1593 1253 1640 sup·
1264 1573 1286 1619 ti

244 1659 267 1688 v.
280 1642 316 1687 52.
330 1643 412 1691 Sr'chtei
425 1647 511 1694 Medic.
524 1648 638 1708 (linotet,
651 1651 716 1713 quod
732 1651 845 1712 Pompon.
857 1650 909 1696 Sub.
922 1649 1008 1696 babet:
1026 1651 1063 1695 Sic
1075 1649 1130 1714 deqit
1142 1646 1286 1712 Apmntuusl

246 1729 301 1768 eum
315 1713 367 1763 aliie
383 1719 444 1763 Pier.
456 1720 536 1767 licius.
549 1733 572 1767 et
581 1737 629 1768 uno
637 1725 763 1768 Burmann.
775 1722 822 1768 Sed
833 1720 926 1780 Syrium
938 1733 972 1768 est
984 1737 1029 1784 pro
1039 1721 1160 1781 Sychem,
1171 1735 1226 1767 noto
1236 1734 1287 1764 more

244 1797 379 1846 poetarum,
389 1792 533 1852 primitivum
545 1809 588 1856 pro
597 1794 715 1840 deducto:
731 1807 757 1839 ut
770 1791 866 1839 Romulo
878 1791 960 1848 tellus‚·
972 1806 997 1839 et
1008 1794 1075 1857 apud
1086 1795 1201 1856 Tragicos
1212 1794 1288 1837 Graetot

245 1855 345 1902 infinita.
360 1861 397 1904 Sic
410 1858 498 1908 lau'cem
509 1863 603 1922 Lyaeum
612 1866 635 1920 1,
644 1865 690 1911 686
699 1865 814 1919 vidimus3
825 1866 858 1910 sie
867 1865 974 1908 laenoeum
984 1861 1094 1910 mmmm
1105 1879 1161 1926 sup.
1172 1881 1194 1910 v.
1207 1877 1254 1924 ²⁰7·
1262 1862 1289 1905 lle

246 1929 359 1990 scriptura
371 1930 465 1990 Sychoeo
476 1951 498 1980 v.
508 1951 560 1998 sup.
571 1936 601 1982 ad
610 1938 633 1992 1,
645 1934 698 1992 343.
710 1961 742 1972 -
753 1935 805 1982 553.
811 1935 928 1999 firndebat
935 1951 972 1998 pr.
982 1935 1067 1980 Hamis.
1079 1952 1125 1996 pro
1134 1952 1186 1981 var.
1198 1935 1249 1981 lect.
1257 1969 1263 1988 ‚
1272 1943 1290 1977 at

244 2008 309 2044 recte
319 2000 438 2063 rumpebat
454 2016 479 2050 ut
494 2021 546 2069 sup.
559 2007 593 2063 11,
602 2005 661 2069 429,
673 2007 697 2052 h.
709 2023 730 2052 e.
743 2006 877 2061 emittebam
893 2007 989 2069 proprie
999 2021 1053 2050 cum
1064 2007 1089 2051 vi
1101 2018 1126 2050 et
1136 2007 1235 2068 impetu.
1247 2006 1292 2048 Post

244 2065 308 2113 liuns
319 2086 412 2117 versum
423 2075 449 2118 in
460 2076 555 2123 Vratiel.
567 2077 703 2141 legebatur:
718 2077 838 2142 Thuraque
850 2093 983 2141 moquorum
994 2075 1059 2141 lonqe
1071 2077 1113 2123 dot
1118 2080 1191 2140 jusso
1201 2077 1290 2122 deamat

244 2137 306 2184 Huic
316 2154 340 2184 se
344 2140 424 2204 forem
433 2146 476 2190 viri
486 2163 507 2190 υ.
520 2148 585 2195 idem
596 2165 675 2196 versus
688 2151 789 2196 insertus
799 2159 832 2195 eet
841 2147 911 2193 Goth.
923 2163 984 2205 seo,
996 2149 1039 2195 sed
1048 2160 1103 2210 post
1114 2166 1138 2195 v.
1152 2148 1196 2210 557
1212 2160 1291 2193 rursus-

245 2223 290 2272 que
301 2212 333 2256 ita
348 2216 396 2259 visa
407 2231 496 2263 neuere
507 2228 555 2265 est:
567 2221 676 2284 Duraque
686 2237 716 2266 m.
726 2246 757 2258 -
769 2219 821 2278 554.
831 2220 915 2266 AEneas
922 2223 974 2284 jam
987 2235 1007 2266 c.
1025 2223 1049 2265 in
1062 2237 1089 2283 p.
1105 2236 1126 2265 c.
1147 2235 1169 2266 e.
1189 2218 1258 2265 walt.

246 2351 430 2424 solemma,
445 2378 563 2431 osoror,
576 2379 698 2437 permota
706 2365 747 2418 le·
793 2384 870 2438 gere,
884 2366 996 2430 sentire,
1013 2363 1080 2417 tales
1089 2382 1183 2430 cums
1196 2365 1291 2416 d⁰¹⁰¹⁸⁸
1312 2361 1313 2374 ἢ

246 2433 335 2486 erimis
354 2440 418 2491 meis
439 2439 568 2517 (v.‘sup.
583 2465 608 2498 v.
622 2449 657 2500 30
673 2447 697 2517 )‚
716 2459 747 2498 tu
795 2446 888 2497 animi!
902 2445 1009 2498 -552
1032 2445 1097 2496 Non
1121 2456 1226 2497 seruata
1247 2457 1290 2508 esti

246 2513 335 2581 prima
346 2535 388 2570 me
397 2520 425 2570 in
435 2520 491 2574 haec
503 2525 575 2577 male
583 2528 711 2597 impulisti
721 2538 748 2579 et
795 2542 849 2575 non
860 2541 966 2576 servare
978 2523 1056 2575 licuit
1065 2523 1150 2575 fidem
1160 2537 1212 2576 etc.
1222 2523 1292 2575 cineri

246 2591 335 2644 AEnete
353 2597 487 2666 objecisti,
503 2603 606 2658 homini
619 2610 647 2658 in
659 2626 747 2661 meum
795 2603 939 2675 Sycdaevh·
950 2623 972 2656 θ·
987 2603 1121 2676 5]οὴΞὶθὶ
1133 2617 1166 2655 ὓῑ
1177 2605 1291 2656 Datim

247 2673 356 2726 exitium
367 2678 449 2731 lacto.
461 2711 497 2721 -—
507 2685 566 2736 551.
584 2706 655 2738 more
660 2689 746 2759 ferte,
796 2703 877 2735 arma·
888 2684 943 2736 Vid-
953 2686 1016 2736 Vas·
1029 2685 1104 2736 iffi·

249 2760 278 2800 at
298 2768 378 2822 quem
390 2775 502 2826 parvum
520 2761 587 2832 hoc,
607 2777 637 2816 ut
653 2767 747 2820 saltem
831 2764 883 2832 554
895 2783 954 2836 flqq·
973 2766 1036 2816 N0¹¹
1049 2777 1106 2817 Μ
1120 2765 1234 2818 H⁰¹¹¹⁸fi
1247 2765 1290 2815 imi

246 2828 334 2881 ferino
356 2853 430 2888 more
447 2839 578 2894 seclusam
594 2863 610 2896 a
627 2846 748 2915 jucunda
796 2845 910 2911 tatione,
921 2845 995 2915 apud
1002 2863 1093 2916 quem,
1103 2845 1290 2917 rhapsodorum

246 2909 382 2964 societatis
398 2918 600 2988 conjunctione,
622 2924 708 2978 solem
722 2940 748 2978 et
796 2926 865 2976 lorte
878 2923 982 2989 studio,
997 2925 1039 2977 bis
1050 2925 1143 2977 aJove
1156 2925 1290 2978 Mercurius

245 2983 384 3045 homiuum
392 2995 514 3070 adeoque
520 3015 546 3052 et
552 3003 670 3056 virorum
679 3023 749 3056 com·
791 3002 923 3064 ¹uumduta
933 3005 1047 3074 aecipite
1057 3016 1089 3054 ¹¹¹
1100 3003 1221 3076 (ῙἎῙῩΡ50
1232 3003 1291 3073 Uli*

246 3072 346 3126 mercia
352 3076 512 3147 fugientem,
520 3084 608 3136 vivere
615 3085 745 3138 licuisset!
796 3102 851 3136 sem
862 3081 995 3136 dimittere
1004 3085 1162 3154 juberetun
1173 3104 1225 3137 ¹¹⁸⁰
1234 3081 1292 3135 ‘ild‘

246 3146 320 3202 Nihil
331 3155 445 3226 amplius
454 3160 482 3210 in
492 3165 649 3215 sententiam
657 3176 697 3216 est
709 3183 749 3216 as·
796 3179 905 3227 caussa,
922 3175 952 3214 ut
971 3163 1087 3214 invitum
1105 3163 1249 3216 discedere
1262 3162 1293 3212 de

248 3234 420 3305 sumendum,
445 3257 525 3310 quem
547 3243 693 3296 abhorrens
713 3245 747 3298 ab
796 3242 1169 3315 neemsigniiiceret‚denuo
1180 3241 1295 3296 Mercurii

246 3307 404 3368 humaniore
417 3337 477 3371 cum
489 3321 547 3374 aliis
556 3325 748 3379 consuetudine
796 3325 918 3376 nuntium
930 3323 1068 3376 induxisse
1088 3323 1200 3376 videtur
1210 3335 1294 3394 poeta,

249 3411 281 3445 ac
305 3401 439 3450 consortio
461 3413 565 3455 notura.
587 3405 693 3458 Servius
714 3406 748 3460 ed
798 3424 877 3476 quam
887 3416 917 3454 ut
927 3422 959 3455 ex
967 3406 1100 3475 propiore
1111 3404 1167 3456 hac
1179 3412 1296 3457 caussae!

247 3473 348 3544 Lynces
365 3479 514 3551 referebat,
532 3496 558 3536 et
577 3503 609 3536 ex
621 3485 699 3536 Plinii
715 3487 747 3538 H.
796 3503 867 3538 novo
875 3483 927 3536 hac
936 3483 1062 3540 Numinis
1070 3488 1240 3553 monitione,
1252 3487 1296 3553 ipse

248 3550 284 3602 N.
303 3552 391 3608 locum
412 3557 560 3614 laudabat:
575 3564 676 3636 Lyncus
691 3575 750 3636 post
797 3565 929 3616 discessus
942 3562 1064 3634 aliquam
1077 3565 1241 3636 dignitatem
1250 3580 1297 3613 mo-

248 3631 353 3686 amissas
367 3639 488 3710 conjuqes
508 3641 568 3694 aliis
589 3663 642 3696 uon
654 3645 746 3717 jrtnqi.
796 3655 968 3712 mentumque
982 3661 1014 3695 ac
1025 3643 1214 3697 diversitatem
1228 3664 1244 3696 e
1255 3640 1298 3692 vul·

248 3710 375 3778 Quinctil.
390 3715 407 3766 l.
421 3735 444 3768 c.
457 3718 507 3784 tx,
521 3739 553 3786 π,
565 3723 600 3788 64
612 3722 645 3775 de
658 3727 749 3776 matri·
796 3724 854 3796 geri
862 3739 970 3793 quoque
978 3723 1103 3776 discessu
1112 3723 1237 3777 haberet.
1246 3720 1299 3771 Vul-

248 3793 340 3843 monio
344 3795 417 3862 justo
430 3814 584 3869 acceperat,
597 3823 613 3854 a
621 3820 674 3874 quo
685 3803 748 3857 alie-
798 3803 868 3876 garis
880 3803 1001 3853 narratio
1014 3804 1054 3855 ita
1066 3803 1236 3858 instituenda
1249 3802 1300 3852 fuis.

247 3887 288 3921 12ae
304 3885 367 3923 sunt
382 3873 455 3927 [ει-ω,
473 3895 521 3929 nec
533 3890 654 3952 tanqam,
672 3885 749 3938 attin.
798 3896 851 3936 set:
863 3882 897 3934 Et
905 3883 961 3951 jam
974 3882 1066 3938 AEneae
1075 3885 1170 3940 classis
1178 3885 1245 3938 satis
1253 3889 1298 3934 ertt
