2742 4586
252 251 313 332 184
421 255 423 262 ’
568 243 831 310 EXCURSUS
854 242 949 306 VIIl

249 385 306 424 tnta
324 382 392 422 esset
407 368 499 420 domus
516 368 549 419 ab
568 367 727 419 Achivorum
748 369 866 436 injuriis3
882 367 911 418 id
925 366 997 438 quod
1015 367 1114 418 factum
1126 367 1154 418 in
1167 370 1287 440 gratiam
1364 383 1365 414 t

250 448 358 519 hospitii
372 449 475 518 pristini
488 467 530 518 ap.
548 448 675 515 Quintum
687 449 762 514 XIII,
782 447 832 515 293
853 455 909 516 sqq'.
935 447 1061 498 Putabam
1077 447 1235 500 Strabonem
1255 449 1285 500 id

250 549 282 582 ex
297 549 329 581 ea
345 529 437 580 fabula
453 530 568 599 petiisse.
584 527 672 578 Verba
687 539 762 591 sunt,
780 529 894 590 Σοφοκλῆς
909 525 963 590 γοῦν
976 527 997 577 ἐν
1014 527 1045 594 rii
1062 525 1145 578 οἱλοίσοο
1159 529 1200 578 roi
1213 527 1285 577 Ἰλίου

250 603 384 676 παρδαλίων
407 605 461 672 enci
484 603 526 674 πρίν
548 605 588 661 rit
613 603 687 673 θύρας
718 607 760 656 νοῦ
785 602 908 672 Ἀντήνορος
936 605 1076 672 eporediam
1103 603 1216 672 σύμβολον
1241 599 1287 656 ‘rod

250 685 386 754 ἀπόρθητον
407 686 506 738 istite.
526 683 564 737 cir
582 684 660 736 οἰκίαν.
675 686 814 735 Enimvero
835 703 938 736 versum
957 703 987 736 ex
1008 685 1087 753 Aiace
1098 686 1220 737 locrensi
1239 705 1285 736 re·

251 769 314 819 citat
332 766 418 818 Schol.
433 765 566 836 Aristoph.
581 763 615 815 atl
628 765 695 815 Aves
710 765 760 833 934
773 795 807 802 -
818 765 972 816 serenares
984 759 1046 818 κονίς
1064 761 1151 820 σπολὰς
1161 763 1284 825 Λίβυσσαι,

251 843 424 913 παρδαλλφόρον
438 841 513 911 Alpa.
531 843 631 894 alludit
643 845 713 894 enim
726 843 760 894 ad
776 864 807 896 ea
819 845 900 895 verba
909 843 1039 895 Comicus.
1051 846 1164 895 Versum
1177 863 1286 914 quoque

250 937 379 976 memorat
402 923 495 976 suidas
508 943 538 976 ex
559 923 682 988 Scholio,
700 937 726 974 et
746 924 836 975 Pollux
852 925 913 988 VII,
932 942 973 993 7⁰·
996 925 1093 975 Iterum
1112 924 1144 976 de
1166 943 1198 976 eo
1211 925 1287 993 frag·
1364 961 1365 978 2

250 1017 340 1055 mento
363 1006 460 1054 mentio
476 1003 520 1055 fiet
541 1005 589 1054 inf.
614 1003 674 1060 Ere.
695 1005 714 1054 1.
735 1004 769 1054 ad
789 1003 835 1054 lib.
857 1006 880 1054 11
903 1003 936 1055 de
956 1002 1023 1054 Ἰλίου
1047 1001 1123 1070 oripo
1144 1001 1285 1074 Sophoclis
1364 1005 1365 1008 ’

251 1083 346 1134 fabula-
370 1084 438 1135 male
463 1083 525 1134 olim
553 1095 705 1134 memorata.
733 1083 854 1135 Menelao
877 1083 1002 1134 tribuitur
1031 1082 1152 1134 beneficii
1182 1082 1287 1151 accepti
1364 1109 1365 1138 ν

251 1165 380 1214 memoria
390 1163 533 1234 Tryphiod.
547 1163 606 1232 647.
619 1164 658 1214 De
676 1162 845 1216 Antenoridis
861 1163 1028 1234 Lysimachus
1041 1164 1062 1215 ίν
1073 1159 1168 1217 utnon
1181 1173 1285 1232 egeratt
1364 1153 1365 1230 4

256 1241 376 1294 adierant
395 1241 433 1292 illi
445 1239 570 1312 Libyam,
590 1253 616 1292 et
634 1241 752 1311 Cyrenen
769 1241 938 1292 insederant:
957 1259 1003 1292 seu
1021 1241 1169 1310 quodcum
1189 1241 1286 1291 Graecis
1364 1239 1365 1286 l

253 1321 354 1370 versari
375 1318 542 1383 nollent,·ut
557 1317 725 1388 Lysimachus
745 1317 909 1383 tradiderat,
926 1335 972 1369 seu
997 1316 1070 1386 quod
1089 1318 1240 1369 Menelaum
1260 1327 1287 1368 et
1364 1339 1365 1358 ο

253 1397 382 1448 Helenam
411 1399 531 1468 sequuti,
549 1400 709 1468 tempestatis
737 1400 762 1448 vi
784 1398 816 1449 de
837 1416 915 1449 cursu
938 1397 1033 1467 dejecti
1060 1400 1183 1449 fuerant:
1213 1395 1286 1466 quod

253 1477 380 1528 Pindarus
404 1491 528 1548 sequutus
548 1491 587 1529 est
608 1476 793 1549 Pyth.t,108
812 1495 866 1546 sq.,
886 1479 932 1528 ubi
952 1497 978 1527 v.
994 1477 1099 1529 Schol.:
1118 1477 1180 1528 add.
1197 1475 1283 1528 Schol
1364 1521 1365 1542 ,

252 1553 381 1625 Lycophr.
396 1557 466 1624 874,
482 1556 528 1606 ubi
546 1574 595 1625 pro
611 1552 660 1622 περὶ
674 1556 713 1607 atil
733 1551 811 1621 Κρνίννν
826 1569 851 1606 et
867 1556 890 1608 t't
905 1553 975 1622 Κρνίνρ
995 1554 1045 1625 leg.
1067 1552 1117 1621 mpl
1139 1551 1178 1606 rit
1192 1551 1286 1622 Rapitur
1364 1601 1365 1604 ,

253 1646 280 1684 et
294 1634 314 1686 iv
329 1633 420 1703 Κνροίννρ.
433 1627 500 1690 Nain
516 1637 543 1686 in
553 1635 603 1690 hac
615 1637 666 1688 fuit
677 1633 900 1688 Antenoridmm
910 1633 990 1686 collis.
1003 1635 1130 1686 Antenori
1141 1655 1156 1685 a
1167 1633 1287 1704 Tragicis

253 1714 348 1782 partes*
358 1715 467 1768 facundi
481 1717 549 1767 senis·
566 1715 651 1780 datae,
671 1728 701 1766 ut
715 1717 742 1766 in
753 1733 803 1766 vss.
819 1714 909 1784 Eurip.
928 1734 970 1784 ap.
989 1713 1084 1766 Athen.
1100 1716 1157 1778 XV,
1174 1733 1215 1784 pr.

289 1793 348 1842 Fuit
360 1805 448 1844 tamen
462 1813 493 1844 ex
509 1796 540 1844 iis
551 1796 704 1852 commentis
722 1809 802 1842 unum
819 1794 912 1844 ceteris
927 1793 1069 1857 illustrius,
1084 1811 1136 1862 quo
1157 1793 1286 1862 profugus

255 1887 286 1920 ex
308 1872 373 1923 urhe
393 1874 515 1942 captain
539 1873 642 1924 Italiam
664 1875 779 1924 Henetus
804 1871 908 1924 duxisse
930 1884 956 1924 et
979 1875 1113 1924 Patavium
1134 1871 1284 1922 condidisse

254 1961 375 2000 narratus
392 1963 438 2000 est.
455 1951 617 2002 Henetorum
633 1969 727 2030 nomen
739 1949 857 2021 (Ἑνετῶν)
871 1963 950 2022 poeta
967 1963 1095 2002 memorat
1108 1951 1160 2020 (ι),
1175 1947 1286 2018 Paphla·

221 2051 225 2068 ν
254 2031 338 2098 goniae
368 2031 487 2100 populi,
506 2033 580 2099 cujus
609 2033 682 2102 regio
712 2030 789 2082 mulis
817 2030 978 2081 silvestribus
1002 2029 1170 2088 abundabat;
1198 2047 1212 2078 e
1234 2043 1284 2096 quo

253 2107 426 2176 Pylaemenes,
448 2108 646 2180 Paphlagonum
668 2109 741 2174 dux,
759 2109 885 2160 oriundus
909 2122 974 2161 erat.
996 2111 1050 2159 Hos
1069 2109 1147 2180 igitur
1170 2109 1286 2159 Henetos

255 2185 414 2238 Antenorem
435 2190 485 2239 sibi
498 2189 636 2256 adjunctos
656 2191 683 2239 in
695 2189 798 2240 Italiam
816 2189 954 2241 adduxisse
968 2202 993 2242 et
1011 2191 1125 2240 Venetos
1142 2189 1181 2238 ibi
1200 2190 1227 2238 in
1244 2205 1287 2238 se-

256 2265 333 2316 dibus
346 2270 398 2318 suis
416 2268 560 2320 collocasse
577 2283 719 2322 narrarunt
737 2268 783 2340 (a).
806 2270 925 2320 Nominis
946 2269 1144 2321 similitudinem
1163 2269 1243 2318 etiam
1261 2269 1287 2316 in

255 2343 333 2413 hujus
357 2349 449 2417 populi
471 2351 570 2420 origine
594 2349 754 2401 ludificatam
771 2367 827 2401 esse
845 2361 966 2414 veteres,
989 2351 1016 2400 in
1037 2362 1128 2420 aperto
1148 2359 1207 2398 est:
1230 2364 1287 2397 cum
1364 2347 1365 2368 ¹

256 2423 353 2476 diversi
365 2439 451 2478 essent
469 2429 579 2497 populi,
599 2429 665 2480 alter
685 2429 761 2482 Sinus
776 2429 916 2492 Adriatici,
941 2427 1007 2478 alter
1021 2427 1097 2478 Asiae.
1113 2427 1166 2493 Qui
1189 2426 1286 2495 primus

256 2501 353 2552 fabula
366 2518 458 2556 auctor
469 2507 562 2570 fuerit,
575 2508 675 2562 incerta
690 2526 731 2558 res
744 2521 789 2560 est.
805 2507 898 2558 Strabo
909 2510 963 2577 jam
980 2525 1028 2558 sna
1042 2519 1118 2576 aetate,
1128 2508 1197 2570 inter
1210 2503 1285 2573 vulgo
1364 2507 1365 2514 ³

256 2595 363 2634 narrata
381 2581 429 2650 (cai
454 2582 629 2656 θρυλλονίμονοο)
647 2607 704 2640 eam
725 2591 806 2642 refert
821 2588 882 2654 (lib.
894 2589 954 2640 XIII
972 2606 999 2658 p.
1019 2587 1069 2658 905
1086 2589 1114 2636 B.
1138 2585 1203 2656 C.):
1221 2583 1288 2634 idem

256 2659 441 2711 Menandrium
461 2665 616 2732 scriptorem
635 2679 762 2720 memorat
779 2680 905 2736 tanquam
918 2679 1011 2718 testem
1031 2667 1156 2720 idoneum
1168 2663 1211 2733 (p.
1230 2663 1284 2716 830.

257 2735 288 2786 A.
311 2738 363 2808 Β.)
383 2739 567 2810 Antiquiorem
590 2748 772 2800 auctoritatem
792 2764 847 2798 non
870 2747 976 2797 memini
1002 2764 1081 2814 quam
1104 2743 1210 2813 Scymni
1232 2739 1286 2791 Chii

258 2817 374 2888 (Perieq.
390 2820 449 2872 388.
463 2823 514 2894 9.).
527 2822 583 2876 Nec
595 2838 683 2878 tamen
702 2829 755 2878 sive
773 2827 879 2878 induce
894 2825 1045 2890 Antenore,
1060 2825 1154 2875 sivein
1171 2821 1286 2892 populo,

258 2914 335 2964 quem
357 2900 481 2968 adduxit,
503 2923 551 2956 nec
572 2908 710 2972 incursu,
732 2916 810 2976 quern
833 2909 933 2971 tenuit,
958 2924 1048 2957 omnes
1068 2919 1241 2962 consensere;
1255 2905 1287 2950 'ut
1364 2967 1365 2970 4

255 2973 333 3027 facile
347 2992 490 3048 appareat,
504 3001 519 3033 a
531 2985 619 3036 multis
638 2987 723 3055 poetis
736 3004 767 3036 ac
779 2986 951 3056 scriptoribus
963 3005 1018 3036 rem
1030 2995 1139 3040 narratu
1153 2992 1287 3049 acceptam

255 3064 395 3109 tractatam
416 3060 505 3112 luisse.
525 3063 565 3114 lta
584 3067 671 3132 fuere,
694 3062 870 3134 qui‘chetos
890 3067 997 3136 aTroja
1015 3064 1143 3126 reduces,
1165 3063 1230 3132 fuga
1248 3059 1286 3110 di-

286 3231 318 3288 l¹l
338 3229 365 3292 i}
378 3230 477 3283 ‘truste
492 3237 558 3283 Iliad.
571 3237 602 3293 β,
619 3237 671 3285 852.
682 3241 744 3288 Male
793 3245 866 3300 cultu,
876 3241 1123 3289 atsermone'diversos
1134 3255 1182 3285 esse
1191 3238 1283 3292 dixerat,
1364 3247 1365 3272 ἑ

255 3301 384 3347 zenodotus
402 3305 524 3352 refinrerat
542 3306 569 3370 ἐξ
584 3304 678 3360 ‘Ertaia
695 3311 744 3357 vid.
793 3311 842 3375 mpl
859 3303 885 3360 οἷν
906 3305 925 3358 οἱ
940 3305 1134 3374 «οροιρροδὶορροίφοο
1150 3303 1223 3355 πολύν
1239 3324 1286 3356 ‘rut

255 3371 328 3416 Strah.
342 3373 406 3428 XIII>
418 3391 441 3435 P·
455 3375 536 3422 8300
548 3377 600 3437 819·
610 3378 636 3423 A·
793 3379 924 3429 πεποίηνται
939 3379 1004 3444 λόγον
1018 3378 1058 3425 καὶ
1071 3376 1155 3426 cottis
1170 3373 1283 3423 discidu—
1364 3363 1365 3412 l

285 3443 318 3500 (λ)
337 3443 364 3487 V.
380 3445 483 3506 inprimis
499 3448 572 3493 Strab.
588 3447 641 3505 XII,
659 3468 682 3513 p.
700 3451 745 3512 819
794 3467 833 3496 νοιν
845 3447 970 3514 ripuarias.
983 3454 1008 3496 in
1020 3447 1154 3517 quibusille
1166 3447 1283 3510 tragoedias
1364 3461 1365 3508 j

254 3511 280 3555 A·
293 3514 318 3555 Β·
331 3513 393 3569 XIII,
406 3532 429 3576 P·
440 3519 483 3576 9⁰5
494 3519 519 3561 B·
532 3520 558 3573 V,
570 3535 593 3579 p.
607 3519 745 3567 msam·
794 3521 916 3568 AntenorIs
935 3533 958 3567 et
979 3520 1173 3566 Antenoridarum
1194 3520 1283 3564 nomine
1364 3571 1365 3580 4

254 3583 315 3624 riora
326 3580 366 3626 ille
379 3583 407 3628 de
419 3585 562 3632 Venetorum
571 3591 659 3649 origine
672 3607 684 3634 a
697 3591 744 3636 Ve-
794 3594 916 3655 Inscriptas
933 3595 1048 3654 respicere
1062 3590 1188 3653 putandus.
1207 3592 1234 3634 ln
1249 3591 1285 3633 iis-
1364 3591 1365 3634 i

253 3653 313 3696 netIs
333 3652 423 3714 Belgica
442 3669 509 3715 gente
529 3657 634 3704 ducenda
655 3663 746 3705 monuit
793 3661 955 3708 demfabulas
978 3661 1128 3708 Phaethontis
1150 3671 1173 3705 et
1195 3659 1294 3704 En'danl

253 3719 295 3766 lib·
310 3724 348 3778 IV,
367 3742 390 3786 p.
405 3741 454 3788 297.
469 3727 490 3772 8.
508 3745 560 3782 cum
575 3731 704 3777 Herodotus
716 3749 743 3778 ex
791 3734 859 3778 variis
872 3733 947 3777 modis
962 3734 1075 3793 expositas
1090 3732 1161 3776 fuisse
1176 3732 1282 3792 suspicor.

254 3791 336 3854 Illyriis
350 3810 387 3840 eos
399 3809 461 3841 ortos
471 3813 518 3842 esse
529 3798 659 3845 tradidisset
668 3800 708 3844 lib.
720 3803 741 3857 t,
792 3803 874 3848 Nostra
889 3814 954 3847 aetate
966 3803 1067 3847 Henetos
1082 3815 1124 3846 seu
1134 3801 1237 3846 Venetos
1249 3816 1282 3844 ac.

258 3862 306 3920 196.
322 3863 429 3926 Polybius
445 3867 479 3920 ll,
495 3881 528 3926 17,
541 3866 582 3909 uhi
594 3866 623 3912 de
635 3870 743 3926 Venetis,
792 3874 880 3917 censeri
894 3874 1001 3917 Sarmatis
1010 3872 1123 3927 vidimus,
1140 3872 1169 3918 ab
1180 3871 1232 3918 aliis
1242 3883 1281 3933 auu

253 3944 312 3994 quos
323 3931 362 3980 ille
377 3933 448 3980 Gallis
465 3933 593 4003 simillimos
606 3939 708 3988 moribus
720 3952 743 3989 et
792 3953 839 3990 tem
848 3941 941 3990 slavica
949 3944 1026 4004 stirpis
1035 3941 1122 3994 haberi.
