2718 4598
321 303 555 370 AENEIDOS
579 305 731 369 LIBER
754 305 822 369 ll.¹

44 395 155 510 Quum
168 429 257 492 ferro
270 425 413 494 adcisam
425 427 614 516 crebrisque
625 427 825 517 bipennibus
837 429 957 494 instant
974 507 977 516 Ι

44 535 171 598 Emere
184 533 335 622 agricolae
349 534 496 598 certatim
502 549 513 613 ’ς
527 534 580 596 illa
593 555 697 621 usque
710 535 866 614 minatur,

44 640 84 702 Et
95 641 289 705 tremefacta
301 663 429 704 comam
442 661 601 704 concusso
614 639 735 704 vertice
748 655 858 720 nutat3

44 745 245 810 Vulneribus
258 744 365 811 donec
376 745 546 833 paullatim
559 745 662 809 evicta
674 767 865 832 supremum

47 851 260 938 Congemuit,
274 853 437 939 traxitque
445 850 533 939 jugis
545 851 654 914 avolsa
666 851 804 914 ruinam.

48 955 238 1036 Descende,
252 979 289 1020 ac
302 945 443 1021 ducente
456 954 520 1024 deo
532 955 697 1020 flammam
709 957 795 1040 inter
807 973 839 1021 et
850 955 953 1023 hostis
1038 1017 1041 1022 .

48 1063 233 1152 Expedior3
246 1063 325 1128 dant
337 1064 402 1134 tela
417 1065 542 1144 locum,
556 1063 762 1152 flammaeque
774 1063 943 1129 recedunt.
956 1047 964 1054 i

90 1176 216 1260 Atque,
230 1171 287 1235 ubi
294 1171 364 1260 jam
375 1173 487 1260 patriae
500 1188 696 1260 perventum
707 1170 749 1235 ad
761 1173 873 1236 limine
886 1171 972 1238 sedis

51 1279 276 1366 Antiquusque
290 1274 421 1357 dom05,
435 1279 576 1365 genitor,
591 1301 691 1367 quem
703 1278 818 1342 tollere
831 1280 864 1340 in
877 1278 959 1344 altos
1045 1292 1089 1338 635
1155 1337 1156 1344 .

51 1382 214 1470 Optabam
229 1383 372 1471 primum
384 1385 520 1461 montiS,
534 1385 745 1471 primumque
757 1382 923 1472 petebam,

52 1487 200 1576 Abnegat
212 1490 316 1553 excisa
328 1490 428 1553 vitam
440 1487 624 1576 producere
637 1489 751 1577 Troja,

51 1595 275 1682 Exsiliumque
288 1596 365 1683 pati.
379 1597 447 1660 Vos
460 1619 494 1675 o,
509 1595 629 1688 quibus
642 1595 769 1683 integer
781 1599 841 1660 aevi

992 360 997 383 .
1022 309 1083 401 285

1042 760 1086 805 630

81 1755 133 1818 627.
141 1753 253 1802 abscisum
260 1756 310 1802 duo·
317 1757 393 1802 Burin.
402 1755 500 1801 abeisom
508 1755 599 1817 Menag.
613 1755 678 1801 alter.
691 1763 764 1800 actam
773 1769 816 1816 pro
826 1757 909 1800 instant
915 1753 993 1802 Codex
1002 1756 1090 1805 Thuan.

54 1841 89 1887 ap.
103 1827 208 1873 Macrob.
225 1829 246 1872 V
257 1831 304 1874 Sa't.
317 1838 342 1884 a,
352 1830 468 1873 memoriae
480 1827 553 1889 lapsu.
563 1852 595 1862 —
604 1827 657 1888 629.
675 1827 706 1872 Ut
720 1836 734 1871 t.
745 1826 816 1872 Wall.
828 1853 860 1862 —
871 1827 923 1874 630.
940 1844 1043 1891 supremo
1056 1848 1091 1893 pr.

53 1896 130 1940 llamb.
140 1921 172 1932 -
184 1895 237 1942 632.
254 1898 350 1943 Discedo
360 1914 396 1960 pr.
408 1898 489 1943 Hamb.
503 1899 567 1943 etita
577 1913 614 1959 ap.
625 1896 728 1952 Macrob.
741 1898 786 1953 111,
799 1898 821 1944 8.
834 1897 876 1943 deu
884 1897 924 1944 alii
934 1899 1003 1944 codd.
1027 1901 1090 1962 apud

52 1965 110 2010 Picr.
124 1967 205 2012 Heius.
224 1979 247 2012 et
258 1968 335 2012 Burin.
347 1969 426 2030 sicque
438 1968 486 2013 duo
496 1983 508 2013 c
520 1966 589 2012 Goth.
607 1967 744 2029 improbarit
753 1967 798 2012 hoc
805 1970 853 2030 jam
868 1969 971 2015 Macroh.
986 1969 1002 2014 l.
1013 1986 1033 2014 c.
1049 1973 1093 2016 etsi

54 2034 125 2080 aliena
135 2037 247 2083 admiscet
257 2039 286 2087 de
293 2039 386 2085 Venere
396 2039 438 2085 dea
448 2039 506 2086 etde
518 2039 562 2084 dco
573 2054 644 2083 mare.
651 2037 773 2083 abducente
780 2039 818 2085 vel
826 2039 1043 2101 adducentessdeovel
1052 2042 1096 2086 deu

55 2103 140 2166 aliquot
152 2106 217 2167 apud
227 2108 286 2152 Pier.
297 2120 321 2153 et
328 2109 406 2152 Burm.
418 2107 458 2154 hac
466 2109 487 2152 d.
495 2109 568 2168 Bigot.
579 2107 619 2152 deo
630 2108 655 2150 in
664 2107 748 2152 Medic.
760 2108 907 2152 emendatum
922 2125 949 2153 ex
961 2109 1014 2163 dea,
1027 2121 1049 2154 et
1060 2121 1094 2154 est

56 2187 107 2220 sanc
116 2175 157 2221 deo
170 2176 276 2222 doctius:
288 2195 309 2224 v.
320 2190 383 2234 not.;
395 2190 417 2224 at
426 2179 490 2224 idem
500 2193 557 2223 sono
569 2179 699 2238 ingratum:
715 2177 823 2221 descendo
838 2177 931 2221 ducente
944 2178 993 2222 deo.
1004 2179 1095 2224 Verum

54 2243 155 2288 ultimam
163 2257 241 2306 poetae
249 2261 343 2292 manum
356 2247 489 2310 flagitabant
500 2259 522 2292 et
531 2246 571 2291 illa
583 2248 608 2290 in
619 2246 681 2290 binis
692 2247 793 2292 versibus
800 2263 805 2291 :
810 2247 936 2306 flammam,
940 2247 1093 2310 flammaeque.

55 2315 143 2362 -633,
160 2320 265 2378 experior
277 2317 355 2364 Schol.
370 2321 447 2364 Horat.
465 2319 495 2364 ad
504 2320 578 2364 Carm.
594 2333 640 2362 sec.
658 2319 790 2379 Perperam.
799 2342 830 2352 -—
839 2317 892 2374 634.
903 2321 978 2380 Atque
990 2317 1029 2362 ubi
1042 2329 1096 2379 post

55 2385 152 2430 Pierium
165 2387 246 2431 Heius.
257 2403 269 2433 c
279 2387 421 2435 melioribus.
431 2381 510 2450 Vulgo
522 2388 567 2433 Ast
577 2386 622 2431 ubi.
639 2387 674 2431 Ac
689 2387 729 2431 ubi
737 2386 803 2431 Leid.
814 2411 846 2420 —
854 2385 907 2431 636.
917 2389 1001 2448 primos
1014 2390 1095 2432 neonus

56 2457 127 2516 Sprot.
137 2483 169 2492 -
178 2457 231 2520 637.
242 2463 328 2505 excissa
338 2460 418 2506 malint
428 2459 533 2506 Gucllius
546 2471 569 2504 et
582 2458 670 2514 Cerda,
685 2461 740 2520 quia
754 2457 865 2503 excidium
874 2458 929 2502 iude
941 2459 996 2503 duci
1005 2458 1094 2504 debuit.

57 2527 100 2572 Sed
109 2540 236 2592 utrumque
252 2529 344 2577 dicitur.
361 2550 383 2580 v.
399 2532 441 2584 iul.
459 2532 489 2578 ad
504 2531 548 2596 lv,
560 2529 614 2586 425.
629 2529 727 2576 abscissa
742 2529 799 2575 alter
817 2529 899 2590 Hamb.
914 2529 1035 2592 perducere
1048 2544 1093 2576 sec.

57 2597 137 2646 Moret.

62 2747 115 2798 ιι,
132 2736 259 2805 Ursinus,
272 2738 391 2790 Guellius
408 2751 434 2792 et
449 2738 550 2800 Cerda;

58 2811 103 2862 sed
115 2813 148 2864 ad
159 2816 277 2881 occisos,
289 2835 343 2867 non
356 2816 390 2868 ad
400 2817 472 2868 urbis
485 2819 555 2870 ercis

59 2891 142 2958 dium,
155 2897 291 2962 instituta,
300 2897 496 2967 verborumque
510 2914 554 2946 or-

59 2986 121 3025 natu
133 2993 195 3026 cum
204 2974 231 3025 h.
244 2976 261 3027 l.
278 2978 433 3048 neutiquam
446 2995 554 3052 compa·

60 3052 149 3104 rande.
162 3054 205 3105 Ab
217 3056 292 3107 initio
307 3055 395 3107 deficit
412 3055 566 3107 commoda·

60 3133 183 3183 transitus
199 3133 329 3186 formula:
342 3133 381 3184 Ac
394 3132 482 3184 veluti.
498 3151 552 3182 non

60 3211 127 3260 enim
135 3213 255 3281 sequitur
263 3213 401 3284 spodosis:
411 3211 552 3282 quaefacilc

61 3293 192 3359 expectari
214 3306 327 3362 poterat.
350 3293 427 3343 Nunc
450 3292 554 3362 explen-

62 3367 136 3422 dum:
150 3373 205 3423 visa
223 3375 300 3448 Troia
319 3373 397 3436 verti,
410 3374 507 3437 everti,
524 3389 555 3423 ac

62 3454 164 3504 ruinam
176 3454 294 3520 trahere,
310 3453 393 3505 veluti
408 3471 486 3505 ornus
503 3463 554 3502 tra-

62 3531 113 3595 xit,
125 3532 221 3597 trabit‚
235 3534 348 3584 ruinam.
362 3550 376 3583 e
392 3551 417 3580 v.
431 3532 490 3583 631.
504 3532 555 3582 Or-

62 3620 151 3660 natnm
162 3610 229 3662 illud
241 3609 398 3664 Vulneribus
405 3626 555 3682 supremum

63 3686 207 3757 ingemuit:
219 3702 245 3740 et
256 3690 384 3762 traxitque
389 3687 555 3760 jupisavulca

63 3766 185 3831 ruinam,
198 3767 258 3837 plus
272 3787 351 3838 quam
363 3769 455 3831 duxit,
467 3768 537 3839 fecit
544 3789 554 3828 ‚·

64 3857 89 3894 et
99 3844 154 3898 haec
170 3865 234 3917 pro,
250 3845 373 3900 evellitur
382 3849 460 3899 arbor
466 3885 475 3912 ,
495 3865 556 3919 pro-

66 3925 125 3974 ruit.

99 4003 158 4056 632.
168 4005 226 4060 633.
236 4008 366 4061 Descende
374 4007 407 4061 de
416 4027 476 4062 arce
482 4029 489 4072 ;
502 4025 557 4062 uon

600 2737 633 2790 de
645 2740 725 2800 turri3
738 2757 800 2790 narn
818 2737 870 2790 hoc
886 2740 941 2807 jam
957 2737 1059 2787 lactum
1070 2753 1098 2786 v:

601 2819 660 2887 570.
677 2819 735 2870 588.
753 2818 892 2887 expediar,
910 2814 1021 2886 expedio
1038 2834 1097 2880 me,

600 2896 714 2948 liberum
725 2899 776 2949 iter
786 2895 874 2948 habeo
893 2898 962 2946 inter
980 2894 1098 2944 hostium

602 2974 655 3026 tela
664 2988 689 3026 et
700 2974 817 3027 flammas
827 2995 832 3022 :
845 2985 874 3024 ut
884 2987 978 3024 contra
988 2971 1099 3041 impedi-

601 3072 677 3118 mur,
691 3056 811 3106 obstante
829 3053 915 3104 turba.
926 3053 1029 3122 vulgari
1041 3068 1099 3100 ser·

601 3152 679 3185 mone
687 3135 730 3185 υἰα
738 3136 796 3204 ipse
803 3131 935 3203 expediri,
948 3131 1099 3201 expeditum

603 3213 667 3275 iter,
691 3211 923 3264 dicitnr-ducente
944 3210 990 3260 deo
1007 3227 1038 3260 ex
1059 3228 1102 3279 gre

601 3290 615 3342 ι’
626 3288 693 3355 bric,
705 3308 773 3360 saepe
782 3290 909 3359 exquisite
919 3306 969 3357 pro
978 3285 1042 3351 dea,
1053 3299 1100 3337 ant

603 3369 663 3419 deus
676 3367 796 3419 absolute
811 3363 838 3418 cd
852 3365 1056 3426 iiior,-numcn;
1070 3378 1100 3416 ut

601 3451 669 3502 bene
689 3462 778 3501 monet
794 3447 931 3520 Verheyck
948 3447 982 3498 ad
998 3447 1098 3498 Anton.
1153 3459 1155 3465 '

602 3531 659 3581 Lib.
671 3549 693 3581 c.
706 3548 747 3598 29.
761 3526 889 3580 dant'tela
898 3525 1005 3587 flocum:
1019 3530 1100 3579 intac-

604 3622 645 3660 tus
660 3609 718 3660 telis
731 3621 757 3660 et
770 3610 824 3681 igni
838 3609 888 3658 iter
900 3608 972 3658 facit.
987 3608 1020 3658 cf.
1040 3610 1098 3659 AEn.

604 3690 652 3752 vl,
671 3704 802 3752 110,111.
957 3741 963 3746 ,-

639 3767 796 3834 638-660,
822 3764 953 3818 Exsilium
975 3767 1048 3836 pati,
1072 3779 1102 3816 ut

606 3847 698 3912 φυγεῖν,
720 3849 834 3918 graviter
855 3845 888 3896 de
912 3847 1000 3914 patria
1023 3845 1103 3896 relin-

607 3927 719 3996 quenda.
737 3929 823 3998 Negat
835 3944 863 3977 se
881 3943 937 3976 esse
954 3923 1103 3991 Troja-dis7

595 4005 749 4060 cessurum.
766 4006 864 4079 inteqer
875 4003 924 4057 cvi
935 4002 1039 4072 sanquis
1048 4039 1065 4065 ‚.
1073 4001 1099 4051 h.
