2742 4586
227 357 229 369 ,
264 286 323 354 1ee
587 279 849 348 excursus
872 283 946 348 vn

259 410 270 480 (
282 429 313 464 eo
325 411 384 462 loco
396 411 424 482 ),.
433 409 501 462 unde
509 424 558 482 per
565 424 610 459 ora
621 425 712 458 novem
719 415 787 458 vasto
797 423 856 456 eum
868 423 1000 456 munnere
1008 409 1102 460 montis
1109 409 1137 460 It
1146 427 1219 463 mere
1224 429 1291 482 pro·

258 501 376 561 ruptum,
384 500 411 542 et
418 487 514 561 pelaqo
521 488 617 559 premit
627 505 689 538 arva
700 485 810 538 sonanti.
821 486 937 538 Primum
947 503 1037 538 versus
1046 485 1083 552 hi,
1091 488 1155 540 licet
1163 489 1292 560 pulcher-

258 569 334 634 rimi,
346 587 406 620 cum
417 579 505 622 tanen
516 585 570 618 nen
579 577 659 638 poeta
668 564 724 616 hnc
736 577 836 625 narret,
850 565 893 616 cui
905 577 1027 617 ornatum
1041 569 1138 620 secturi
1152 568 1230 634 licet,
1243 589 1291 622 ve-

257 667 317 699 rum
333 666 365 700 en
375 649 484 702 Veneris
498 664 613 720 persona
622 647 683 698 lovi
697 645 870 716 supplicantis
888 649 1104 716 pronuntiemur,
1122 649 1212 701 alieno
1226 651 1289 701 loco

257 727 359 780 Timavi
370 727 576 798 dnsenptinnem
583 725 715 778 intrudere
727 724 811 777 videri
822 725 932 788 debean
946 726 1082 797 quodiam
1093 729 1207 780 Ursinus
1216 741 1290 781 recte
1359 781 1360 790 ,

257 805 338 871 vidit,
350 810 395 878 qui
404 807 482 859 sinedi
491 807 554 860 loco
562 806 671 858 Homeri
678 801 771 877 Odyss.
785 806 811 865 l,
825 805 875 874 708
893 823 1081 858 excusaremur
1090 807 1159 862 velle
1172 809 1289 862 videtur.

256 885 298 936 Fit
310 903 372 938 sene
384 888 492 940 omnino
511 887 563 940 hoe
582 887 795 958 verissimum
813 897 953 956 posterum
969 903 1042 938 more
1058 898 1086 938 et
1102 888 1241 958 cample,
1259 900 1289 938 nt

257 966 350 1030 etiam,
367 966 476 1036 quando
495 983 528 1020 ex
546 966 634 1018 aliena
648 982 767 1036 persone
782 966 867 1016 oratio
880 964 921 1032 St,
938 977 1047 1016 orentes
1057 964 1148 1018 idonei
1159 968 1289 1030 materia,

257 1059 311 1111 qua
323 1045 418 1102 veriori
428 1047 514 1098 oratio
523 1057 550 1097 et
561 1044 688 1098 delectari
704 1043 813 1116 legentis
832 1045 935 1096 enimus
952 1046 1049 1115 possit,
1065 1061 1121 1094 non
1139 1044 1290 1097 dimittatur

256 1123 390 1185 manibus;
404 1142 465 1176 eum
476 1124 657 1178 delectationis
670 1127 755 1193 mejor
766 1126 801 1175 sit
811 1126 879 1175 ratio
887 1122 1026 1188 habende,
1039 1139 1118 1194 quan
1124 1123 1221 1191 judicii
1234 1125 1290 1175 eni-

255 1219 360 1252 morum
371 1201 463 1255 sedetis
474 1206 562 1256 Potuit
573 1203 640 1256 adeo
650 1202 744 1255 lluvius
756 1203 814 1267 ille,
826 1205 905 1254 etiam
918 1202 944 1252 in
956 1203 1065 1254 Veneris
1077 1204 1213 1266 oratione,
1230 1205 1289 1254 v'er-

255 1278 297 1332 bis
310 1284 411 1348 ornari,
423 1285 543 1354 inprimis
555 1303 614 1336 eum
626 1286 681 1352 ejus
691 1296 799 1346 neutra,
810 1282 843 1334 ad
855 1281 925 1333 lentie
938 1281 1049 1332 modum
1055 1281 1205 1352 descripta:
1219 1283 1290 1334 unde

252 1377 354 1432 perora
366 1381 454 1416 'toene
462 1393 497 1408 -
506 1365 534 1414 n
543 1382 614 1415 mm
620 1373 776 1434 proruptum
785 1397 793 1426 ,
805 1361 839 1414 ad
849 1359 1079 1432 amplilieationetn
1091 1363 1288 1433 periculorum,
1360 1413 1361 1430 ἶ

256 1457 314 1509 quae
328 1452 415 1496 tamen
432 1441 465 1496 eb
477 1442 612 1496 Antenore
627 1454 751 1513 superate
763 1453 836 1506 sunt,
857 1443 944 1494 faeere
961 1444 1071 1512 possint.
1088 1443 1207 1494 Tametsi
1218 1443 1289 1494 forte
1360 1459 1361 1486 l

254 1515 326 1569 hune
335 1519 363 1570 in
372 1519 481 1572 modun
489 1523 608 1574 excusari
621 1538 709 1573 versus
723 1519 772 1588 ald
784 1532 810 1573 et
823 1520 873 1586 246
884 1533 1008 1592 possunt,
1020 1521 1094 1572 nullo
1106 1531 1196 1573 temen
1207 1521 1288 1572 modo

254 1598 369 1668 probare
382 1618 409 1652 se
418 1616 532 1673 possint
538 1601 639 1670 judicio
649 1601 741 1672 paullo
751 1602 875 1662 acutiori;
884 1613 910 1654 et
918 1601 1119 1654 erantillihand
1126 1601 1209 1653 dubie
1220 1603 1293 1653 inter

254 1694 314 1740 eos,
325 1695 392 1748 quos
403 1681 524 1734 sublatos
531 1682 658 1754 Virgilius
667 1680 764 1732 mallet.
777 1680 964 1751 Improbamm
979 1680 1028 1732 hes
1044 1697 1134 1732 versus
1151 1680 1252 1742 etalii,
1265 1693 1292 1732 et

196 1773 198 1778 ’
253 1755 310 1808 lec.
327 1758 424 1830 Bryant
438 1763 469 1810 V.
487 1761 516 1812 C.
532 1761 634 1827 Quibus
651 1772 741 1812 eutem
754 1761 782 1811 in
800 1761 876 1812 terris
894 1759 988 1811 fluvius
1003 1759 1048 1810 ille
1065 1757 1222 1830 querendae
1241 1758 1291 1820 sit,

253 1855 355 1908 magne
369 1839 446 1892 fuit·
439 1853 508 1893 mter
526 1843 597 1892 vireu
615 1840 712 1892 doctos
725 1840 956 1892 controversie&
973 1842 1043 1892 enim
1053 1851 1133 1890 noe-ts
1144 1838 1189 1890 ille
1205 1837 1291 1889 letriae

254 1915 350 1970 fluvius
365 1932 417 1985 est,
431 1921 550 1992 quidille
566 1939 625 1974 cum
644 1923 755 1974 Petevio
771 1939 909 1974 commune
924 1921 1023 2014 hqbere
1034 1932 1136 1994 potest,
1155 1931 1221 1969 utv.
1238 1930 1288 1985 247

253 1998 307 2049 Ilio
319 2009 405 2052 tamen
417 2000 463 2053 ille
476 2004 564 2054 erlem
577 2003 717 2054 Patooi—
729 1981 962 2071 norviensem.
969 2002 1038 2054 ade
1051 2021 1075 2052 v
1083 2001 1243 2074 )Maluere'
1236 2014 1290 2051 rta-

255 2093 306 2147 que
319 2079 364 2130 alii
381 2083 479 2134 referre
493 2083 527 2135 ed
539 2082 698 2134 Medueeum
715 2101 735 2133 s
749 2085 884 2147 Brentem,
899 2081 1019 2136 nonnulli
1031 2081 1098 2132 adeo
1120 2079 1154 2131 ed
1173 2077 1291 2139 Padum

252 2175 322 2228 qnos
338 2162 396 2232 ipse
407 2181 451 2215 res
467 2163 564 2216 refellit
577 2175 603 2214 et
617 2163 725 2216 Paullus
736 2165 839 2216 Pincins
859 2181 918 2215 cum
933 2163 990 2215 aliis
1009 2161 1094 2213 doctis
1112 2163 1175 2212 viris
1195 2180 1211 2212 a
1222 2161 1291 2211 Bur-

252 2256 350 2292 manno
362 2243 435 2313 presi.
448 2245 523 2296 Tom.
536 2245 579 2295 Vl.
594 2243 672 2296 Thes.
685 2244 743 2296 ltal.
756 2246 905 2296 nominatis.
919 2243 946 2296 Si
962 2257 1050 2296 tamen
1065 2244 1190 2294 Timavus
1207 2242 1290 2292 letriae
1361 2297 1362 2302 ,

174 2387 176 2393 y
253 2317 350 2374 fluvius
357 2336 410 2393 eet
423 2323 591 2378 difficultates
602 2339 694 2378 contra
703 2325 753 2378 hos
761 2343 853 2378 versus
863 2325 905 2378 vel
917 2327 968 2389 sic,
980 2342 1033 2375 non
1044 2321 1163 2376 Catroeue
1173 2322 1289 2392 primus,

253 2400 300 2452 sed
316 2402 396 2454 multi
404 2418 466 2457 ente
477 2423 536 2458 eum
552 2408 602 2458 viri
618 2404 711 2475 docti(
722 2425 745 2458 v
760 2425 782 2458 c.
796 2406 903 2478 Gerde)
921 2415 1073 2468 moverunt,
1086 2405 1132 2472 qui
1148 2400 1289 2454 Timavum

253 2492 299 2529 aut
310 2480 389 2549 plene
401 2483 516 2552 nullutn,
529 2497 574 2536 eut
584 2484 677 2556 hujus,
688 2503 765 2558 quem
777 2499 857 2557 poeta
868 2498 971 2550 narrat,
985 2483 1128 2536 admodum
1140 2499 1212 2532 nune
1227 2483 1290 2551 qui-

254 2557 315 2608 dem
326 2557 478 2615 dissimilem
495 2581 552 2616 esee
570 2565 768 2619 contenderent.
783 2566 834 2618 Sed
847 2567 956 2626 trustra
969 2583 1030 2616 nam
1043 2561 1179 2616 Strabonis
1192 2560 1240 2611 lib.
1253 2561 1290 2622 V,

252 2653 280 2704 Ρ
295 2637 353 2703 flul
368 2639 431 2700 ²15,
444 2642 554 2694 etllleloe
566 2647 708 2697 auctoritas
718 2657 826 2716 poetam
838 2644 972 2709 defendit,
984 2639 1217 2694 ut'l'imavioline'
1210 2651 1289 2690 istam
1361 2687 1362 2690 ,

252 2726 375 2768 naturam
383 2718 464 2771 fnisse
476 2719 592 2774 dubitari
604 2737 726 2794 nequeat
742 2724 870 2776 Scilicet
862 2737 931 2777 inter
941 2723 1089 2794 Aquileiam
1101 2733 1127 2772 et
1143 2720 1288 2789 Tergeste,

252 2793 281 2843 in
290 2792 437 2848 Carnorum
444 2797 635 2873 linibus,apud
644 2803 762 2859 vicumS
773 2805 897 2869 loannis,
908 2821 963 2854 non
970 2802 1047 2873 longe
1058 2793 1190 2852 acastello
1197 2799 1289 2849 Dumo

253 2873 272 2939 (
280 2874 425 2949 Tywein),
445 2883 490 2951 qui
507 2893 577 2934 totus
595 2896 695 2936 tractus
715 2902 807 2936 saxeus
823 2897 850 2937 et
865 2884 1020 2955 scopulosus
1039 2894 1079 2934 est
1096 2877 1181 2948 (sunt
1200 2891 1288 2930 autem

251 2967 355 3016 montes
370 2958 562 3034 culcen1()),
575 2964 743 3034 compleres
737 2977 908 3036 ingentesque
921 2966 988 3015 inter
999 2963 1106 3032 rupium
1117 2971 1194 3011 antra
1204 2977 1290 3029 aqua-

252 3053 312 3086 rum
327 3038 414 3092 fontes
432 3042 590 3112 prosiliunt:
605 3062 718 3114 quorum
733 3047 881 3115 praecipuos
901 3063 946 3098 sex
964 3041 1120 3094 numerabat
1136 3039 1290 3102 Cluverius,

254 3118 299 3187 qui
310 3115 366 3171 haee
375 3119 434 3174 loca
442 3122 507 3175 adiit
517 3135 544 3176 et
555 3125 659 3196 singula
669 3137 792 3177 accurate
803 3126 949 3197 exploravit
958 3121 969 3194 (
978 3143 1002 3174 v.
1012 3120 1092 3174 Italia
1101 3130 1156 3171 ant.
1167 3139 1194 3190 p.
1208 3137 1253 3188 ¹9²
1264 3121 1290 3189 ),

251 3215 302 3249 nee
314 3198 402 3268 plures
415 3203 442 3256 V
439 3201 553 3269 aleator,
567 3223 645 3274 quem
660 3223 720 3256 cum
733 3224 764 3256 eo
777 3208 1005 3276 comparavimus,
1017 3205 1044 3254 in
1060 3200 1166 3253 Crainia
1177 3201 1208 3250 Τ.
1222 3201 1249 3265 l,
1261 3218 1288 3270 p.

229 3339 230 3345 ¹
254 3293 304 3346 ²7²
317 3294 374 3348 sqq.
388 3279 438 3332 612
449 3299 506 3351 sqq.
520 3281 624 3335 Scilicet
636 3302 684 3353 pro
694 3286 755 3335 anni
766 3296 920 3355 tempestate
929 3283 1018 3355 plures
1025 3281 1200 3353 paucioresve
1213 3291 1289 3340 sunt,

253 3357 291 3406 ita
300 3368 329 3406 nt
340 3358 420 3409 modo
433 3374 542 3431 septem,
555 3361 635 3413 modo
648 3380 743 3414 novem
755 3365 843 3416 fontes
856 3375 1041 3415 numerentur:
1059 3357 1069 3426 (
1081 3370 1146 3410 teste
1159 3357 1288 3408 lieberto

252 3435 368 3487 Historia
383 3440 494 3491 Crainioe
505 3460 530 3511 p.
545 3442 587 3494 66.
601 3440 659 3513 (a))
682 3444 716 3493 lli
731 3444 817 3495 fontes
835 3444 920 3496 tribus
933 3442 1012 3495 alveis
1030 3436 1181 3511 paullulum
1192 3437 1290 3498 delati,

253 3531 315 3563 mox
326 3515 353 3565 iu
363 3535 444 3568 unum
453 3518 550 3572 llumeu
562 3520 710 3586 confluunt,
722 3522 793 3592 quod
802 3524 845 3574 vix
853 3522 925 3575 mille
937 3539 1063 3592 passuum
1074 3519 1145 3569 viam
1154 3533 1288 3568 emensum

253 3609 308 3642 uno
321 3597 387 3646 ostio
402 3599 430 3648 in
441 3618 513 3651 mare
526 3601 585 3651 exit.
595 3601 668 3653 Italis
678 3603 756 3653 etiam
769 3621 839 3655 nune
853 3603 931 3655 maris
941 3611 1074 3674 parentem
1088 3598 1104 3664 (
1112 3596 1139 3647 la
1151 3597 1240 3647 madre
1247 3593 1290 3644 del

254 3677 348 3745 mare)
361 3676 490 3747 appellari
501 3678 697 3732 Holdswortltus
709 3682 802 3744 tradit;
822 3683 895 3753 quod
913 3701 1010 3735 nomen
1025 3683 1080 3749 jam
1099 3676 1201 3748 Polybii
1214 3687 1288 3726 etate

285 3858 318 3914 (ι)
339 3857 367 3900 V.
385 3859 465 3902 Franc.
483 3860 588 3906 Gn'eeli'm'
606 3864 694 3909 lettera
709 3865 746 3911 nel
792 3869 870 3911 Duino
886 3865 998 3928 insignior
1011 3872 1044 3910 est
1055 3860 1147 3905 ceteris.
1160 3857 1189 3902 V.
1202 3855 1291 3903 Gruber

255 3926 360 3974 Gionmle
370 3926 472 3973 d'ltalu'a.
481 3931 546 3976 Tem.
557 3934 598 3988 Xl,
611 3951 634 3996 p.
649 3935 697 3980 118.
794 3930 1121 3998 BriefidberlsrainVindob.
1133 3929 1228 3994 ¹7⁸¹·P·
1240 3929 1287 3974 156-

285 3999 318 4060 {a}
329 4000 393 4045 Unus
406 4015 433 4046 ex
443 3998 589 4051 tristantibus
599 4005 641 4053 sub
651 4007 744 4055 castello
795 4023 815 4052 c.
825 4005 871 4054 tab.
