2724 4580
368 308 604 373 AENEIDOS
627 312 782 378 LIBER
805 318 830 378 1.

75 427 183 506 Dixit,
197 445 229 491 et
241 428 275 491 in
287 451 436 496 mensam
447 431 581 498 leticum
592 433 706 499 libavit
717 435 893 524 honorem,

76 536 268 622 Primaque,
282 535 398 615 libate,
413 560 543 602 summo
556 555 652 604 tenus
663 541 779 630 adtigit
792 567 858 610 ore.

75 641 168 704 Turn
179 642 271 706 Bitiae
284 641 376 707 dedit
388 644 604 733 increpitans,
618 647 825 738 illeimpiger
836 650 944 716 hausit

75 746 292 834 Spumantem
304 766 466 837 pateram,
481 768 513 815 et
525 753 625 840 pleno
637 756 809 843 seproluit
821 780 911 823 auro.

74 855 155 918 Post
166 855 221 918 alii
233 877 398 943 proceres.
408 857 544 921 Cithara
557 861 693 924 crinitus
707 864 802 950 lopas
1081 883 1124 944 74⁰

109 1023 162 1085 736.
182 1025 205 1068 tn
221 1037 299 1068 mensa
316 1023 395 1086 vulgg.
412 1025 453 1071 sed
471 1028 493 1070 in
510 1041 610 1072 rrreusam
625 1029 752 1086 Macrobii,
769 1034 958 1097 optimorumque
972 1035 1085 1083 librorum
1101 1037 1125 1085 'et

75 1092 236 1154 exemplorum
246 1096 314 1156 copia
324 1095 423 1141 firmavit
433 1110 486 1157 post
497 1099 600 1143 Pierium
612 1099 691 1144 Heius.
705 1099 774 1145 Redit
786 1117 822 1146 res
832 1117 873 1158 eo,
885 1104 950 1165 quod
963 1104 1053 1152 doctius
1066 1108 1124 1153 diei·

74 1175 114 1210 tur
126 1163 184 1220 hoc,
201 1181 272 1227 quam
286 1165 354 1211 illud.
365 1167 478 1212 Nonnulli
488 1171 558 1214 etiam
571 1170 635 1232 apud
649 1173 764 1226 Firmum,
777 1184 801 1218 et
811 1175 885 1218 nostri
897 1187 943 1220 tres
951 1176 1068 1234 Gothani,
1083 1181 1126 1222 im-

73 1251 176 1280 utentum
181 1270 189 1291 ‚
199 1237 265 1298 quod
275 1237 358 1284 eodem
368 1237 459 1282 alludit.
473 1239 533 1285 adde
543 1240 585 1285 lib.
600 1241 665 1297 Vnt,
678 1258 729 1304 279.
743 1243 903 1305 Reprehendit
915 1259 1007 1307 poetam
1019 1249 1123 1300 Macrob.

74 1305 91 1350 l.
109 1306 126 1349 l.
144 1307 188 1361 lll,
202 1323 225 1368 9.
238 1309 305 1370 quod
318 1311 342 1353 in
354 1324 457 1354 mensam
469 1310 495 1354 fit
506 1310 601 1367 libatio,
618 1328 671 1357 cum
685 1317 708 1356 lu
722 1329 787 1358 arum
802 1314 854 1360 fieri
866 1315 970 1363 deberet.
987 1317 1080 1365 Scilicet
1096 1321 1127 1366 ad

73 1391 163 1421 morem
175 1378 306 1422 Romanurn
317 1377 366 1423 haec
377 1381 459 1440 exigit,
470 1391 496 1423 ut
508 1379 551 1424 alia
562 1397 569 1435 ;
579 1396 627 1426 non
637 1383 835 1438 animadvertens,
845 1396 937 1446 poetam
946 1386 1045 1433 reddere
1054 1391 1126 1434 vitant

71 1445 193 1494 heroicam
206 1462 229 1495 et
240 1451 363 1496 Homerica
379 1450 526 1496 adumbrare.
541 1472 572 1486 -·—
584 1451 636 1514 737.
653 1451 732 1500 libatos
745 1469 770 1499 n.
785 1445 865 1500 latices
879 1460 941 1518 conj.
958 1460 1036 1505 Heius.
1050 1459 1125 1506 etalii

72 1519 119 1564 viri
129 1518 202 1564 docti.
212 1521 261 1566 Nec
273 1520 435 1576 infitiandum,
446 1535 538 1566 versum
550 1525 726 1568 concinniorem
739 1536 762 1569 et
773 1527 904 1571 suaviorem
913 1527 969 1572 inde
981 1530 1052 1574 exire.
1068 1527 1129 1573 libau*

72 1599 108 1635 tos
119 1587 195 1635 lauces
204 1594 278 1656 attiqit
290 1591 314 1636 h.
323 1608 344 1637 e.
352 1592 477 1654 poculum,
485 1592 549 1638 unde
558 1609 611 1654 pars
621 1596 669 1639 vini
680 1597 704 1639 in
713 1609 815 1640 mensam
825 1598 873 1657 jam
882 1611 930 1642 erat
940 1598 1021 1644 effusa.
1033 1597 1125 1644 libatum

73 1659 133 1705 alter
144 1661 198 1706 cod.
210 1661 336 1723 Hamburg.
348 1661 459 1708 videlicet
468 1661 590 1708 bonorem.
602 1677 667 1708 sacro
681 1672 745 1708 tenus
757 1667 834 1726 Sprot.
847 1679 899 1708 cum
908 1665 987 1711 Bitht'oe
999 1667 1123 1730 Hamburfl.

70 1748 108 1793 pr.
122 1732 203 1787 Biciae,
213 1733 289 1792 Bycioe
298 1732 328 1778 al.
338 1759 370 1768 -
379 1733 432 1795 739.
445 1749 532 1778 summo
545 1749 563 1778 s.
578 1749 602 1796 p.
616 1735 709 1797 Menagt
719 1749 756 1798 pr.
772 1737 866 1798 profluit
876 1737 974 1784 Oudart.
989 1753 1008 1783 s.
1021 1754 1040 1784 s.
1051 1755 1075 1801 p.
1086 1751 1124 1785 orte

71 1801 202 1848 nonnullos
219 1801 292 1848 libros
309 1802 388 1865 legere
405 1805 495 1848 Pierius
511 1802 587 1849 docet.

71 1952 185 2015 ‘rivium3
210 1953 333 2023 fauentes
358 1956 484 2008 intersitis
512 1953 575 2014 huie

71 2033 207 2084 convivio.

108 2112 268 2183 736-740.
301 2114 443 2178 buticum,
469 2112 573 2175 leticie,

72 2191 217 2258 honorem,
229 2193 258 2244 h.
276 2213 299 2245 e.
319 2196 410 2245 vinum
423 2191 574 2244 iudeorum

70 2273 204 2327 honorem
213 2295 244 2326 ae
254 2277 355 2327 cultum
367 2275 496 2327 libatione
507 2275 575 2325 efi'u·

72 2375 138 2407 sum.
154 2354 256 2421 libate,
271 2357 298 2408 h.
312 2377 335 2409 e.
348 2369 492 2428 postquam
508 2354 575 2406 liba*

71 2449 127 2488 turn
140 2450 218 2502 erat,
235 2439 278 2489 vel
294 2438 377 2490 libato
397 2439 506 2490 laticum
526 2434 575 2486 ho·

70 2533 152 2582 nore,
173 2518 250 2568 alteri
264 2518 399 2580 traditvel
411 2516 481 2568 tradi
498 2514 576 2584 jubet

71 2597 218 2667 poculum,
231 2598 302 2649 unde
315 2596 401 2668 primo
412 2597 472 2648 loco
487 2607 575 2667 gusta-¹

69 2690 145 2729 verat
156 2715 165 2742 ,
178 2680 287 2751 regina,
302 2691 331 2728 ut
344 2690 370 2730 et
381 2677 426 2730 ille
445 2677 574 2728 libatione

69 2759 144 2809 facta
166 2757 289 2830 bib-eren
314 2757 387 2828 quod
407 2770 433 2810 et
454 2759 475 2808 is
499 2757 573 2840 laeps

69 2836 221 2907 lubensque
242 2839 316 2889 lacit.
335 2833 458 2905 προῦπινον
479 2835 525 2886 illa
545 2846 574 2886 et

71 2917 160 2982 dedit,
185 2919 349 2988 propinavit.
374 2919 398 2968 ls
423 2918 493 2968 enim
513 2917 573 2966 vite

70 2996 186 3050 heroicae
196 3017 269 3063 mos,
291 3012 321 3049 ut
332 2998 442 3070 singulis
455 2997 573 3049 convivis

70 3077 199 3148 deinceps
219 3079 347 3148 poculum
359 3078 491 3148 repletum
508 3093 574 3146 prae²

69 3153 183 3222 beatur,
203 3157 275 3210 unde
286 3157 401 3222 libatur,
414 3166 470 3207 tum
482 3157 574 3206 vinum
609 3213 613 3226 .

69 3237 197 3288 ebibitur.
221 3237 398 3308 increpitans,
420 3235 506 3306 simpl.
528 3233 574 3286 ad·

67 3313 181 3368 hortans
195 3355 203 3382 ,
221 3319 356 3380 invitans,
377 3328 407 3366 ut
419 3328 445 3367 et
457 3316 513 3385 ipse
531 3314 571 3365 bi-

68 3394 162 3458 beret;
183 3396 221 3447 nil
235 3397 355 3466 amplius.
374 3393 417 3446 Sic
429 3407 455 3446 et
468 3395 526 3445 aliis
543 3395 571 3444 in

67 3473 133 3527 loeis
159 3477 257 3546 exponi
278 3481 375 3546 potest.
405 3474 572 3544 Objurgandi

68 3551 110 3605 hir
143 3573 195 3606 nec
217 3555 311 3620 locus,
338 3572 387 3605 nec
413 3552 508 3624 dignus
529 3553 573 3604 vel

68 3636 168 3704 reginae
193 3633 236 3686 vel
258 3635 326 3704 epici
347 3645 433 3704 poetae
457 3649 573 3702 persona

69 3715 129 3766 talis
150 3732 319 3766 sarcasmus:
337 3727 368 3764 ut
388 3733 437 3764 nec
455 3713 522 3764 illud
542 3731 573 3764 ex

69 3808 157 3866 poetae
187 3809 274 3848 mente
296 3795 340 3861 ht,
363 3794 436 3865 quod
461 3792 572 3845 Didonis

69 3875 263 3930 verecundiam
288 3878 316 3925 in
342 3873 479 3937 bibendo,
501 3873 573 3924 Bitiae

71 3955 244 4021 aviditatem,
252 3954 407 4025 praedicant.
416 3953 511 4004 Aliena
519 3953 574 4002 haec

71 4038 171 4100 eloco
194 4046 221 4087 et
242 4033 354 4089 consilio
373 4045 459 4107 poetae
476 4034 573 4088 omnia.

1141 1930 1144 1946 .

626 1953 677 2005 Sed
689 1953 849 2008 dicendum:
872 1956 945 2027 quod
967 1969 1052 2027 poeta
1068 1975 1125 2008 me-¹

625 2035 785 2086 morandum
798 2047 870 2098 erat,
883 2038 912 2085 iu
924 2054 955 2086 eo
966 2035 1040 2086 illum
1053 2055 1125 2087 vere·

625 2113 834 2165 cundiamsexus
842 2116 951 2166 feminei
959 2116 1127 2176 observassem·

624 2195 745 2262 inprimis
770 2197 942 2264 antiquorum
973 2207 1124 2264 temporum

623 2289 715 2337 more,
740 2291 800 2323 cum
823 2273 1037 2325 matresfamilias
1060 2277 1123 2324 vino

623 2369 678 2401 nou
690 2363 835 2404 uterentur.
848 2352 959 2404 Recedit
979 2369 1085 2423 quoque
1107 2369 1124 2406 a

623 2443 715 2480 nostro
723 2449 797 2482 more
805 2431 872 2494 hoe,
882 2431 956 2500 quod
968 2451 1023 2482 non
1035 2435 1124 2484 AEneae

624 2510 724 2580 hospiti
737 2513 818 2563 offert
826 2512 953 2582 poculum
965 2512 1035 2562 Dido
1044 2535 1051 2575 ;
1061 2532 1124 2564 narn

625 2591 652 2639 in
675 2589 805 2648 honorem
828 2593 884 2659 ejus
913 2589 1044 2642 adventus
1074 2590 1124 2642 diis

623 2668 731 2720 libatur.
745 2699 780 2706 -
793 2687 894 2720 summo
909 2686 953 2719 ore
971 2680 1051 2721 tenus.
1068 2674 1125 2740 prid
1145 2712 1148 2718 .
1215 2669 1216 2676 ¹

623 2750 672 2798 mis
685 2749 763 2800 labiis
776 2749 933 2820 degustavit.
947 2750 1030 2802 Bitias
1046 2752 1125 2803 Puni-

624 2847 684 2880 cum
696 2849 808 2894 nomen,
821 2829 895 2899 quod
911 2842 938 2880 et
950 2830 1014 2893 alibi
1030 2848 1123 2882 occur·

623 2911 666 2959 rit.
687 2909 767 2980 pleno
782 2927 886 2960 aurose
903 2907 1022 2978 proluit,
1040 2921 1124 2980 poen-²

623 2989 680 3039 lum
699 2990 754 3038 vini
775 2985 884 3057 plenum
896 2987 1029 3053 exhausit,
1049 2988 1122 3059 quod

623 3081 726 3120 tantum
738 3067 820 3118 labris
834 3066 956 3136 attigerat
967 3067 1050 3128 Did0;
1062 3081 1123 3136 pro-

624 3148 695 3198 luere
706 3165 750 3211 se,
765 3146 870 3217 gulam,
889 3145 1078 3215 dictampnus,
1092 3155 1122 3196 ut
1207 3214 1209 3217 Ι

622 3229 684 3280 uiuo
707 3225 835 3296 perfundi
843 3260 852 3289 ,
866 3219 969 3275 madere
981 3261 990 3288 ,
1012 3225 1099 3296 tinqui
1111 3261 1121 3288 ,

623 3311 656 3362 de
667 3310 760 3369 ebriis;
770 3326 828 3378 quae
839 3307 1041 3356 omnianotiora
1049 3318 1120 3355 sunt.

621 3393 786 3441 Burmannus
797 3387 891 3449 docte,
904 3403 958 3434 non
971 3385 1120 3457 eleganter,

620 3463 1120 3536 haecillustrat.illultaprolutusvappu

623 3553 703 3603 etiam
711 3551 804 3600 Horat.
818 3550 828 3597 1
842 3565 919 3598 serm.
935 3546 966 3609 5,
983 3547 1022 3599 16.

659 3632 717 3699 740.
739 3628 782 3678 Ad
801 3627 909 3678 Homeri
928 3629 1120 3693 imitationem,

622 3712 742 3780 inprimis
755 3707 848 3779 Odyss.
861 3708 894 3770 h,
908 3707 940 3758 62
950 3725 990 3777 sq.
1001 3708 1121 3759 Hernicis

623 3789 787 3861 temporibus
811 3805 916 3858 semper
933 3783 1014 3840 niardi<
1031 3791 1123 3838 consi*

623 3873 685 3934 viis,
697 3889 755 3938 quae
767 3871 822 3920 fere
833 3885 893 3920 oum
903 3886 931 3917 re
944 3867 1034 3916 divina
1046 3875 1121 3916 erant
1203 3882 1205 3887 ’

625 3953 785 4018 conjuncta,
806 3949 906 4000 aderat.
921 3947 954 3996 cf.
969 3944 1079 4012 Quintil.
1090 3946 1120 4008 l,

629 4048 673 4097 10,
690 4026 931 4099 10,(quemloeum
944 4025 999 4075 sine
1013 4034 1121 4074 auctore

903 4125 941 4159 lt.
