2718 4598
411 265 768 342 santonorum.
942 314 945 336 ,
1046 257 1132 345 305.

67 386 252 440 Alexandrum
269 389 421 440 narratione
438 401 627 458 persequutus;
644 389 727 440 lectus
745 390 789 441 ille
809 389 902 441 Photio
920 413 943 444 c.
962 395 1009 464 68,
1034 416 1059 455 et
1082 405 1111 459 in'·

68 469 208 537 epitomen
220 468 342 520 redactus
356 489 372 520 a
383 467 496 538 Sopatro
509 491 514 518 :
528 467 592 518 ibid.
606 488 629 519 c.
647 469 703 520 161.
718 469 779 520 add.
793 469 903 541 Syncell.
917 493 941 544 p.
960 481 1023 548 167,
1037 496 1061 534 et
1071 489 1109 538 ib.-

67 559 127 596 not.
136 547 210 613 Quid
222 560 310 599 tamen
322 550 406 600 facias
416 547 542 599 Athenaeo
552 549 602 612 lX,
614 567 640 617 p.
653 547 703 616 393
716 550 752 612 Ε,
765 549 812 599 ubi
822 551 985 623 Hegesianax
998 559 1113 616 Alexan:

68 626 165 678 drinus
189 615 250 680 ieri
274 629 414 693 Κεφαλίωνα
434 626 609 698 ἐπιγραφόμενοι
625 625 716 696 Τρωϊκὲ
731 629 839 683 ruibale?
858 631 962 686 Scilicet
982 645 1113 710 suspicari

69 705 149 770 licet,
163 720 279 759 veterem
298 708 374 758 illum
386 709 484 759 librum
499 709 630 766 interiisse
645 720 671 758 et
683 709 711 758 in
729 711 784 776 ejus
799 709 887 759 locum
901 723 998 767 temere
1012 738 1027 768 a
1045 730 1113 774 nonss

70 786 153 836 nullis
164 787 335 838 substitutum
353 790 435 839 fuisse
455 789 566 840 similem
583 789 681 838 librum
702 789 908 859 Hegesianactis.
929 794 1045 850 Fuertint
1060 804 1113 856 alia

68 869 165 932 Tpoire
179 867 324 918 Metrodori
339 867 412 932 Chii,
435 868 481 937 qui
496 869 667 937 Hippocratis
684 869 808 938 magister
828 869 897 933 fuit,
914 871 1022 927 laudata
1041 879 1115 951 apud

70 944 170 994 Athen.
183 945 230 996 lib.
244 949 279 995 lv
299 958 424 1016 exeunte,
438 967 464 1016 p.
482 947 530 1012 184
542 949 574 996 A.
586 947 648 996 Non
660 945 726 998 mihi,
737 935 858 1012 constat,
876 947 911 998 ad
928 954 1000 1020 quod
1009 969 1114 1029 ternpus

71 1023 230 1074 referendus
254 1027 286 1075 sit
311 1025 458 1078 Theodorus
477 1025 599 1088 lllensis,
622 1026 667 1094 qui
686 1023 709 1076 r'r
730 1021 753 1082 β’
772 1025 873 1093 Tpoiuc‘ir
893 1030 1021 1083 excitatur
1042 1039 1115 1106 apud

73 1102 184 1154 Suidam
195 1108 224 1156 in
236 1107 391 1172 natali-,aroc
411 1103 542 1166 ’Assolnro'e
562 1105 724 1157 Fabulosum
741 1107 835 1177 Syayri
855 1125 952 1168 nomen
973 1131 1003 1163 ex
1019 1117 1116 1172 AEliani

71 1186 103 1233 V.
114 1187 146 1234 H.
156 1186 224 1252 XIV,
233 1204 262 1238 21
276 1187 385 1239 laudare
393 1189 430 1238 nil
443 1189 544 1239 attinet.
557 1187 660 1238 Seruius
672 1187 693 1238 ir
702 1187 770 1254 epira
780 1187 825 1238 wir
835 1177 936 1249 ‘spatarii
947 1196 1075 1247 excitatur
1087 1201 1115 1250 jn

74 1265 164 1330 Schol.
178 1268 243 1319 Ven.
257 1270 285 1318 B.
306 1268 341 1319 ad
352 1268 427 1320 Iliad.
442 1285 477 1333 e,
498 1269 556 1334 elya.
569 1269 668 1318 Verum
679 1267 708 1316 hi
726 1267 760 1316 ad
778 1268 891 1318 seriores
904 1269 1040 1342 relegandi
1057 1297 1115 1332 esse

73 1346 200 1398 videntur
213 1369 219 1395 ι
237 1347 270 1400 de
281 1348 377 1418 quibus
389 1353 483 1418 postea
501 1347 698 1398 memorabitur.

109 1425 283 1495 Aliquamdiu
304 1445 341 1478 res
362 1429 480 1498 Trojanoe
498 1428 631 1476 communi
644 1426 733 1494 aliquo
746 1426 815 1474 inter
827 1427 968 1496 scriptores
986 1450 1116 1488 consensu
1138 1453 1145 1461 ⁷

75 1517 153 1556 erant
162 1505 279 1571 tradita,
298 1519 379 1577 prout
392 1507 425 1558 ab
438 1508 553 1557 Homero
572 1518 598 1556 et
610 1505 696 1574 poetis
710 1503 830 1574 cyclicis,
850 1521 882 1552 ex
902 1510 1030 1576 majorum
1037 1515 1117 1582 fama

75 1602 109 1634 ac
121 1582 293 1649 narratione,
312 1586 423 1656 antiquo
436 1603 567 1647 somnone,
582 1580 634 1633 hoc
646 1596 704 1647 est,
721 1584 846 1651 poetico,
865 1583 971 1634 fuerant
983 1582 1115 1658 exposing,

74 1664 129 1716 Sed
141 1684 200 1716 cum
223 1669 363 1737 coepissent
380 1685 454 1732 esse,
472 1665 605 1735 primum,
619 1666 664 1733 qui
679 1661 815 1734 sigillatim
827 1665 985 1731 particulam
1000 1670 1117 1740 aliquam

73 1750 108 1795 ex'
120 1757 178 1794 toto
190 1746 236 1797 illo
250 1748 323 1819 cyclo
340 1743 455 1818 mythico
473 1746 627 1815 decerptam
642 1745 758 1795 carmine
774 1753 934 1808 tractarent,
955 1765 1080 1802 ornarent
1092 1769 1119 1805 et

75 1823 261 1878 delectationis
280 1839 375 1880 caussa
386 1829 532 1891 variarent,
553 1839 608 1876 tum
622 1824 681 1891 alii,
694 1825 814 1893 inprimis
830 1822 927 1892 lyrici,
943 1831 988 1897 qui
1000 1837 1120 1886 carmina

76 1922 127 1954 sua
138 1905 264 1958 suavibus
274 1908 401 1978 episodiis
414 1897 623 1978 distinguerent,
636 1923 667 1954 ex
680 1921 711 1954 eo
723 1915 841 1972 tempore
855 1921 895 1953 res
906 1906 1026 1975 Trojanae
1040 1917 1117 1982 quasi

78 1983 194 2034 materie
204 1986 384 2053 poeticoelo'co'
398 1985 495 2036 habitae
505 1995 583 2049 sunt,
602 1981 656 2052 qua
665 1983 794 2051 ingeniosi
806 1981 926 2034 homines
935 1986 963 2035 in
974 2001 1119 2056 quamcum

77 2078 131 2130 que
142 2061 257 2112 formam
269 2062 434 2132 diffingenda
445 2073 594 2124 uterentur,
608 2077 743 2128 unumque
755 2059 783 2108 id
796 2061 964 2129 propositum
975 2065 1119 2136 haberent,

78 2152 108 2190 ut
127 2158 187 2193 cum
201 2141 391 2210 probabilitate
405 2141 495 2210 aliqua
507 2139 678 2192 delectarent.
874 2195 882 2200 ,Ἴ
964 2199 966 2202 Ι

112 2220 156 2271 Ab
166 2220 283 2272 historiae
299 2220 350 2273 fide
370 2221 453 2272 multo
471 2223 555 2291 magis
571 2225 704 2272 recessum
716 2225 768 2276 est,
784 2235 844 2267 cum
859 2219 964 2292 Tragici
974 2238 1059 2292 poetae
1078 2229 1122 2278 la.·

76 2301 203 2352 hularum
215 2312 327 2354 suarum-
337 2299 459 2357 ὑποθέσεις
472 2314 497 2352 et
510 2312 666 2372 argumenta
678 2308 709 2350 ex
722 2297 796 2369 cyclo
808 2297 854 2347 illo
870 2311 1008 2368 peterent,
1031 2319 1057 2356 et
1070 2326 1120 2376 pro

77 2381 192 2433 consilio
206 2400 254 2433 sno
267 2382 454 2454 tragoediaeque
466 2395 563 2434 natura
575 2383 647 2433 varie
664 2398 695 2431 ea
706 2389 864 2444 tractarent,
878 2396 1019 2448 ornarent,
1032 2386 1122 2440 inllec-

79 2472 180 2527 terent,
198 2480 270 2512 nova
282 2460 454 2532 affingerent‚
476 2475 501 2513 et
522 2479 590 2531 saepe
607 2461 635 2509 in
657 2457 847 2508 diversissimas
871 2471 959 2528 partes
977 2461 1121 2516 traherent:

79 2541 145 2606 Quae
159 2540 268 2610 quidem
289 2559 330 2592 res
347 2561 407 2592 cum
426 2541 468 2592 vel
488 2561 519 2593 ex
539 2538 671 2611 Sophocle
693 2550 719 2590 et
737 2536 820 2587 multo
841 2541 924 2610 magis
941 2559 973 2591 ex
995 2544 1122 2615 Euripide

79 2621 220 2672 notissima
238 2623 287 2687 sit,
307 2620 405 2673 haerere
418 2624 446 2672 in
457 2621 504 2673 illa
516 2621 648 2673 nolumus.

114 2700 176 2750 Jarn
193 2699 328 2766 historicis
347 2714 373 2752 et
389 2703 496 2772 tragicis
519 2701 645 2754 successit
661 2715 759 2748 novum
779 2697 918 2750 hominum
934 2709 1029 2772 genua,
1051 2707 1124 2775 quod

80 2782 172 2830 omnia
185 2781 291 2830 miscuit
304 2799 335 2830 ac
345 2781 475 2845 turbavit,
488 2782 644 2850 Interpretes
653 2788 792 2849 poetarum
805 2777 865 2827 dico
878 2790 904 2828 et
919 2781 1123 2849 Grammaticos,

79 2861 194 2910 maixime
211 2858 245 2910 ab
259 2859 460 2910 Ptolemaeorum
471 2859 533 2910 inde
546 2858 642 2917 saeculo
657 2857 710 2928 (1),
724 2871 837 2925 quorum
855 2856 900 2906 alii
912 2857 1005 2928 Cyclos
1018 2860 1078 2911 illos
1097 2865 1125 2912 in

81 2942 217 3010 epitomen
233 2941 410 3012 redegerunt3
433 2941 538 3009 qualern
556 2939 685 2990 habemus
707 2937 794 2995 adhuc
813 2934 969 3005 Apollodori
980 2939 1125 2991 Bibliothe-

78 3040 157 3086 cam,
171 3039 251 3090 quam
263 3021 330 3092 cycli
344 3023 413 3091 epici
427 3020 615 3090 compendium
627 3036 683 3069 esse
695 3019 750 3085 jam
764 3015 873 3067 Salmas
888 3015 922 3065 ad
936 3017 1017 3068 Solin.
1032 3038 1058 3088 p.
1074 3021 1123 3088 847

81 3101 149 3150 vidit
161 3098 215 3172 (2);
229 3100 275 3150 alii
287 3102 431 3170 separatim
445 3099 516 3150 banc
527 3098 569 3148 rcl
585 3097 659 3149 illam
677 3095 834 3166 particulam
846 3113 877 3144 ex
895 3106 951 3144 toto
965 3098 1030 3148 orbe
1043 3106 1127 3167 expo·‘

82 3189 202 3233 suerunt.
215 3182 256 3231 lta
273 3179 444 3250 Lysimachus
455 3178 650 3230 Alexandrinus
662 3172 695 3226 roi
706 3171 831 3234 Θηβαϊκεῖ,
849 3187 874 3225 et
888 3171 940 3228 coir
958 3173 1074 3237 Nicator,
1093 3177 1125 3230 de

82 3262 182 3335 quibus
195 3264 242 3312 inf.
260 3263 367 3311 Excurs.
387 3263 419 3310 V.
434 3259 591 3330 Euphorion
610 3269 699 3308 autem
719 3258 772 3306 suis
789 3253 955 3306 Clriliadihus
967 3253 1016 3324 (de
1029 3258 1125 3327 quibus

81 3361 108 3394 r.
123 3343 159 3394 ad
170 3342 225 3392 Ecl.
239 3343 291 3404 VI,
308 3342 357 3412 72)
371 3342 424 3390 suis
445 3338 511 3390 locis
524 3357 565 3390 res
581 3339 711 3405 Trojanas
730 3337 891 3394 inseruerat;
905 3347 935 3385 ut
947 3335 979 3386 de
991 3337 1124 3390 Laodice:

82 3442 108 3472 1.
130 3424 242 3473 Pausan.
264 3421 304 3484 Χ,
325 3421 358 3472 26
379 3433 443 3472 extr.
466 3432 492 3471 et
508 3420 555 3469 inf.
577 3419 684 3470 Excurs.
703 3418 734 3466 V.
751 3414 876 3466 Similiter
896 3413 941 3464 alii
956 3415 1129 3469 Grammatici

81 3501 117 3556 «rol
128 3497 309 3569 rpeyedodpna
319 3502 427 3571 scriptis·
434 3498 613 3570 peculiaribus
624 3497 821 3568 explicuerant,
833 3494 928 3564 quibus
939 3497 1128 3567 tragoediarum

83 3570 252 3655 argumenta
266 3602 297 3634 ac
318 3581 423 3634 fabulas
446 3579 630 3651 exponebant,
653 3576 786 3628 interdum
805 3587 831 3626 et
858 3568 1126 3630 commentabantur:

84 3682 141 3734 quo
152 3682 184 3715 ex
195 3681 291 3734 genere
303 3665 406 3714 utinam
417 3671 584 3732 superessent
594 3660 687 3711 saltem
698 3655 862 3726 Asclepiade
878 3659 923 3710 adr
935 3656 1127 3726 rpeyq'rdrupiror

83 3745 164 3796 libri!
177 3760 268 3795 verum
284 3745 315 3794 iis
328 3743 439 3813 aliisque
461 3741 549 3793 multis
563 3742 683 3806 amissis,
698 3735 826 3790 nonnulla
845 3749 982 3809 superesse
1005 3737 1135 3792 videntur

15 3914 20 3924 '
99 3969 102 3977 4
118 3907 293 3968 (nofredus.
301 3909 412 3956 desecat·
418 3909 588 3957 Ptolemaeorum
668 3909 702 3964 (a)
716 3907 852 3970 VidNotas'
859 3905 890 3950 ud
896 3903 1000 3968 Apollod'.
1009 3919 1031 3964 p.
1042 3901 1087 3962 936
1095 3913 1128 3961 sq.

84 3983 152 4044 qanto
162 3981 188 4024 in
199 3981 275 4042 Opust
291 3982 357 4029 Toni.
369 3983 391 4037 1,
404 3980 475 4044 1194.
486 3979 523 4043 98Ι
538 3982 587 4026 ¹⁰5·
862 4039 865 4043 .

162 4073 187 4110 2·
296 4110 300 4117 Ι
886 4055 899 4094 ·‘
921 4067 953 4102 ao
