2724 4580
259 279 317 342 160
497 276 531 337 P.
555 272 1036 366 vtnolLItMAltonls

252 399 326 476 tlte,
340 396 397 461 ubi
409 396 580 484 complexu
592 397 699 459 AEneae
712 394 863 483 colloque
875 397 1047 485 pependit,
1093 465 1098 473 ,

253 504 295 566 Et
306 525 459 590 magnum
471 501 542 566 falsi
555 500 701 587 implevit
713 501 867 588 genitoris
879 525 1041 584 amorem3

253 603 410 694 Reginam
421 607 512 695 petit.
526 607 604 670 Haec
616 605 733 683 oculis,
746 605 816 670 haee
827 611 960 694 pectore
971 625 1043 672 toto

254 714 380 792 Haeret,
394 701 426 776 et
437 708 601 775 interdum
612 711 736 797 gremio
749 711 855 789 fovet;
867 708 968 776 inscia
980 712 1081 792 Dido,

253 820 378 900 insidat
389 837 528 909 quantus
540 817 758 884 miserae‘deus
770 821 777 880 l
791 822 831 882 At
842 842 969 885 memor
981 821 1036 884 ille

251 925 365 990 Matris
378 919 542 1004 Acidaliae,
556 924 724 1012 paullatim
736 923 867 988 abolere
878 923 1048 1013 Sychaeum
1103 1001 1108 1010 Ι

254 1032 386 1120 Incipit,
400 1047 433 1095 et
445 1031 520 1094 vivo
532 1045 636 1093 tentat
646 1035 841 1120 praevertere
853 1051 963 1093 amore

234 1220 239 1228 ι
251 1137 325 1200 Jam
337 1134 464 1224 pridem
476 1134 598 1198 resides
609 1133 948 1220 animosdesnetaque
961 1134 1069 1200 corda.

1239 413 1285 478 715
1350 389 1351 422 i

253 1335 305 1366 rum
315 1320 398 1374 Pierii,
409 1320 488 1366 Heius.
498 1330 521 1364 et
529 1320 607 1363 Burm.
618 1317 687 1362 lectio
697 1328 746 1373 eet,
757 1333 826 1380 quam
837 1320 907 1364 etiam
921 1319 1021 1366 Carisius
1030 1322 1148 1382 agnoscit,
1160 1333 1186 1366 ut
1196 1322 1286 1366 mireris

254 1408 304 1438 eom
313 1406 424 1437 noneste
441 1401 572 1451 receptam:
585 1389 610 1432 id
627 1388 691 1450 quod
707 1405 760 1434 cum
775 1390 890 1436 Brunckio
901 1391 930 1435 V.
942 1393 967 1436 C.
979 1406 1041 1436 nunc
1057 1392 1168 1437 fecimus:
1180 1394 1286 1453 inprimis

253 1477 305 1505 cum
313 1461 457 1506 observatum
464 1459 531 1504 nobis
542 1460 579 1513 tit,
586 1457 648 1503 illam
656 1461 718 1504 inter
730 1458 786 1504 duat
795 1451 985 1522 vocetcopulatat
995 1474 1034 1507 aut
1042 1464 1102 1507 inter
1110 1476 1196 1506 nomen
1205 1463 1285 1522 ctepi·

253 1531 334 1576 theton
342 1529 516 1592 interponendae
528 1530 589 1575 vocis
600 1531 713 1575 rationem
722 1533 927 1592 easeeanisitiorie
935 1533 1014 1594 utique
1024 1533 1150 1594 elegantiae,
1158 1531 1287 1577 naturalem

253 1602 585 1666 autemhnncpotitumpritcae
592 1600 741 1662 simplicitatis
747 1601 1026 1664 etmajeetatit.Vulgatam
1032 1601 1287 1665 Hamb.pr.etGoth.pt.

253 1685 359 1728 tuentur,
373 1687 396 1720 et
405 1677 464 1720 Ven.
476 1689 528 1720 cum
535 1690 571 1735 pr.
584 1673 668 1719 Moret.
679 1677 764 1735 pariter
775 1674 837 1720 donis
845 1687 965 1737 pueroque.
975 1675 1065 1720 -oross
1076 1673 1129 1720 Huc
1139 1673 1211 1722 oculis
1218 1673 1286 1718 Goth.

253 1757 306 1790 tert.
317 1756 339 1791 et
346 1755 434 1808 pectore
442 1762 477 1808 pr.
491 1744 572 1790 Hamb.
585 1744 621 1790 ed.
631 1746 696 1790 Junt.
706 1744 797 1806 -7¹⁸·
811 1749 887 1800 ructo,
896 1746 1100 1810 quanoo.malebat
1109 1749 1186 1791 Jortin
1195 1747 1203 1804 (
1211 1749 1286 1790 Troct.

253 1815 275 1858 lt
286 1832 310 1876 p.
320 1815 380 1874 465).
390 1831 481 1877 -7¹9·
492 1815 572 1859 insidet
580 1815 679 1860 Medicei
691 1826 714 1860 et
725 1817 863 1876 optimorum
875 1816 944 1861 codd.
957 1833 994 1878 ap.
1007 1809 1080 1861 Heins'
1087 1828 1121 1862 est
1130 1815 1210 1870 lectio,
1217 1829 1288 1876 quam

254 1896 278 1930 et
289 1889 351 1931 Serv.
364 1903 390 1931 ac
401 1888 504 1932 Donatus
515 1896 650 1947 agnoscunt,
661 1899 713 1930 curn
723 1886 813 1942 Nonio,
823 1897 932 1948 tanquam
942 1874 1100 1941 archanorum,
1112 1885 1219 1946 adeoque
1231 1883 1288 1927 doc·

253 1958 344 2001 tiorem.
355 1956 431 2019 Vulgo
447 1957 540 2001 irttideat
547 1972 555 2010 ;
566 1972 635 2018 qnam
646 1955 714 2001 codd.
731 1968 753 2002 et
767 1956 820 2002 edd.
834 1957 943 2002 familiam
960 1957 1035 2013 ducit,
1047 1969 1072 2002 ut
1084 1955 1139 2002 aliae
1146 1988 1153 2011 ,
1164 1957 1289 2000 Romanus.

253 2025 351 2082 Beroe.
362 2029 385 2072 vi
401 2044 422 2072 v.
436 2021 542 2071 German.
556 2024 606 2070 val.
617 2035 726 2089 quantiam
738 2043 766 2070 m.
777 2027 798 2072 d.
809 2043 836 2073 oc
849 2029 1019 2073 memorFranc.
1030 2051 1061 2062 -
1072 2041 1124 2088 7²⁰·
1134 2021 1222 2069 obolere
1231 2021 1290 2067 alter

253 2095 345 2156 Menag.
357 2120 389 2130 -
398 2111 450 2156 721.
461 2105 586 2158 pervertere
600 2095 712 2142 Montalb.
723 2096 788 2158 Leid.
802 2106 927 2160 pervertere
936 2111 1033 2142 amorem
1044 2095 1081 2141 ed.
1094 2095 1154 2138 Ven.
1167 2104 1190 2137 et
1199 2095 1231 2137 sic
1239 2092 1289 2135 Ro-

254 2181 335 2212 manua
345 2168 463 2228 antiquiss.
474 2177 606 2229 prevertere
625 2176 693 2212 tentat
708 2183 782 2216 amore
794 2157 873 2232 Piaget.
887 2171 937 2216 vino
949 2176 964 2212 t.
973 2184 996 2229 p.
1008 2179 1105 2212 amorem
1115 2162 1186 2208 Goth.
1187 2171 1251 2248 ’τι
1259 2183 1291 2196 ·-

256 2251 308 2299 7²²·
317 2237 416 2283 dissueta
425 2254 464 2301 qu.
475 2239 558 2285 Moret.
570 2250 594 2285 ct
603 2237 673 2284 Wafl.

256 2397 350 2446 tuendo
357 2415 406 2466 pro
417 2395 552 2448 intuendo.
561 2395 623 2447 Mox
631 2387 749 2448 movetur
796 2411 868 2470 tente
877 2409 961 2470 patre.
970 2397 1068 2451 misere
1075 2415 1125 2467 pro
1134 2392 1185 2447 sibi
1190 2433 1199 2460 ,
1209 2411 1291 2464 quan·
1356 2419 1357 2476 g

1239 957 1285 1003 7²⁴
1352 995 1353 998 Ἰ

256 2481 316 2524 cuni
324 2471 421 2546 dilectu
430 2474 490 2545 plus
498 2494 586 2544 quam,
595 2472 746 2541 delectatur,

256 2559 365 2603 te'rtetvr.

291 2631 351 2699 716.
376 2631 542 2682 Desiderinm
561 2651 592 2684 ex
613 2634 746 2699 absentia,

257 2727 310 2779 quo
328 2721 404 2780 pater
421 2711 572 2776 tenebatur,
594 2713 658 2764 dixit
678 2732 752 2784 amo-v

255 2805 309 2839 rem
332 2807 473 2861 magnum,
493 2810 570 2861 quern
591 2810 658 2862 puer
676 2811 748 2844 nune

210 2887 227 2904 “·
256 2867 382 2937 explevit,
397 2869 513 2934 satiavit,
527 2871 655 2940 amplexu.
669 2871 745 2922 Conf.
774 2913 776 2921 .

255 2948 316 3000 Exc.
331 2949 364 3000 ad
382 2947 409 2999 h.
421 2966 553 3019 v.—717
572 2969 610 3020 sq.
623 2951 709 3001 Haeret
720 2951 747 3000 in

255 3023 339 3098 puero
352 3041 385 3068 -'-
396 3030 496 3102 premio
508 3030 597 3098 fovet,
616 3042 699 3090 tenet,
718 3042 748 3080 ut

255 3108 303 3157 inf.
316 3109 364 3172 IV,
382 3109 423 3175 84.
438 3107 478 3159 85.
492 3109 546 3158 noli
559 3126 590 3160 ex
602 3122 691 3158 nostro
709 3127 748 3159 se·

257 3185 337 3238 dendi
346 3207 419 3241 more
429 3191 557 3240 aestimare
568 3186 658 3258 (quod
669 3190 747 3240 etiam

256 3265 389 3318 Valesium
407 3269 501 3321 fefellit
516 3271 543 3318 in
558 3268 705 3319 Valesianis
719 3287 745 3338 p.
786 3330 789 3337 Ι

255 3343 290 3396 63
299 3346 321 3415 );
334 3345 381 3397 sed
391 3347 601 3398 accumbentium
618 3349 682 3398 situs
695 3347 747 3397 ani·

257 3440 300 3471 mo
311 3437 349 3474 est
358 3417 600 3494 repraesentandus:
617 3428 661 3499 qui
672 3426 747 3476 alteri

256 3503 374 3570 proxime
383 3504 523 3568 accumbit,
533 3503 648 3576 applicat
656 3522 683 3554 se
692 3505 747 3572 ejus
782 3559 786 3574 .

244 3579 247 3591 '
258 3581 327 3629 sinui
337 3599 367 3640 ec
374 3583 482 3651 gremio.
493 3584 564 3633 Iulus
572 3583 626 3650 jam
635 3593 690 3631 tum
698 3587 748 3649 pu-

257 3655 364 3710 bescere
385 3658 491 3724 debuit,
515 3663 545 3710 sis
561 3657 667 3728 quidem
687 3671 747 3710 ante

231 3761 232 3764 ¹
258 3741 357 3806 {eptem
368 3741 541 3808 annos'patris
552 3737 632 3788 ductu
645 3758 658 3788 e
669 3739 749 3807 Troja
763 3802 766 3807 ¹
780 3781 781 3788 ,

242 3884 244 3892 1
259 3811 377 3889 egreesus
394 3831 440 3868 est.
458 3818 530 3868 Idem
541 3817 589 3880 lv,
603 3818 636 3869 56
650 3819 748 3870 exultet

259 3895 327 3946 inter
336 3898 460 3945 ven'ante‘s
470 3914 476 3953 ;
493 3906 519 3944 et
528 3893 573 3944 lib.
583 3895 631 3959 IX,
645 3898 669 3946 ei
679 3890 763 3966 ciam

244 3971 246 3974 ’
260 3991 303 4028 ma
312 3989 399 4026 return
411 3970 525 4026 creditur
537 3973 569 4024 in
581 3975 687 4041 castris,
705 3975 749 4029 ab·

796 2489 892 2532 tecum
904 2480 942 2528 vi!
954 2492 980 2528 et
992 2496 1023 2528 ex
1032 2488 1116 2547 poetae
1129 2476 1291 2544 cogitatione
1304 2479 1310 2490 ⁰

796 2569 821 2607 et
846 2574 924 2607 sensu
951 2557 1053 2627 egregie
1078 2553 1117 2604 es‘t
1143 2551 1290 2604 insertumt

796 2635 876 2686 inscia
886 2637 954 2686 Dido
964 2634 1065 2698 insidat
1072 2643 1186 2702 quantus
1193 2632 1292 2688 misere

796 2715 863 2765 deus.
877 2711 999 2765 Acidalia
1010 2715 1098 2761 Venus
1116 2711 1149 2761 ab
1166 2709 1291 2761 Acidalio

796 2791 882 2858 fonte,
894 2795 940 2864 qui
950 2804 988 2844 est
999 2794 1025 2842 in
1036 2790 1205 2842 Orchomeno
1219 2791 1293 2844 Boeo·

797 2875 838 2923 tiae
851 2877 971 2937 civitate,
990 2875 1082 2942 inquo
1095 2888 1122 2932 se
1141 2869 1239 2924 Gratiae
1257 2871 1293 2920 la·

795 2967 872 3018 rant,
886 2972 951 3024 quas
961 2954 1055 3004 Veneri
1070 2961 1173 3002 constat
1184 2968 1243 3002 esse
1254 2969 1295 3001 sa-

798 3047 891 3085 cratas.
905 3033 976 3084 Serv.
990 3027 1092 3082 abolere
1102 3027 1252 3096 Sichoeum,
1263 3030 1291 3082 h.

797 3131 819 3164 e.
833 3111 924 3162 Sichaei
934 3112 1100 3166 memoriam,
1111 3107 1292 3174 desiderium,

790 3185 921 3242 ¹amorem.
934 3201 1085 3262 prevertere
1095 3190 1224 3257 exquisite
1243 3209 1292 3260 pro

797 3269 924 3338 simplici,
939 3286 1069 3338 occupare
1087 3284 1184 3318 amore.
1205 3269 1294 3334 Nam,

797 3348 868 3418 quod
880 3365 1048 3417 occupamus,
1058 3349 1085 3396 in
1097 3363 1128 3397 eo
1139 3346 1218 3397 simul
1228 3367 1294 3417 prae·

797 3429 921 3478 vertimus
930 3421 1004 3483 aiios,
1013 3445 1045 3476 ne
1054 3437 1193 3493 occupent.
1203 3445 1294 3477 amore

796 3505 870 3570 vivo,
884 3503 1113 3580 ntflammavivo:
1127 3522 1190 3574 opp.
1202 3507 1295 3558 resides

796 3585 895 3648 animi,
916 3585 1017 3634 animus
1038 3583 1070 3634 ad
1089 3583 1248 3648 amandum,
1266 3598 1295 3634 ut

797 3663 864 3714 bene
881 3663 1000 3726 Servius,
1017 3666 1086 3714 iners
1100 3675 1126 3714 et
1141 3665 1186 3732 qui
1200 3664 1295 3715 desne-

797 3743 834 3792 rit
845 3761 940 3793 aurare.
949 3739 1126 3792 Amor-autem
1133 3741 1254 3810 puberh.
1265 3743 1293 3805 l.¹

797 3834 825 3870 ut
841 3824 868 3871 in
884 3833 935 3871 vet.
953 3823 1033 3890 signis
1046 3819 1118 3892 apud
1129 3819 1290 3874 Winckelm.

799 3889 868 3954 (Η.
880 3899 913 3950 Κ.
927 3917 953 3970 p.
969 3899 1027 3955 233.
