2656 4592
217 275 279 358 504
465 275 500 336 Ρ.
524 259 756 336 vraotn'u
779 271 1012 339 Maeonis

215 400 279 462 Seu
292 414 425 475 terram,
439 394 554 484 rapido
566 396 689 484 pariter
700 418 776 460 eum
788 395 920 461 flamine
933 415 1078 484 portant.

215 507 303 568 Tum
315 504 439 590 virgam
451 503 554 589 capit:
568 501 629 565 hac
641 502 765 566 animas
778 502 833 567 ille
846 520 962 568 evocat
974 499 1061 569 Orco

215 610 384 686 Pallentis;
396 591 474 671 alias
487 606 548 671 sub
560 609 695 671 Tartara
708 609 811 671 tristia
822 610 938 688 mittit;
1025 625 1029 630 ·

215 721 278 782 Dat
291 737 423 780 somnos
436 714 633 802 adimitque,
648 731 680 778 et
692 715 818 779 lumina
829 734 937 781 morte
950 718 1106 804 resignat.

215 823 275 886 llla
287 822 390 885 fretus
402 820 468 906 agit
479 835 610 896 ventos,
625 834 658 883 et
668 818 799 884 turbida
812 836 918 884 tranat

215 1007 243 1036 cx
252 1007 273 1036 v.
289 989 331 1034 255
344 999 410 1050 puto.
422 1012 453 1023 -
464 986 515 1042 241.
522 988 619 1047 flumine
628 998 681 1032 tert.
694 985 977 1049 Rottend.fislminealter
986 989 1070 1034 llamb.
1080 989 1262 1051 portenthledie.
1306 1041 1307 1048 ἵ

215 1078 268 1108 am.
280 1077 315 1123 pr.
328 1073 351 1105 et
367 1059 406 1105 alii
418 1059 466 1104 duo
479 1059 558 1104 lleins.
573 1059 667 1116 -242.
684 1062 743 1120 rapit
754 1060 846 1120 Menag.
862 1076 899 1121 pr.
917 1059 954 1104 ille
971 1069 1039 1106 vocat
1051 1077 1100 1105 una
1116 1061 1194 1107 vocali
1210 1060 1260 1106 elisa
1306 1065 1307 1108 3

215 1133 320 1194 Longob.
337 1132 422 1184 Pierii,
441 1141 464 1176 et
481 1128 578 1175 Mentel.
592 1147 629 1191 pr.
643 1156 674 1165 -
688 1128 739 1185 243.
754 1129 796 1175 sul)
813 1133 909 1175 Tartaro
926 1133 1006 1176 ῑνίςειὶι.
1024 1131 1143 1177 Ordinem
1158 1133 1234 1176 Burni.
1249 1147 1261 1176 e

214 1204 283 1250 codd.
301 1204 384 1257 Pierii,
400 1202 479 1247 Heius.
498 1218 510 1247 e
526 1204 573 1246 suis
588 1203 697 1247 restituit.
709 1201 776 1246 Adde
793 1201 873 1264 fragm.
889 1203 964 1248 Vatic.
983 1203 1029 1250 Alii
1047 1203 1091 1248 sub
1110 1206 1183 1248 trisne
1197 1207 1221 1246 Τ.
1233 1227 1260 1237 -
1306 1203 1307 1212 ³

215 1273 268 1330 244.
282 1271 358 1317 limina
367 1271 427 1316 Gud.
439 1283 461 1316 et
471 1271 579 1317 hottend.
592 1287 642 1332 pr.‚
654 1271 719 1333 quod
727 1273 854 1316 Burmann.
865 1274 946 1334 arripit
956 1284 979 1318 et
989 1272 1088 1335 prohat,
1098 1284 1125 1316 ut
1135 1273 1260 1318 Mercurius

214 1342 378 1392 defunctorum
390 1343 510 1388 animabus
521 1345 623 1404 resignet
639 1354 662 1388 et
678 1345 767 1404 aperiat
781 1342 864 1389 limina
875 1344 1013 1388 inferorum.
1026 1345 1117 1390 Verum
1131 1346 1164 1388 ita
1174 1359 1216 1388 nec
1226 1343 1259 1387 di·
1306 1359 1307 1396 t

213 1432 305 1471 versum
314 1416 359 1462 hoc
369 1413 467 1460 abillis:
479 1413 521 1458 sub
538 1417 634 1458 Tartara
651 1417 723 1459 tristia
739 1417 823 1468 mittiu-
838 1429 882 1460 nec
894 1413 971 1460 limine
981 1415 1090 1462 absolute
1100 1417 1133 1462 ita
1146 1414 1176 1460 de
1185 1415 1258 1459 inferis
1306 1403 1307 1452 l

211 1486 271 1532 locis
281 1487 327 1532 dici
337 1500 403 1547 posse
415 1484 532 1530 videntur.
543 1485 572 1528 cl.
584 1496 633 1528 not.
644 1485 692 1530 Nec
702 1486 827 1547 quiequam
838 1485 944 1546 proficis,
956 1486 974 1530 si
984 1491 1050 1530 nocte
1059 1487 1162 1546 resignas
1171 1482 1249 1544 legeris
1253 1499 1259 1536 ;
1306 1499 1307 1548 ζ

154 1569 158 1576 ’
212 1571 267 1601 nam
280 1568 303 1600 et
314 1555 358 1600 hoc
368 1557 444 1616 ipsum
456 1566 515 1599 esset
524 1556 624 1598 otiosum
636 1565 688 1616 post
697 1554 738 1598 dat
750 1554 880 1618 adimitque.
890 1556 917 1598 ln
928 1553 1008 1615 fragm.
1020 1554 1098 1598 Vatic.
1109 1564 1173 1596 totus
1186 1567 1258 1597 versus

213 1627 243 1672 ad
253 1626 340 1672 calcem
349 1625 446 1687 pagellae
455 1637 503 1671 erat
511 1624 646 1687 adscriptus.
654 1625 768 1687 Equidem
776 1624 855 1670 malim
863 1625 1037 1670 hemistichium
1045 1625 1140 1670 abesse:
1150 1632 1173 1668 et
1181 1621 1260 1666 tantm
1306 1667 1307 1670 ,

213 1703 285 1742 morte
296 1698 406 1758 resignat:
421 1709 563 1757 quocunque
572 1705 596 1740 te
608 1697 800 1756 interpretatione
810 1707 898 1750 vertas,
910 1696 1028 1740 sententia
1039 1705 1073 1740 est
1088 1711 1101 1738 a
1115 1693 1170 1740 loco
1180 1691 1259 1738 aliena.
1306 1699 1307 1704 ’

213 1792 244 1802 -
256 1763 307 1820 245.
319 1773 421 1810 mactat
433 1763 561 1811 Zulichem.
573 1777 596 1811 et
608 1765 678 1810 Wall.
690 1781 744 1811 curn
756 1764 877 1811 nonnullis
886 1767 965 1811 Pierii.

214 1926 277 1959 voca
289 1907 422 1978 Zephyros
436 1918 462 1958 et
473 1907 558 1960 labere
568 1909 669 1980 pennis.
683 1909 710 1959 h.

214 2007 236 2036 e.
251 1985 328 2050 vola,
340 1988 423 2052 ventis
430 1999 561 2058 portatus.
574 2005 629 2037 non
642 1989 713 2056 eninr
742 1983 746 1992 ’

212 2066 309 2118 talaria
329 2067 435 2130 ferunt,
455 2067 504 2118 sed
525 2066 572 2118 alae
586 2089 592 2116 :
608 2069 711 2119 ratione

212 2145 330 2216 mythice
342 2165 373 2197 ex
385 2147 444 2216 ipsa
457 2165 546 2198 rerum
554 2160 655 2218 patura
666 2167 711 2218 pe-

212 2228 270 2278 tita.
281 2227 314 2276 Et
322 2228 369 2277 inf.
380 2226 429 2279 252
438 2228 547 2298 paribus
555 2227 640 2279 nitens
653 2227 711 2298 Cyl-

213 2302 298 2356 lent'us
322 2304 380 2356 olis.
404 2307 506 2374 -241.
527 2307 629 2378 pariter
650 2325 710 2358 cum

204 2385 329 2458 flamine.
357 2388 528 2438 Homericum
553 2385 607 2452 alise
636 2390 712 2456 πνοιῇς

213 2463 306 2528 dripere
317 2503 325 2526 ,
338 2478 368 2516 ut
377 2466 428 2516 od.
442 2486 468 2527 s,
481 2467 523 2532 46.
536 2467 636 2532 -2424
651 2486 711 2519 evo-

213 2554 258 2594 cat
268 2563 291 2594 v.
306 2564 329 2595 c.
347 2546 529 2597 Protesilaum.
543 2563 567 2597 v.
582 2549 675 2618 Hygin.
689 2551 708 2600 f.

214 2619 274 2672 103.
296 2624 331 2672 ef.
353 2623 463 2692 Orphie.
485 2628 579 2696 Hymn.
593 2626 635 2678 56.
654 2628 711 2678 AEs-

212 2697 304 2770 chylus
312 2702 439 2768 Pers.642
451 2721 509 2774 sqq.
518 2705 614 2768 ntittt't,
628 2704 709 2772 ducit,

212 2777 258 2828 Gr.
277 2776 321 2834 reis
333 2775 527 2847 deplevimus,
541 2782 709 2848 ψυχοπομπός.

211 2858 258 2908 dat
267 2877 368 2912 somnos
384 2861 551 2933 adimitque:
565 2881 597 2914 ex
614 2862 708 2935 Odyss.

210 2957 239 3006 a,
246 2939 270 3006 4
279 2940 375 3008 *²⁴ll·
384 2939 487 3015 lumina
498 2953 579 2993 morte
588 2935 707 3015 resignat

210 3015 277 3086 Quis
289 3019 364 3071 verbi
381 3038 472 3072 sensus
492 3023 543 3088 sit,
562 3021 708 3074 dubitatur.

210 3098 253 3149 Ad
265 3104 423 3154 sententiam
433 3094 549 3154 locitam
562 3120 710 3153 accommo-

209 3179 303 3231 datum
314 3195 383 3234 esset
392 3182 475 3246 nihil,
491 3201 571 3252 quam
583 3181 709 3234 Serviane

210 3259 294 3323 ratio,
307 3263 394 3330 primo
407 3261 467 3313 loco
479 3263 584 3333 posita,
598 3280 650 3331 qua
660 3281 709 3332 per

210 3335 313 3388 claudit
334 3339 478 3392 'redditum
501 3340 600 3393 videas.
633 3342 708 3392 Nove

762 1909 836 1960 mina
845 1921 898 1973 est,
910 1911 1006 1978 aperit,
1016 1917 1116 1970 morte,
1127 1907 1156 1957 in
1165 1916 1259 1957 morte:

762 1989 836 2058 atqui
843 1987 901 2039 'hoc
913 1989 985 2058 dices
1005 2005 1158 2057 repugnare
1175 2003 1258 2036 rerum

760 2080 879 2133 natura,
903 2087 966 2118 nam
989 2079 1075 2116 morte
1100 2063 1259 2116 clauduntur

761 2148 845 2209 oculi;
870 2149 920 2199 nisi
939 2147 1059 2218 argutari
1082 2144 1160 2196 malis
1183 2155 1211 2194 et
1228 2141 1259 2196 ad

760 2228 852 2280 oculos
883 2240 968 2280 morte
993 2230 1110 2298 rigentes
1131 2237 1159 2276 et
1182 2242 1260 2294 mauu

760 2308 976 2379 comprimendos
994 2307 1104 2358 referre.
1125 2307 1259 2356 Forteta-

761 2407 822 2441 men
832 2391 870 2439 ita
882 2386 1069 2458 accipiendum
1079 2387 1148 2437 erit:
1163 2395 1258 2446 meree,

761 2469 880 2519 mortuis.
909 2467 1016 2518 Dictum
1044 2464 1097 2514 hoc
1125 2476 1196 2515 esset
1227 2461 1258 2513 ad

762 2536 912 2618 exemplum
934 2544 1044 2596 Pindari
1066 2545 1145 2595 Nem.
1170 2560 1201 2594 10
1220 2545 1255 2607 4.,

760 2627 807 2679 nbi
817 2628 912 2680 Castor
924 2645 938 2677 e
951 2638 1036 2678 morte
1051 2637 1193 2676 revocatus
1206 2623 1256 2674 eive-

760 2701 807 2756 ltiu
829 2703 954 2772 dedamis
971 2715 1030 2754 :ut
1052 2705 1091 2754 ita
1113 2703 1257 2754 Mercurius

760 2799 879 2839 mortuos
887 2790 916 2838 in
924 2791 1006 2838 vitam
1011 2803 1139 2837 revocare
1148 2783 1255 2835 dicatur.

745 2867 857 2918 -Munus
870 2881 959 2920 tamen
977 2866 1031 2917 hoc
1054 2865 1184 2916 Mercurii
1203 2863 1255 2914 aliis
1306 2917 1307 2936 .

760 2943 886 3013 exemplis
903 2941 1014 3012 probari
1032 2944 1147 3013 nequit:
1171 2944 1210 2993 sin
1227 2939 1256 2992 ad

760 3023 944 3075 evocationem
955 3021 1078 3072 Manium
1090 3022 1209 3085 referas,
1229 3038 1256 3070 ea

756 3105 812 3171 J'am
824 3102 965 3172 precessit.
984 3103 1076 3153 Potest
1088 3101 1206 3153 ¹tandem
1223 3118 1256 3150 re·

757 3181 861 3251 signare
875 3181 961 3249 accipi
974 3197 1025 3250 pro
1039 3180 1143 3232 solvere
1154 3217 1163 3245 ,
1176 3179 1256 3231 adem·

758 3262 791 3310 tis
801 3271 831 3312 ‘et
843 3258 981 3310 subductis
996 3260 1101 3312 viribus
1113 3283 1119 3309 :
1132 3273 1164 3310 ut
1175 3262 1202 3310 in
1219 3278 1257 3310 re·

758 3350 814 3391 tere
833 3341 1030 3412 Epigrammate
1041 3362 1053 3389 ,ι
1067 3340 1105 3390 Et
1122 3350 1256 3410 postquam

190 3415 312 3467 'scilicet
323 3437 373 3488 pro
383 3420 709 3494 obsignare,occludere,
753 3419 822 3489 sotis
839 3417 979 3470 morientia
999 3417 1106 3470 lum'ina
1125 3417 1210 3470 solvit.
1235 3431 1257 3469 et

209 3493 248 3547 ita
271 3494 336 3547 dixit
362 3501 498 3570 resignare.
530 3501 629 3551 Verum
651 3517 709 3552 nnec

211 3573 361 3642 exemplum
367 3581 582 3643 memoratur,in
595 3596 647 3648 quo
661 3595 707 3646 seu

209 3653 341 3725 resignare
361 3672 407 3705 seu
424 3657 534 3726 simplex
554 3659 657 3731 signare
675 3676 706 3708 eo

208 3733 450 3786 sensu'adhibitum
462 3737 513 3799 sit,
526 3755 575 3789 nee
591 3737 707 3789 alibi‘fa-

209 3813 259 3864 cile
271 3812 324 3864 hoc
335 3814 460 3864 Mercurii
478 3813 595 3866 officium
614 3814 708 3876 lauda-

209 3906 269 3958 tur,
281 3906 311 3945 ut
322 3906 407 3945 morte
416 3893 513 3945 oculos
528 3894 644 3946 claudat
665 3895 707 3946 Ad

208 3971 344 4046 vulgarem
355 3973 430 4028 verbi
442 3991 519 4026 usum
531 3973 645 4047 resignat
662 3973 705 4031 lu·

758 3502 806 3551 inf.
817 3501 850 3564 V,
868 3498 928 3550 856.
941 3497 1022 3549 Nulla
1033 3501 1104 3551 ratio
1118 3500 1256 3558 satisfaciu

759 3580 822 3650 quia
846 3579 901 3648 jam
926 3589 1094 3629 antecessere
1114 3577 1180 3643 illa,
1203 3596 1256 3648 qua

758 3658 870 3710 eandem
893 3676 949 3710 rem
975 3656 1117 3709 declarant
1141 3679 1148 3709 ε
1174 3666 1257 3708 evocat
1279 3679 1284 3690 ·

757 3739 860 3790 animas
872 3750 897 3789 et
909 3737 954 3788 suh
969 3737 1083 3787 Tartaru
1097 3737 1182 3787 mittit
1187 3758 1196 3797 ;
1206 3754 1257 3806 pra

758 3808 867 3890 reliquis
889 3830 977 3868 tamen
1008 3815 1099 3868 media
1124 3816 1257 3868 illaratio

757 3899 817 3950 usui
848 3895 977 3968 loquendi
1004 3908 1054 3946 est.
1069 3909 1258 3948 consentanea.

756 3976 855 4046 -24t
869 3975 922 4032 ltta
936 3976 1042 4048 fretus,
1056 3989 1087 4029 ut
1109 3979 1189 4032 toties
1203 3977 1255 4030 llo·
