<?xml version="1.0" encoding="UTF-8"?>
<!DOCTYPE html PUBLIC "-//W3C//DTD XHTML 1.0 Transitional//EN"
    "http://www.w3.org/TR/xhtml1/DTD/xhtml1-transitional.dtd">
<html xmlns="http://www.w3.org/1999/xhtml" xml:lang="en" lang="en">
 <head>
  <title>
</title>
<meta http-equiv="Content-Type" content="text/html;charset=utf-8" />
  <meta name='ocr-system' content='tesseract 3.04.00' />
  <meta name='ocr-capabilities' content='ocr_page ocr_carea ocr_par ocr_line ocrx_word'/>
</head>
<body>
  <div class='ocr_page' id='page_1' title='image "./pvirgiliusmaroq00barbgoog_0367.png"; bbox 0 0 2718 4598; ppageno 0'>
   <div class='ocr_carea' id='block_1_1' title="bbox 334 265 1111 357">
    <p class='ocr_par' dir='ltr' id='par_1_1' title="bbox 334 265 1111 357">
     <span class='ocr_line' id='line_1_1' title="bbox 334 265 1111 357; baseline -0.015 -9"><span class='ocrx_word' id='word_1_1' title='bbox 334 265 337 271; x_wconf 83' lang='lat'>&#39;</span> <span class='ocrx_word' id='word_1_2' title='bbox 406 285 472 346; x_wconf 79' lang='lat' dir='ltr'>An</span> <span class='ocrx_word' id='word_1_3' title='bbox 495 281 696 346; x_wconf 80' lang='lat' dir='ltr'>uranum</span> <span class='ocrx_word' id='word_1_4' title='bbox 720 282 768 345; x_wconf 92' lang='lat'>11.</span> <span class='ocrx_word' id='word_1_5' title='bbox 1048 287 1111 357; x_wconf 81' lang='lat'>355</span> 
     </span>
    </p>
   </div>
   <div class='ocr_carea' id='block_1_2' title="bbox 69 371 1110 477">
    <p class='ocr_par' dir='ltr' id='par_1_2' title="bbox 69 371 1110 477">
     <span class='ocr_line' id='line_1_2' title="bbox 69 371 1110 477; baseline -0.009 -9"><span class='ocrx_word' id='word_1_6' title='bbox 69 417 96 468; x_wconf 84' lang='lat' dir='ltr'>in</span> <span class='ocrx_word' id='word_1_7' title='bbox 109 411 170 467; x_wconf 72' lang='lat' dir='ltr'>isaar</span> <span class='ocrx_word' id='word_1_8' title='bbox 179 419 279 462; x_wconf 88' lang='lat' dir='ltr'>mutat:</span> <span class='ocrx_word' id='word_1_9' title='bbox 292 425 355 462; x_wconf 86' lang='lat' dir='ltr'>nam</span> <span class='ocrx_word' id='word_1_10' title='bbox 366 413 537 476; x_wconf 77' lang='lat' dir='ltr'>opponantur</span> <span class='ocrx_word' id='word_1_11' title='bbox 547 403 717 468; x_wconf 83' lang='lat' dir='ltr'>vestimenta,</span> <span class='ocrx_word' id='word_1_12' title='bbox 730 419 788 476; x_wconf 76' lang='lat' dir='ltr'>qua</span> <span class='ocrx_word' id='word_1_13' title='bbox 800 415 918 468; x_wconf 76' lang='lat' dir='ltr'>aromata</span> <span class='ocrx_word' id='word_1_14' title='bbox 930 371 1069 477; x_wconf 77' lang='lat' dir='ltr'>exhcrlanl,</span> <span class='ocrx_word' id='word_1_15' title='bbox 1082 429 1110 467; x_wconf 87' lang='lat' dir='ltr'>et</span> 
     </span>
    </p>
   </div>
   <div class='ocr_carea' id='block_1_3' title="bbox 12 480 1201 3984">
    <p class='ocr_par' dir='ltr' id='par_1_3' title="bbox 68 480 1117 1367">
     <span class='ocr_line' id='line_1_3' title="bbox 68 480 1111 552; baseline -0.003 -6"><span class='ocrx_word' id='word_1_16' title='bbox 68 491 191 547; x_wconf 74' lang='lat' dir='ltr'>AnchIsa</span> <span class='ocrx_word' id='word_1_17' title='bbox 211 489 392 542; x_wconf 83' lang='lat' dir='ltr'>vestimentum</span> <span class='ocrx_word' id='word_1_18' title='bbox 414 495 508 551; x_wconf 74' lang='lat' dir='ltr'>tetram</span> <span class='ocrx_word' id='word_1_19' title='bbox 527 485 629 536; x_wconf 83' lang='lat' dir='ltr'>odorem</span> <span class='ocrx_word' id='word_1_20' title='bbox 648 481 782 536; x_wconf 83' lang='lat' dir='ltr'><strong><em>exhalans.</em></strong></span> <span class='ocrx_word' id='word_1_21' title='bbox 802 485 901 536; x_wconf 85' lang='lat' dir='ltr'>Verum</span> <span class='ocrx_word' id='word_1_22' title='bbox 916 489 985 552; x_wconf 26' lang='lat' dir='ltr'>,satis</span> <span class='ocrx_word' id='word_1_23' title='bbox 1005 488 1038 542; x_wconf 89' lang='lat' dir='ltr'>de</span> <span class='ocrx_word' id='word_1_24' title='bbox 1058 480 1111 546; x_wconf 86' lang='lat' dir='ltr'>hoc¹</span> 
     </span>
     <span class='ocr_line' id='line_1_4' title="bbox 71 561 1113 643; baseline -0.003 -17"><span class='ocrx_word' id='word_1_25' title='bbox 71 576 147 642; x_wconf 88' lang='lat' dir='ltr'>loco,</span> <span class='ocrx_word' id='word_1_26' title='bbox 162 575 237 643; x_wconf 87' lang='lat' dir='ltr'>cujus</span> <span class='ocrx_word' id='word_1_27' title='bbox 248 569 452 622; x_wconf 83' lang='lat' dir='ltr'>illustrationem</span> <span class='ocrx_word' id='word_1_28' title='bbox 466 584 482 617; x_wconf 89' lang='lat' dir='ltr'>a</span> <span class='ocrx_word' id='word_1_29' title='bbox 494 565 652 618; x_wconf 85' lang='lat' dir='ltr'>doctissimis</span> <span class='ocrx_word' id='word_1_30' title='bbox 664 563 811 617; x_wconf 83' lang='lat' dir='ltr'>editoribus</span> <span class='ocrx_word' id='word_1_31' title='bbox 823 565 961 638; x_wconf 81' lang='lat' dir='ltr'>Sophoclis</span> <span class='ocrx_word' id='word_1_32' title='bbox 975 581 1002 620; x_wconf 91' lang='lat' dir='ltr'>ct</span> <span class='ocrx_word' id='word_1_33' title='bbox 1011 561 1113 626; x_wconf 84' lang='lat' dir='ltr'>Plutar-</span> 
     </span>
     <span class='ocr_line' id='line_1_5' title="bbox 71 637 1114 724; baseline -0.009 -17"><span class='ocrx_word' id='word_1_34' title='bbox 71 655 116 706; x_wconf 83' lang='lat' dir='ltr'>chi</span> <span class='ocrx_word' id='word_1_35' title='bbox 126 651 271 724; x_wconf 83' lang='lat' dir='ltr'>aliquando</span> <span class='ocrx_word' id='word_1_36' title='bbox 284 637 467 720; x_wconf 72' lang='lat' dir='ltr'>expectamus.¹</span> <span class='ocrx_word' id='word_1_37' title='bbox 474 648 552 700; x_wconf 89' lang='lat' dir='ltr'>Nunc</span> <span class='ocrx_word' id='word_1_38' title='bbox 562 648 727 718; x_wconf 89' lang='lat' dir='ltr'>potissimum</span> <span class='ocrx_word' id='word_1_39' title='bbox 740 645 806 698; x_wconf 87' lang='lat' dir='ltr'>illud</span> <span class='ocrx_word' id='word_1_40' title='bbox 816 647 974 715; x_wconf 88' lang='lat' dir='ltr'>tenendum,</span> <span class='ocrx_word' id='word_1_41' title='bbox 988 670 1047 704; x_wconf 88' lang='lat' dir='ltr'>cum</span> <span class='ocrx_word' id='word_1_42' title='bbox 1058 653 1114 707; x_wconf 58' lang='lat' dir='ltr'>Ans</span> 
     </span>
     <span class='ocr_line' id='line_1_6' title="bbox 71 728 1114 805; baseline -0.008 -20"><span class='ocrx_word' id='word_1_43' title='bbox 71 734 150 787; x_wconf 80' lang='lat' dir='ltr'>chisae</span> <span class='ocrx_word' id='word_1_44' title='bbox 162 750 304 805; x_wconf 79' lang='lat' dir='ltr'>personam</span> <span class='ocrx_word' id='word_1_45' title='bbox 317 729 424 779; x_wconf 87' lang='lat' dir='ltr'>omnino</span> <span class='ocrx_word' id='word_1_46' title='bbox 437 739 518 798; x_wconf 89' lang='lat' dir='ltr'>poeta</span> <span class='ocrx_word' id='word_1_47' title='bbox 529 729 632 798; x_wconf 78' lang='lat' dir='ltr'>egregie</span> <span class='ocrx_word' id='word_1_48' title='bbox 650 739 770 791; x_wconf 88' lang='lat' dir='ltr'>tueatur,</span> <span class='ocrx_word' id='word_1_49' title='bbox 783 729 882 798; x_wconf 87' lang='lat' dir='ltr'>quippe</span> <span class='ocrx_word' id='word_1_50' title='bbox 893 731 935 779; x_wconf 89' lang='lat' dir='ltr'>cui</span> <span class='ocrx_word' id='word_1_51' title='bbox 950 728 1054 802; x_wconf 80' lang='lat' dir='ltr'>semper</span> <span class='ocrx_word' id='word_1_52' title='bbox 1068 732 1114 786; x_wconf 72' lang='lat' dir='ltr'>det</span> 
     </span>
     <span class='ocr_line' id='line_1_7' title="bbox 71 805 1115 885; baseline -0.012 -17"><span class='ocrx_word' id='word_1_53' title='bbox 71 827 161 885; x_wconf 88' lang='lat' dir='ltr'>partes</span> <span class='ocrx_word' id='word_1_54' title='bbox 173 813 306 883; x_wconf 87' lang='lat' dir='ltr'>jubentis,</span> <span class='ocrx_word' id='word_1_55' title='bbox 323 809 518 881; x_wconf 70' lang='lat' dir='ltr'>praecipientis,</span> <span class='ocrx_word' id='word_1_56' title='bbox 528 809 674 872; x_wconf 89' lang='lat' dir='ltr'>monentis,</span> <span class='ocrx_word' id='word_1_57' title='bbox 687 805 760 877; x_wconf 88' lang='lat' dir='ltr'>quod</span> <span class='ocrx_word' id='word_1_58' title='bbox 774 807 808 859; x_wconf 87' lang='lat' dir='ltr'>ad</span> <span class='ocrx_word' id='word_1_59' title='bbox 826 820 965 878; x_wconf 87' lang='lat' dir='ltr'>parentum</span> <span class='ocrx_word' id='word_1_60' title='bbox 978 829 1009 862; x_wconf 77' lang='lat' dir='ltr'>aa</span> <span class='ocrx_word' id='word_1_61' title='bbox 1021 827 1115 864; x_wconf 79' lang='lat' dir='ltr'>senum</span> 
     </span>
     <span class='ocr_line' id='line_1_8' title="bbox 72 885 1114 966; baseline -0.001 -22"><span class='ocrx_word' id='word_1_62' title='bbox 72 893 237 966; x_wconf 77' lang='lat' dir='ltr'>temporibus</span> <span class='ocrx_word' id='word_1_63' title='bbox 249 891 363 943; x_wconf 87' lang='lat' dir='ltr'>heroicis</span> <span class='ocrx_word' id='word_1_64' title='bbox 377 889 561 940; x_wconf 88' lang='lat' dir='ltr'>auctoritatem</span> <span class='ocrx_word' id='word_1_65' title='bbox 571 897 603 938; x_wconf 68' lang='lat' dir='ltr'>aa¹</span> <span class='ocrx_word' id='word_1_66' title='bbox 613 887 779 938; x_wconf 78' lang='lat' dir='ltr'>sanctitatem</span> <span class='ocrx_word' id='word_1_67' title='bbox 790 885 915 956; x_wconf 77' lang='lat' dir='ltr'>preclare</span> <span class='ocrx_word' id='word_1_68' title='bbox 926 900 965 939; x_wconf 88' lang='lat' dir='ltr'>est</span> <span class='ocrx_word' id='word_1_69' title='bbox 977 909 1114 962; x_wconf 63' lang='lat' dir='ltr'>compara⁴</span> 
     </span>
     <span class='ocr_line' id='line_1_9' title="bbox 73 965 1097 1043; baseline -0.001 -19"><span class='ocrx_word' id='word_1_70' title='bbox 73 989 146 1038; x_wconf 89' lang='lat' dir='ltr'>tum,</span> <span class='ocrx_word' id='word_1_71' title='bbox 166 973 286 1043; x_wconf 89' lang='lat' dir='ltr'>inprimis</span> <span class='ocrx_word' id='word_1_72' title='bbox 300 979 389 1021; x_wconf 82' lang='lat' dir='ltr'>tamen</span> <span class='ocrx_word' id='word_1_73' title='bbox 405 970 429 1019; x_wconf 88' lang='lat' dir='ltr'>ei</span> <span class='ocrx_word' id='word_1_74' title='bbox 449 965 586 1019; x_wconf 84' lang='lat' dir='ltr'>divinandi</span> <span class='ocrx_word' id='word_1_75' title='bbox 599 978 625 1018; x_wconf 91' lang='lat' dir='ltr'>et</span> <span class='ocrx_word' id='word_1_76' title='bbox 643 984 704 1016; x_wconf 89' lang='lat' dir='ltr'>cum</span> <span class='ocrx_word' id='word_1_77' title='bbox 716 967 841 1036; x_wconf 83' lang='lat' dir='ltr'>auguria,</span> <span class='ocrx_word' id='word_1_78' title='bbox 851 967 941 1018; x_wconf 86' lang='lat' dir='ltr'>omina</span> <span class='ocrx_word' id='word_1_79' title='bbox 951 987 982 1019; x_wconf 89' lang='lat' dir='ltr'>ac</span> <span class='ocrx_word' id='word_1_80' title='bbox 994 973 1097 1024; x_wconf 87' lang='lat' dir='ltr'>somnia</span> 
     </span>
     <span class='ocr_line' id='line_1_10' title="bbox 72 1019 1114 1122; baseline -0.007 -16"><span class='ocrx_word' id='word_1_81' title='bbox 72 1069 130 1106; x_wconf 87' lang='lat' dir='ltr'>tum</span> <span class='ocrx_word' id='word_1_82' title='bbox 144 1052 254 1106; x_wconf 89' lang='lat' dir='ltr'>oracula</span> <span class='ocrx_word' id='word_1_83' title='bbox 270 1047 462 1120; x_wconf 89' lang='lat' dir='ltr'>interpretandi</span> <span class='ocrx_word' id='word_1_84' title='bbox 472 1047 627 1099; x_wconf 84' lang='lat' dir='ltr'>facultatem</span> <span class='ocrx_word' id='word_1_85' title='bbox 640 1044 720 1096; x_wconf 89' lang='lat' dir='ltr'>tribui</span> <span class='ocrx_word' id='word_1_86' title='bbox 737 1063 753 1096; x_wconf 88' lang='lat' dir='ltr'>a</span> <span class='ocrx_word' id='word_1_87' title='bbox 764 1033 893 1116; x_wconf 75' lang='lat' dir='ltr'>virgilie,</span> <span class='ocrx_word' id='word_1_88' title='bbox 906 1059 936 1097; x_wconf 91' lang='lat' dir='ltr'>ut</span> <span class='ocrx_word' id='word_1_89' title='bbox 951 1047 996 1100; x_wconf 89' lang='lat' dir='ltr'>lib.</span> <span class='ocrx_word' id='word_1_90' title='bbox 1010 1052 1049 1112; x_wconf 90' lang='lat'>11,</span> <span class='ocrx_word' id='word_1_91' title='bbox 1062 1019 1114 1122; x_wconf 55' lang='lat'>687⁹</span> 
     </span>
     <span class='ocr_line' id='line_1_11' title="bbox 71 1123 1116 1205; baseline -0.017 -18"><span class='ocrx_word' id='word_1_92' title='bbox 71 1153 133 1205; x_wconf 83' lang='lat' dir='ltr'>sqq.</span> <span class='ocrx_word' id='word_1_93' title='bbox 143 1135 192 1200; x_wconf 91' lang='lat' dir='ltr'>III,</span> <span class='ocrx_word' id='word_1_94' title='bbox 206 1151 239 1202; x_wconf 91' lang='lat'>9,</span> <span class='ocrx_word' id='word_1_95' title='bbox 253 1129 311 1184; x_wconf 76' lang='lat'><strong>538.</strong></span> <span class='ocrx_word' id='word_1_96' title='bbox 324 1128 384 1192; x_wconf 90' lang='lat' dir='ltr'>VII,</span> <span class='ocrx_word' id='word_1_97' title='bbox 398 1145 496 1198; x_wconf 76' lang='lat' dir='ltr'>raasq.</span> <span class='ocrx_word' id='word_1_98' title='bbox 506 1167 515 1193; x_wconf 90' lang='lat'>,</span> <span class='ocrx_word' id='word_1_99' title='bbox 526 1124 599 1196; x_wconf 92' lang='lat' dir='ltr'>quod</span> <span class='ocrx_word' id='word_1_100' title='bbox 610 1126 688 1176; x_wconf 86' lang='lat' dir='ltr'>Ennii</span> <span class='ocrx_word' id='word_1_101' title='bbox 699 1143 755 1178; x_wconf 90' lang='lat' dir='ltr'>nou</span> <span class='ocrx_word' id='word_1_102' title='bbox 770 1123 851 1174; x_wconf 89' lang='lat' dir='ltr'>modo</span> <span class='ocrx_word' id='word_1_103' title='bbox 868 1137 894 1176; x_wconf 92' lang='lat' dir='ltr'>et</span> <span class='ocrx_word' id='word_1_104' title='bbox 904 1127 987 1178; x_wconf 85' lang='lat' dir='ltr'>Naevii</span> <span class='ocrx_word' id='word_1_105' title='bbox 1000 1133 1116 1181; x_wconf 88' lang='lat' dir='ltr'>auctori.</span> 
     </span>
     <span class='ocr_line' id='line_1_12' title="bbox 71 1205 1114 1275; baseline -0.005 -11"><span class='ocrx_word' id='word_1_106' title='bbox 71 1228 127 1266; x_wconf 89' lang='lat' dir='ltr'>tate</span> <span class='ocrx_word' id='word_1_107' title='bbox 140 1214 204 1264; x_wconf 87' lang='lat' dir='ltr'>facit</span> <span class='ocrx_word' id='word_1_108' title='bbox 219 1211 266 1263; x_wconf 88' lang='lat' dir='ltr'>sed</span> <span class='ocrx_word' id='word_1_109' title='bbox 283 1211 436 1262; x_wconf 80' lang='lat' dir='ltr'>Graecorum</span> <span class='ocrx_word' id='word_1_110' title='bbox 449 1208 504 1258; x_wconf 85' lang='lat' dir='ltr'>fere</span> <span class='ocrx_word' id='word_1_111' title='bbox 518 1208 678 1275; x_wconf 87' lang='lat' dir='ltr'>scriptorum</span> <span class='ocrx_word' id='word_1_112' title='bbox 695 1222 834 1256; x_wconf 88' lang='lat' dir='ltr'>consensu.</span> <span class='ocrx_word' id='word_1_113' title='bbox 847 1205 926 1256; x_wconf 89' lang='lat' dir='ltr'>Ennii</span> <span class='ocrx_word' id='word_1_114' title='bbox 935 1224 1026 1259; x_wconf 83' lang='lat' dir='ltr'>versus</span> <span class='ocrx_word' id='word_1_115' title='bbox 1039 1223 1114 1264; x_wconf 82' lang='lat' dir='ltr'>erat:</span> 
     </span>
     <span class='ocr_line' id='line_1_13' title="bbox 73 1283 1117 1367; baseline -0.013 -21"><span class='ocrx_word' id='word_1_116' title='bbox 73 1296 162 1367; x_wconf 77' lang='lat' dir='ltr'>Atque</span> <span class='ocrx_word' id='word_1_117' title='bbox 172 1291 297 1345; x_wconf 78' lang='lat' dir='ltr'>Anchises</span> <span class='ocrx_word' id='word_1_118' title='bbox 308 1287 402 1348; x_wconf 86' lang='lat' dir='ltr'>doctu&#39;‚</span> <span class='ocrx_word' id='word_1_119' title='bbox 418 1288 445 1342; x_wconf 86' lang='lat' dir='ltr'><em>V</em></span> <span class='ocrx_word' id='word_1_120' title='bbox 442 1306 505 1339; x_wconf 85' lang='lat' dir='ltr'>enus</span> <span class='ocrx_word' id='word_1_121' title='bbox 519 1305 597 1358; x_wconf 77' lang='lat' dir='ltr'>quem</span> <span class='ocrx_word' id='word_1_122' title='bbox 611 1283 702 1351; x_wconf 84' lang='lat' dir='ltr'>palera</span> <span class='ocrx_word' id='word_1_123' title='bbox 715 1285 821 1336; x_wconf 86' lang='lat' dir='ltr'>dearum</span> <span class='ocrx_word' id='word_1_124' title='bbox 840 1285 902 1335; x_wconf 74' lang='lat' dir='ltr'>l&#39;ari</span> <span class='ocrx_word' id='word_1_125' title='bbox 915 1286 1036 1354; x_wconf 81' lang='lat' dir='ltr'>donavit,</span> <span class='ocrx_word' id='word_1_126' title='bbox 1049 1291 1117 1341; x_wconf 75' lang='lat' dir='ltr'>divi.¹</span> 
     </span>
    </p>

    <p class='ocr_par' dir='ltr' id='par_1_4' title="bbox 12 1346 1201 2388">
     <span class='ocr_line' id='line_1_14' title="bbox 12 1346 1201 1444; baseline -0.008 -18"><span class='ocrx_word' id='word_1_127' title='bbox 12 1427 15 1441; x_wconf 57' lang='grc'>,</span> <span class='ocrx_word' id='word_1_128' title='bbox 74 1382 236 1444; x_wconf 74' lang='lat' dir='ltr'>rampertus</span> <span class='ocrx_word' id='word_1_129' title='bbox 249 1368 357 1420; x_wconf 80' lang='lat' dir='ltr'>haberes</span> <span class='ocrx_word' id='word_1_130' title='bbox 369 1369 473 1438; x_wconf 83' lang='lat' dir='ltr'>Fragm.</span> <span class='ocrx_word' id='word_1_131' title='bbox 486 1384 513 1434; x_wconf 92' lang='lat' dir='ltr'>p.</span> <span class='ocrx_word' id='word_1_132' title='bbox 528 1381 556 1416; x_wconf 81' lang='grc' dir='ltr'>ιι</span> <span class='ocrx_word' id='word_1_133' title='bbox 567 1404 575 1432; x_wconf 99' lang='grc'>,</span> <span class='ocrx_word' id='word_1_134' title='bbox 587 1365 634 1415; x_wconf 92' lang='lat' dir='ltr'>ubi</span> <span class='ocrx_word' id='word_1_135' title='bbox 645 1363 775 1414; x_wconf 86' lang='lat' dir='ltr'>Columna</span> <span class='ocrx_word' id='word_1_136' title='bbox 786 1363 875 1414; x_wconf 89' lang='lat' dir='ltr'>locum</span> <span class='ocrx_word' id='word_1_137' title='bbox 886 1365 969 1416; x_wconf 85' lang='lat' dir='ltr'>Naevii</span> <span class='ocrx_word' id='word_1_138' title='bbox 982 1371 1114 1438; x_wconf 87' lang='lat' dir='ltr'>apposuit.</span> <span class='ocrx_word' id='word_1_139' title='bbox 1198 1346 1201 1351; x_wconf 26' lang='grc' dir='ltr'>Ι</span> 
     </span>
     <span class='ocr_line' id='line_1_15' title="bbox 72 1439 1116 1523; baseline -0.011 -18"><span class='ocrx_word' id='word_1_140' title='bbox 72 1457 192 1523; x_wconf 88' lang='lat' dir='ltr'>Uterque</span> <span class='ocrx_word' id='word_1_141' title='bbox 203 1451 317 1503; x_wconf 84' lang='lat' dir='ltr'>habetur</span> <span class='ocrx_word' id='word_1_142' title='bbox 333 1451 361 1500; x_wconf 88' lang='lat' dir='ltr'>in</span> <span class='ocrx_word' id='word_1_143' title='bbox 375 1447 463 1499; x_wconf 91' lang='lat' dir='ltr'>Probo</span> <span class='ocrx_word' id='word_1_144' title='bbox 476 1445 511 1498; x_wconf 88' lang='lat' dir='ltr'>ad</span> <span class='ocrx_word' id='word_1_145' title='bbox 521 1445 575 1496; x_wconf 81' lang='lat' dir='ltr'>Ecl.</span> <span class='ocrx_word' id='word_1_146' title='bbox 589 1447 641 1507; x_wconf 84' lang='lat' dir='ltr'>VI,</span> <span class='ocrx_word' id='word_1_147' title='bbox 660 1455 686 1494; x_wconf 93' lang='lat' dir='ltr'>et</span> <span class='ocrx_word' id='word_1_148' title='bbox 706 1446 733 1494; x_wconf 88' lang='lat' dir='ltr'>in</span> <span class='ocrx_word' id='word_1_149' title='bbox 751 1445 898 1514; x_wconf 84' lang='lat' dir='ltr'>Pomponio</span> <span class='ocrx_word' id='word_1_150' title='bbox 911 1439 985 1497; x_wconf 87' lang='lat' dir='ltr'>adh.</span> <span class='ocrx_word' id='word_1_151' title='bbox 998 1448 1016 1499; x_wconf 89' lang='lat' dir='ltr'>l.</span> <span class='ocrx_word' id='word_1_152' title='bbox 1029 1450 1116 1510; x_wconf 79' lang='lat' dir='ltr'>Etiam</span> 
     </span>
     <span class='ocr_line' id='line_1_16' title="bbox 74 1523 1117 1605; baseline -0.011 -19"><span class='ocrx_word' id='word_1_153' title='bbox 74 1532 221 1605; x_wconf 85' lang='lat' dir='ltr'>Sophocles</span> <span class='ocrx_word' id='word_1_154' title='bbox 231 1529 415 1582; x_wconf 86' lang='lat' dir='ltr'>inLaocoonte</span> <span class='ocrx_word' id='word_1_155' title='bbox 425 1529 534 1583; x_wconf 85' lang='lat' dir='ltr'>AEneam</span> <span class='ocrx_word' id='word_1_156' title='bbox 544 1525 684 1575; x_wconf 83' lang='lat' dir='ltr'>induxerat</span> <span class='ocrx_word' id='word_1_157' title='bbox 695 1526 721 1574; x_wconf 89' lang='lat' dir='ltr'>in</span> <span class='ocrx_word' id='word_1_158' title='bbox 733 1523 808 1574; x_wconf 86' lang='lat' dir='ltr'>Idam</span> <span class='ocrx_word' id='word_1_159' title='bbox 820 1523 986 1577; x_wconf 89' lang='lat' dir='ltr'>secedentem</span> <span class='ocrx_word' id='word_1_160' title='bbox 995 1528 1117 1580; x_wconf 69' lang='lat' dir='ltr'>Anchisa·</span> 
     </span>
     <span class='ocr_line' id='line_1_17' title="bbox 74 1597 1185 1685; baseline -0.013 -18"><span class='ocrx_word' id='word_1_161' title='bbox 74 1615 160 1685; x_wconf 84' lang='lat' dir='ltr'>patris</span> <span class='ocrx_word' id='word_1_162' title='bbox 169 1613 254 1680; x_wconf 84' lang='lat' dir='ltr'>jussu,</span> <span class='ocrx_word' id='word_1_163' title='bbox 267 1611 312 1680; x_wconf 90' lang='lat' dir='ltr'>qui</span> <span class='ocrx_word' id='word_1_164' title='bbox 327 1609 423 1680; x_wconf 83' lang='lat' dir='ltr'>partim</span> <span class='ocrx_word' id='word_1_165' title='bbox 436 1617 606 1674; x_wconf 86' lang='lat' dir='ltr'>acceptorum</span> <span class='ocrx_word' id='word_1_166' title='bbox 620 1604 746 1654; x_wconf 90' lang='lat' dir='ltr'>aVenere</span> <span class='ocrx_word' id='word_1_167' title='bbox 758 1600 943 1653; x_wconf 90' lang='lat' dir='ltr'>mandatorum</span> <span class='ocrx_word' id='word_1_168' title='bbox 956 1624 1057 1656; x_wconf 90' lang='lat' dir='ltr'>memor</span> <span class='ocrx_word' id='word_1_169' title='bbox 1068 1606 1118 1674; x_wconf 84' lang='lat' dir='ltr'>(ex</span> <span class='ocrx_word' id='word_1_170' title='bbox 1142 1611 1146 1618; x_wconf 81' lang='lat'><em>&#39;</em></span> <span class='ocrx_word' id='word_1_171' title='bbox 1182 1597 1185 1610; x_wconf 73' lang='grc'>’</span> 
     </span>
     <span class='ocr_line' id='line_1_18' title="bbox 76 1679 1117 1765; baseline -0.011 -20"><span class='ocrx_word' id='word_1_172' title='bbox 76 1692 175 1765; x_wconf 89' lang='lat' dir='ltr'>quibus</span> <span class='ocrx_word' id='word_1_173' title='bbox 186 1689 311 1762; x_wconf 74' lang='lat' dir='ltr'>Virgilius</span> <span class='ocrx_word' id='word_1_174' title='bbox 331 1685 457 1738; x_wconf 89' lang='lat' dir='ltr'>mandata</span> <span class='ocrx_word' id='word_1_175' title='bbox 469 1684 580 1734; x_wconf 89' lang='lat' dir='ltr'>Veneris</span> <span class='ocrx_word' id='word_1_176' title='bbox 597 1683 683 1732; x_wconf 87' lang='lat' dir='ltr'>AEneae</span> <span class='ocrx_word' id='word_1_177' title='bbox 703 1680 766 1731; x_wconf 88' lang='lat' dir='ltr'>data</span> <span class='ocrx_word' id='word_1_178' title='bbox 777 1679 948 1732; x_wconf 87' lang='lat' dir='ltr'>adumbrasse</span> <span class='ocrx_word' id='word_1_179' title='bbox 962 1682 1066 1734; x_wconf 86' lang='lat' dir='ltr'>videtur</span> <span class='ocrx_word' id='word_1_180' title='bbox 1076 1686 1117 1749; x_wconf 89' lang='grc' dir='ltr'>Η,</span> 
     </span>
     <span class='ocr_line' id='line_1_19' title="bbox 74 1759 1190 1842; baseline -0.028 -16"><span class='ocrx_word' id='word_1_181' title='bbox 74 1776 130 1842; x_wconf 78' lang='grc'>619</span> <span class='ocrx_word' id='word_1_182' title='bbox 141 1769 219 1841; x_wconf 69' lang='lat' dir='ltr'>sqq..)</span> <span class='ocrx_word' id='word_1_183' title='bbox 230 1769 327 1839; x_wconf 86' lang='lat' dir='ltr'>partim</span> <span class='ocrx_word' id='word_1_184' title='bbox 339 1763 489 1836; x_wconf 88' lang='lat' dir='ltr'>prodigiam</span> <span class='ocrx_word' id='word_1_185' title='bbox 499 1761 573 1832; x_wconf 91' lang='lat' dir='ltr'>quod</span> <span class='ocrx_word' id='word_1_186' title='bbox 584 1759 664 1810; x_wconf 89' lang='lat' dir='ltr'>modo</span> <span class='ocrx_word' id='word_1_187' title='bbox 677 1761 704 1809; x_wconf 91' lang='lat' dir='ltr'>in</span> <span class='ocrx_word' id='word_1_188' title='bbox 715 1761 867 1810; x_wconf 87' lang='lat' dir='ltr'>Laocoonte</span> <span class='ocrx_word' id='word_1_189' title='bbox 881 1760 989 1829; x_wconf 74' lang='lat' dir='ltr'>ejusque</span> <span class='ocrx_word' id='word_1_190' title='bbox 1001 1759 1065 1828; x_wconf 45' lang='lat' dir='ltr'>filij,</span> <span class='ocrx_word' id='word_1_191' title='bbox 1076 1782 1119 1814; x_wconf 62' lang='lat' dir='ltr'>ac,</span> <span class='ocrx_word' id='word_1_192' title='bbox 1188 1785 1190 1795; x_wconf 38' lang='lat' dir='ltr'>r</span> 
     </span>
     <span class='ocr_line' id='line_1_20' title="bbox 75 1825 1118 1918; baseline -0.012 -13"><span class='ocrx_word' id='word_1_193' title='bbox 75 1852 196 1913; x_wconf 85' lang='lat' dir='ltr'>ciderat,</span> <span class='ocrx_word' id='word_1_194' title='bbox 208 1851 414 1918; x_wconf 87' lang='lat' dir='ltr'>interpretatus,</span> <span class='ocrx_word' id='word_1_195' title='bbox 427 1843 501 1894; x_wconf 88' lang='lat' dir='ltr'>urbis</span> <span class='ocrx_word' id='word_1_196' title='bbox 514 1841 649 1892; x_wconf 84' lang='lat' dir='ltr'>interitum</span> <span class='ocrx_word' id='word_1_197' title='bbox 661 1836 824 1910; x_wconf 67' lang='lat' dir='ltr'>previdebat</span> <span class='ocrx_word' id='word_1_198' title='bbox 837 1840 909 1908; x_wconf 83' lang='lat' dir='ltr'>apud</span> <span class='ocrx_word' id='word_1_199' title='bbox 924 1825 1078 1912; x_wconf 81' lang='lat' dir='ltr'>Dionysium</span> <span class='ocrx_word' id='word_1_200' title='bbox 1090 1845 1118 1908; x_wconf 94' lang='lat' dir='ltr'>I,</span> 
     </span>
     <span class='ocr_line' id='line_1_21' title="bbox 74 1916 1118 1998; baseline -0.015 -13"><span class='ocrx_word' id='word_1_201' title='bbox 74 1933 121 1998; x_wconf 76' lang='grc'>48.</span> <span class='ocrx_word' id='word_1_202' title='bbox 135 1931 244 1981; x_wconf 91' lang='lat' dir='ltr'>Veneris</span> <span class='ocrx_word' id='word_1_203' title='bbox 254 1929 329 1997; x_wconf 87' lang='lat' dir='ltr'>jussu</span> <span class='ocrx_word' id='word_1_204' title='bbox 340 1927 449 1976; x_wconf 83' lang='lat' dir='ltr'>AEneam</span> <span class='ocrx_word' id='word_1_205' title='bbox 461 1923 576 1992; x_wconf 78' lang='lat' dir='ltr'>fugisse,</span> <span class='ocrx_word' id='word_1_206' title='bbox 594 1921 673 1970; x_wconf 87' lang='lat' dir='ltr'>etiam</span> <span class='ocrx_word' id='word_1_207' title='bbox 686 1916 757 1988; x_wconf 89' lang='lat' dir='ltr'>apud</span> <span class='ocrx_word' id='word_1_208' title='bbox 770 1918 907 1969; x_wconf 90' lang='lat' dir='ltr'>Cononem</span> <span class='ocrx_word' id='word_1_209' title='bbox 918 1919 1036 1970; x_wconf 89' lang='lat' dir='ltr'>invenias</span> <span class='ocrx_word' id='word_1_210' title='bbox 1048 1921 1118 1972; x_wconf 86' lang='lat' dir='ltr'>Nar-</span> 
     </span>
     <span class='ocr_line' id='line_1_22' title="bbox 76 1995 1117 2077; baseline -0.015 -16"><span class='ocrx_word' id='word_1_211' title='bbox 76 2022 128 2062; x_wconf 89' lang='lat' dir='ltr'>rat.</span> <span class='ocrx_word' id='word_1_212' title='bbox 142 2009 241 2071; x_wconf 84' lang='lat' dir='ltr'>XLVI,</span> <span class='ocrx_word' id='word_1_213' title='bbox 255 2024 312 2077; x_wconf 81' lang='lat' dir='ltr'>quae</span> <span class='ocrx_word' id='word_1_214' title='bbox 333 2017 359 2056; x_wconf 88' lang='lat' dir='ltr'>et</span> <span class='ocrx_word' id='word_1_215' title='bbox 377 2011 517 2068; x_wconf 82' lang='lat' dir='ltr'>monuerat</span> <span class='ocrx_word' id='word_1_216' title='bbox 529 2000 621 2051; x_wconf 86' lang='lat' dir='ltr'>urbem</span> <span class='ocrx_word' id='word_1_217' title='bbox 635 2016 667 2049; x_wconf 93' lang='lat' dir='ltr'>eo</span> <span class='ocrx_word' id='word_1_218' title='bbox 679 1997 739 2048; x_wconf 88' lang='lat' dir='ltr'>laco</span> <span class='ocrx_word' id='word_1_219' title='bbox 759 1995 942 2062; x_wconf 78' lang='lat' dir='ltr'>condendam,</span> <span class='ocrx_word' id='word_1_220' title='bbox 955 1997 1001 2048; x_wconf 90' lang='lat' dir='ltr'>ubi</span> <span class='ocrx_word' id='word_1_221' title='bbox 1020 1999 1117 2050; x_wconf 85' lang='lat' dir='ltr'>bovem</span> 
     </span>
     <span class='ocr_line' id='line_1_23' title="bbox 77 2077 1120 2158; baseline -0.014 -16"><span class='ocrx_word' id='word_1_222' title='bbox 77 2090 130 2142; x_wconf 92' lang='lat' dir='ltr'>sibi</span> <span class='ocrx_word' id='word_1_223' title='bbox 143 2087 279 2158; x_wconf 88' lang='lat' dir='ltr'>admugire</span> <span class='ocrx_word' id='word_1_224' title='bbox 290 2081 503 2153; x_wconf 85' lang='lat' dir='ltr'>deprehensurus</span> <span class='ocrx_word' id='word_1_225' title='bbox 513 2091 596 2139; x_wconf 85' lang='lat' dir='ltr'>esset;</span> <span class='ocrx_word' id='word_1_226' title='bbox 608 2089 634 2128; x_wconf 91' lang='lat' dir='ltr'>et</span> <span class='ocrx_word' id='word_1_227' title='bbox 646 2096 662 2128; x_wconf 92' lang='lat' dir='ltr'>a</span> <span class='ocrx_word' id='word_1_228' title='bbox 672 2077 775 2127; x_wconf 84' lang='lat' dir='ltr'>Venere</span> <span class='ocrx_word' id='word_1_229' title='bbox 788 2087 919 2126; x_wconf 86' lang='lat' dir='ltr'>servatum</span> <span class='ocrx_word' id='word_1_230' title='bbox 931 2077 1040 2128; x_wconf 83' lang='lat' dir='ltr'>AEnenm</span> <span class='ocrx_word' id='word_1_231' title='bbox 1057 2095 1120 2130; x_wconf 87' lang='lat' dir='ltr'>cum</span> 
     </span>
     <span class='ocr_line' id='line_1_24' title="bbox 76 2147 1120 2232; baseline -0.015 -12"><span class='ocrx_word' id='word_1_232' title='bbox 76 2166 213 2229; x_wconf 81' lang='lat' dir='ltr'>Anchise,</span> <span class='ocrx_word' id='word_1_233' title='bbox 231 2174 322 2216; x_wconf 87' lang='lat' dir='ltr'>narrat</span> <span class='ocrx_word' id='word_1_234' title='bbox 341 2151 487 2232; x_wconf 60' lang='lat' dir='ltr'>Tryphiodi</span> <span class='ocrx_word' id='word_1_235' title='bbox 506 2157 557 2224; x_wconf 73' lang='lat'>642</span> <span class='ocrx_word' id='word_1_236' title='bbox 578 2174 639 2206; x_wconf 93' lang='lat' dir='ltr'>cum</span> <span class='ocrx_word' id='word_1_237' title='bbox 655 2155 755 2220; x_wconf 88' lang='lat' dir='ltr'>Quinto</span> <span class='ocrx_word' id='word_1_238' title='bbox 771 2147 844 2216; x_wconf 87' lang='lat' dir='ltr'>IIIII,</span> <span class='ocrx_word' id='word_1_239' title='bbox 858 2152 917 2204; x_wconf 82' lang='lat'>326.</span> <span class='ocrx_word' id='word_1_240' title='bbox 935 2153 969 2203; x_wconf 88' lang='lat' dir='ltr'>At</span> <span class='ocrx_word' id='word_1_241' title='bbox 986 2155 1120 2205; x_wconf 88' lang='lat' dir='ltr'>Mercurio</span> 
     </span>
     <span class='ocr_line' id='line_1_25' title="bbox 79 2229 1120 2301; baseline -0.02 -1"><span class='ocrx_word' id='word_1_242' title='bbox 79 2249 149 2300; x_wconf 90' lang='lat' dir='ltr'>duce</span> <span class='ocrx_word' id='word_1_243' title='bbox 162 2242 276 2296; x_wconf 86' lang='lat' dir='ltr'>discedit</span> <span class='ocrx_word' id='word_1_244' title='bbox 291 2243 386 2295; x_wconf 84' lang='lat' dir='ltr'>AEneas</span> <span class='ocrx_word' id='word_1_245' title='bbox 399 2240 427 2289; x_wconf 93' lang='lat' dir='ltr'>in</span> <span class='ocrx_word' id='word_1_246' title='bbox 446 2234 539 2288; x_wconf 90' lang='lat' dir='ltr'>tabula</span> <span class='ocrx_word' id='word_1_247' title='bbox 550 2234 643 2295; x_wconf 87' lang='lat' dir='ltr'>Iliaca;</span> <span class='ocrx_word' id='word_1_248' title='bbox 663 2244 689 2283; x_wconf 91' lang='lat' dir='ltr'>et</span> <span class='ocrx_word' id='word_1_249' title='bbox 709 2232 737 2282; x_wconf 91' lang='lat' dir='ltr'>iu</span> <span class='ocrx_word' id='word_1_250' title='bbox 755 2232 876 2301; x_wconf 82' lang='lat' dir='ltr'>Inscript.</span> <span class='ocrx_word' id='word_1_251' title='bbox 888 2229 995 2301; x_wconf 76' lang='lat' dir='ltr'>Regilla</span> <span class='ocrx_word' id='word_1_252' title='bbox 1006 2233 1120 2294; x_wconf 81' lang='lat' dir='ltr'>Herodis</span> 
     </span>
     <span class='ocr_line' id='line_1_26' title="bbox 77 2315 631 2388; baseline -0.032 -8"><span class='ocrx_word' id='word_1_253' title='bbox 77 2347 103 2379; x_wconf 85' lang='lat' dir='ltr'>v.</span> <span class='ocrx_word' id='word_1_254' title='bbox 121 2325 224 2378; x_wconf 77' lang='lat'><strong>231000</strong></span> <span class='ocrx_word' id='word_1_255' title='bbox 235 2334 327 2374; x_wconf 87' lang='lat' dir='ltr'>notato</span> <span class='ocrx_word' id='word_1_256' title='bbox 337 2319 473 2388; x_wconf 83' lang='lat' dir='ltr'>Disqtrisit.</span> <span class='ocrx_word' id='word_1_257' title='bbox 487 2318 527 2380; x_wconf 90' lang='lat' dir='ltr'>II,</span> <span class='ocrx_word' id='word_1_258' title='bbox 540 2333 560 2366; x_wconf 87' lang='lat' dir='ltr'>s.</span> <span class='ocrx_word' id='word_1_259' title='bbox 574 2315 631 2364; x_wconf 87' lang='lat' dir='ltr'>VII.</span> 
     </span>
    </p>

    <p class='ocr_par' dir='ltr' id='par_1_5' title="bbox 77 2387 1122 2954">
     <span class='ocr_line' id='line_1_27' title="bbox 113 2387 1119 2466; baseline -0.026 -10"><span class='ocrx_word' id='word_1_260' title='bbox 113 2406 153 2458; x_wconf 88' lang='lat' dir='ltr'>De</span> <span class='ocrx_word' id='word_1_261' title='bbox 165 2407 258 2456; x_wconf 83' lang='lat' dir='ltr'>Creusa</span> <span class='ocrx_word' id='word_1_262' title='bbox 268 2403 387 2452; x_wconf 83' lang='lat' dir='ltr'>Excursu</span> <span class='ocrx_word' id='word_1_263' title='bbox 394 2397 455 2448; x_wconf 84' lang='lat' dir='ltr'>XIV</span> <span class='ocrx_word' id='word_1_264' title='bbox 466 2396 575 2466; x_wconf 89' lang='lat' dir='ltr'>egimus.</span> <span class='ocrx_word' id='word_1_265' title='bbox 590 2390 656 2458; x_wconf 87' lang='lat' dir='ltr'>Sed,</span> <span class='ocrx_word' id='word_1_266' title='bbox 670 2408 750 2460; x_wconf 86' lang='lat' dir='ltr'>quam</span> <span class='ocrx_word' id='word_1_267' title='bbox 765 2389 838 2440; x_wconf 89' lang='lat' dir='ltr'>varie</span> <span class='ocrx_word' id='word_1_268' title='bbox 849 2387 965 2439; x_wconf 84' lang='lat' dir='ltr'>AEneidis</span> <span class='ocrx_word' id='word_1_269' title='bbox 977 2407 1119 2461; x_wconf 48' lang='lat' dir='ltr'>argaman,</span> 
     </span>
     <span class='ocr_line' id='line_1_28' title="bbox 77 2465 1117 2554; baseline -0.017 -17"><span class='ocrx_word' id='word_1_270' title='bbox 77 2500 137 2537; x_wconf 89' lang='lat' dir='ltr'>tum</span> <span class='ocrx_word' id='word_1_271' title='bbox 149 2502 165 2536; x_wconf 87' lang='lat' dir='ltr'>a</span> <span class='ocrx_word' id='word_1_272' title='bbox 176 2482 261 2554; x_wconf 89' lang='lat' dir='ltr'>poetis</span> <span class='ocrx_word' id='word_1_273' title='bbox 277 2489 418 2530; x_wconf 87' lang='lat' dir='ltr'>tractatum</span> <span class='ocrx_word' id='word_1_274' title='bbox 433 2475 529 2541; x_wconf 88' lang='lat' dir='ltr'>fuerit,</span> <span class='ocrx_word' id='word_1_275' title='bbox 543 2473 623 2551; x_wconf 77' lang='lat' dir='ltr'>etiam</span> <span class='ocrx_word' id='word_1_276' title='bbox 642 2489 674 2522; x_wconf 88' lang='lat' dir='ltr'>ex</span> <span class='ocrx_word' id='word_1_277' title='bbox 690 2469 801 2538; x_wconf 87' lang='lat' dir='ltr'>conjuge</span> <span class='ocrx_word' id='word_1_278' title='bbox 818 2468 904 2518; x_wconf 82' lang='lat' dir='ltr'>AEneae</span> <span class='ocrx_word' id='word_1_279' title='bbox 920 2465 984 2518; x_wconf 88' lang='lat' dir='ltr'>data</span> <span class='ocrx_word' id='word_1_280' title='bbox 998 2481 1117 2540; x_wconf 89' lang='lat' dir='ltr'>apparet.</span> 
     </span>
     <span class='ocr_line' id='line_1_29' title="bbox 81 2547 1120 2624; baseline -0.017 -6"><span class='ocrx_word' id='word_1_281' title='bbox 81 2566 212 2620; x_wconf 85' lang='lat' dir='ltr'>Codonem</span> <span class='ocrx_word' id='word_1_282' title='bbox 233 2574 259 2614; x_wconf 85' lang='lat' dir='ltr'>et</span> <span class='ocrx_word' id='word_1_283' title='bbox 276 2556 469 2610; x_wconf 83' lang='lat' dir='ltr'>Anthemonem</span> <span class='ocrx_word' id='word_1_284' title='bbox 487 2555 539 2624; x_wconf 91' lang='lat' dir='ltr'>ipsi</span> <span class='ocrx_word' id='word_1_285' title='bbox 554 2555 581 2603; x_wconf 90' lang='lat' dir='ltr'>in</span> <span class='ocrx_word' id='word_1_286' title='bbox 595 2551 764 2602; x_wconf 87' lang='lat' dir='ltr'>matrimonio</span> <span class='ocrx_word' id='word_1_287' title='bbox 781 2547 885 2598; x_wconf 87' lang='lat' dir='ltr'>habitas</span> <span class='ocrx_word' id='word_1_288' title='bbox 905 2565 936 2598; x_wconf 86' lang='lat' dir='ltr'>ex</span> <span class='ocrx_word' id='word_1_289' title='bbox 954 2549 1039 2619; x_wconf 87' lang='lat' dir='ltr'>iisque</span> <span class='ocrx_word' id='word_1_290' title='bbox 1054 2549 1120 2602; x_wconf 91' lang='lat' dir='ltr'>duas</span> 
     </span>
     <span class='ocr_line' id='line_1_30' title="bbox 79 2622 1122 2711; baseline -0.016 -15"><span class='ocrx_word' id='word_1_291' title='bbox 79 2645 150 2698; x_wconf 86' lang='lat' dir='ltr'>filias</span> <span class='ocrx_word' id='word_1_292' title='bbox 163 2653 297 2711; x_wconf 89' lang='lat' dir='ltr'>susceptas</span> <span class='ocrx_word' id='word_1_293' title='bbox 310 2640 338 2689; x_wconf 89' lang='lat' dir='ltr'>in</span> <span class='ocrx_word' id='word_1_294' title='bbox 348 2633 465 2688; x_wconf 79' lang='lat' dir='ltr'>Arcadia</span> <span class='ocrx_word' id='word_1_295' title='bbox 476 2633 581 2686; x_wconf 85' lang='lat' dir='ltr'>relictas</span> <span class='ocrx_word' id='word_1_296' title='bbox 594 2631 636 2682; x_wconf 87' lang='lat' dir='ltr'>vel</span> <span class='ocrx_word' id='word_1_297' title='bbox 648 2629 763 2681; x_wconf 88' lang='lat' dir='ltr'>elocatas</span> <span class='ocrx_word' id='word_1_298' title='bbox 777 2641 808 2677; x_wconf 85' lang='lat' dir='ltr'>ex</span> <span class='ocrx_word' id='word_1_299' title='bbox 817 2622 957 2696; x_wconf 74' lang='lat' dir='ltr'>Agathpll&#39;o</span> <span class='ocrx_word' id='word_1_300' title='bbox 969 2628 1073 2679; x_wconf 89' lang='lat' dir='ltr'>Arcade</span> <span class='ocrx_word' id='word_1_301' title='bbox 1083 2631 1122 2679; x_wconf 64' lang='lat' dir='ltr'>vi«</span> 
     </span>
     <span class='ocr_line' id='line_1_31' title="bbox 78 2706 1120 2792; baseline -0.028 -16"><span class='ocrx_word' id='word_1_302' title='bbox 78 2725 145 2776; x_wconf 85' lang='lat' dir='ltr'>deas</span> <span class='ocrx_word' id='word_1_303' title='bbox 158 2718 229 2792; x_wconf 86' lang='lat' dir='ltr'>apud</span> <span class='ocrx_word' id='word_1_304' title='bbox 238 2720 346 2790; x_wconf 73' lang='lat' dir='ltr'>Dionys.</span> <span class='ocrx_word' id='word_1_305' title='bbox 361 2715 446 2766; x_wconf 84' lang='lat' dir='ltr'>Ilalic.</span> <span class='ocrx_word' id='word_1_306' title='bbox 460 2714 481 2778; x_wconf 89' lang='lat' dir='ltr'>l,</span> <span class='ocrx_word' id='word_1_307' title='bbox 495 2712 544 2781; x_wconf 80' lang='grc'>49;</span> <span class='ocrx_word' id='word_1_308' title='bbox 559 2723 585 2763; x_wconf 90' lang='lat' dir='ltr'>at</span> <span class='ocrx_word' id='word_1_309' title='bbox 596 2710 658 2760; x_wconf 84' lang='lat' dir='ltr'>Anii</span> <span class='ocrx_word' id='word_1_310' title='bbox 669 2707 761 2772; x_wconf 85' lang='lat' dir='ltr'>filiam,</span> <span class='ocrx_word' id='word_1_311' title='bbox 772 2706 893 2756; x_wconf 84' lang='lat' dir='ltr'>Lauaam</span> <span class='ocrx_word' id='word_1_312' title='bbox 905 2707 992 2757; x_wconf 78' lang='lat' dir='ltr'>AEneae</span> <span class='ocrx_word' id='word_1_313' title='bbox 1002 2707 1120 2777; x_wconf 73' lang='lat' dir='ltr'>despon.</span> 
     </span>
     <span class='ocr_line' id='line_1_32' title="bbox 80 2783 1120 2868; baseline -0.018 -13"><span class='ocrx_word' id='word_1_314' title='bbox 80 2821 156 2868; x_wconf 87' lang='lat' dir='ltr'>sam,</span> <span class='ocrx_word' id='word_1_315' title='bbox 167 2798 314 2860; x_wconf 78' lang='lat' dir='ltr'>ridebimus</span> <span class='ocrx_word' id='word_1_316' title='bbox 326 2797 433 2846; x_wconf 82' lang='lat' dir='ltr'>Excurs.</span> <span class='ocrx_word' id='word_1_317' title='bbox 447 2794 458 2843; x_wconf 96' lang='lat' dir='ltr'>I</span> <span class='ocrx_word' id='word_1_318' title='bbox 471 2791 505 2843; x_wconf 88' lang='lat' dir='ltr'>ad</span> <span class='ocrx_word' id='word_1_319' title='bbox 515 2791 552 2842; x_wconf 93' lang='lat' dir='ltr'>lib</span> <span class='ocrx_word' id='word_1_320' title='bbox 565 2801 624 2842; x_wconf 87' lang='lat' dir='ltr'>tert.</span> <span class='ocrx_word' id='word_1_321' title='bbox 635 2789 703 2840; x_wconf 91' lang='lat' dir='ltr'>Hinc</span> <span class='ocrx_word' id='word_1_322' title='bbox 716 2787 796 2837; x_wconf 87' lang='lat' dir='ltr'>etiam</span> <span class='ocrx_word' id='word_1_323' title='bbox 805 2786 833 2835; x_wconf 89' lang='lat' dir='ltr'>in</span> <span class='ocrx_word' id='word_1_324' title='bbox 845 2783 939 2855; x_wconf 19' lang='lat' dir='ltr'>liberis,</span> <span class='ocrx_word' id='word_1_325' title='bbox 949 2783 1120 2856; x_wconf 82' lang='lat' dir='ltr'>adsignandis</span> 
     </span>
     <span class='ocr_line' id='line_1_33' title="bbox 80 2872 1081 2954; baseline -0.025 -20"><span class='ocrx_word' id='word_1_326' title='bbox 80 2899 180 2954; x_wconf 85' lang='lat' dir='ltr'>magna</span> <span class='ocrx_word' id='word_1_327' title='bbox 192 2879 343 2937; x_wconf 85' lang='lat' dir='ltr'>diversitas;</span> <span class='ocrx_word' id='word_1_328' title='bbox 356 2877 389 2927; x_wconf 85' lang='lat' dir='ltr'>cf.</span> <span class='ocrx_word' id='word_1_329' title='bbox 404 2875 512 2944; x_wconf 72' lang='lat' dir='ltr'>Dionys.</span> <span class='ocrx_word' id='word_1_330' title='bbox 525 2872 583 2923; x_wconf 91' lang='lat' dir='ltr'>Hal.</span> <span class='ocrx_word' id='word_1_331' title='bbox 597 2872 627 2934; x_wconf 90' lang='lat'>1,</span> <span class='ocrx_word' id='word_1_332' title='bbox 641 2886 682 2938; x_wconf 61' lang='lat'>72„</span> <span class='ocrx_word' id='word_1_333' title='bbox 1078 2887 1081 2890; x_wconf 97' lang='lat'>·</span> 
     </span>
    </p>

    <p class='ocr_par' dir='ltr' id='par_1_6' title="bbox 80 2946 1155 3984">
     <span class='ocr_line' id='line_1_34' title="bbox 118 2946 1122 3028; baseline -0.017 -15"><span class='ocrx_word' id='word_1_334' title='bbox 118 2959 199 3028; x_wconf 82' lang='lat' dir='ltr'>Quod</span> <span class='ocrx_word' id='word_1_335' title='bbox 211 2958 318 3011; x_wconf 85' lang='lat' dir='ltr'>tandem</span> <span class='ocrx_word' id='word_1_336' title='bbox 330 2954 365 3007; x_wconf 92' lang='lat' dir='ltr'>ad</span> <span class='ocrx_word' id='word_1_337' title='bbox 375 2953 519 3005; x_wconf 84' lang='lat' dir='ltr'>Ascanium</span> <span class='ocrx_word' id='word_1_338' title='bbox 532 2953 641 3014; x_wconf 88' lang='lat' dir='ltr'>attinet,</span> <span class='ocrx_word' id='word_1_339' title='bbox 653 2950 769 2999; x_wconf 87' lang='lat' dir='ltr'>Homero</span> <span class='ocrx_word' id='word_1_340' title='bbox 782 2946 833 3017; x_wconf 88' lang='lat' dir='ltr'>ipsi</span> <span class='ocrx_word' id='word_1_341' title='bbox 844 2961 981 3014; x_wconf 86' lang='lat' dir='ltr'>nunquam</span> <span class='ocrx_word' id='word_1_342' title='bbox 992 2964 1122 2997; x_wconf 90' lang='lat' dir='ltr'>memora-</span> 
     </span>
     <span class='ocr_line' id='line_1_35' title="bbox 80 3025 1123 3106; baseline -0.017 -13"><span class='ocrx_word' id='word_1_343' title='bbox 80 3055 155 3104; x_wconf 89' lang='lat' dir='ltr'>tum,</span> <span class='ocrx_word' id='word_1_344' title='bbox 175 3057 236 3091; x_wconf 90' lang='lat' dir='ltr'>eum</span> <span class='ocrx_word' id='word_1_345' title='bbox 256 3033 364 3106; x_wconf 86' lang='lat' dir='ltr'>quidem</span> <span class='ocrx_word' id='word_1_346' title='bbox 380 3035 407 3082; x_wconf 94' lang='lat' dir='ltr'>in</span> <span class='ocrx_word' id='word_1_347' title='bbox 427 3029 532 3081; x_wconf 87' lang='lat' dir='ltr'>Troade</span> <span class='ocrx_word' id='word_1_348' title='bbox 552 3029 673 3080; x_wconf 89' lang='lat' dir='ltr'>relictum</span> <span class='ocrx_word' id='word_1_349' title='bbox 692 3044 791 3078; x_wconf 84' lang='lat' dir='ltr'>novum</span> <span class='ocrx_word' id='word_1_350' title='bbox 812 3025 978 3075; x_wconf 75' lang='lat' dir='ltr'>&#39;constituisse</span> <span class='ocrx_word' id='word_1_351' title='bbox 995 3042 1123 3095; x_wconf 87' lang='lat' dir='ltr'>regnum,</span> 
     </span>
     <span class='ocr_line' id='line_1_36' title="bbox 81 3103 1122 3192; baseline -0.019 -20"><span class='ocrx_word' id='word_1_352' title='bbox 81 3119 175 3192; x_wconf 88' lang='lat' dir='ltr'>paullo</span> <span class='ocrx_word' id='word_1_353' title='bbox 188 3129 249 3169; x_wconf 87' lang='lat' dir='ltr'>ante</span> <span class='ocrx_word' id='word_1_354' title='bbox 262 3132 278 3164; x_wconf 86' lang='lat' dir='ltr'>a</span> <span class='ocrx_word' id='word_1_355' title='bbox 293 3109 428 3163; x_wconf 86' lang='lat' dir='ltr'>nonnullis</span> <span class='ocrx_word' id='word_1_356' title='bbox 444 3106 581 3180; x_wconf 88' lang='lat' dir='ltr'>proditum</span> <span class='ocrx_word' id='word_1_357' title='bbox 593 3107 715 3157; x_wconf 86' lang='lat' dir='ltr'>vidimus.</span> <span class='ocrx_word' id='word_1_358' title='bbox 729 3104 901 3156; x_wconf 90' lang='lat' dir='ltr'>Communior</span> <span class='ocrx_word' id='word_1_359' title='bbox 913 3113 1000 3153; x_wconf 88' lang='lat' dir='ltr'>tamen</span> <span class='ocrx_word' id='word_1_360' title='bbox 1014 3103 1122 3172; x_wconf 87' lang='lat' dir='ltr'>opinio,</span> 
     </span>
     <span class='ocr_line' id='line_1_37' title="bbox 84 3181 1124 3264; baseline -0.019 -12"><span class='ocrx_word' id='word_1_361' title='bbox 84 3193 392 3264; x_wconf 75' lang='lat' dir='ltr'>secundumDionysium</span> <span class='ocrx_word' id='word_1_362' title='bbox 401 3188 579 3240; x_wconf 86' lang='lat' dir='ltr'>Halicarnass.</span> <span class='ocrx_word' id='word_1_363' title='bbox 590 3203 696 3255; x_wconf 86' lang='lat' dir='ltr'>quoque</span> <span class='ocrx_word' id='word_1_364' title='bbox 709 3197 735 3236; x_wconf 90' lang='lat' dir='ltr'>et</span> <span class='ocrx_word' id='word_1_365' title='bbox 746 3182 832 3235; x_wconf 81' lang='lat' dir='ltr'>Strab.</span> <span class='ocrx_word' id='word_1_366' title='bbox 845 3182 914 3248; x_wconf 83' lang='lat' dir='ltr'>XIII,</span> <span class='ocrx_word' id='word_1_367' title='bbox 926 3199 953 3252; x_wconf 89' lang='lat' dir='ltr'>p.</span> <span class='ocrx_word' id='word_1_368' title='bbox 966 3181 1018 3232; x_wconf 82' lang='lat'>608</span> <span class='ocrx_word' id='word_1_369' title='bbox 1030 3182 1064 3246; x_wconf 78' lang='lat' dir='ltr'>A,</span> <span class='ocrx_word' id='word_1_370' title='bbox 1073 3183 1124 3233; x_wconf 86' lang='lat' dir='ltr'>fuit</span> 
     </span>
     <span class='ocr_line' id='line_1_38' title="bbox 83 3259 1127 3345; baseline -0.019 -13"><span class='ocrx_word' id='word_1_371' title='bbox 83 3281 153 3345; x_wconf 84' lang='lat' dir='ltr'>haec,</span> <span class='ocrx_word' id='word_1_372' title='bbox 162 3293 221 3327; x_wconf 89' lang='lat' dir='ltr'>eum</span> <span class='ocrx_word' id='word_1_373' title='bbox 235 3290 295 3325; x_wconf 90' lang='lat' dir='ltr'>cum</span> <span class='ocrx_word' id='word_1_374' title='bbox 308 3281 384 3340; x_wconf 87' lang='lat' dir='ltr'>patre</span> <span class='ocrx_word' id='word_1_375' title='bbox 396 3270 424 3318; x_wconf 93' lang='lat' dir='ltr'>in</span> <span class='ocrx_word' id='word_1_376' title='bbox 436 3266 539 3318; x_wconf 88' lang='lat' dir='ltr'>Italiam</span> <span class='ocrx_word' id='word_1_377' title='bbox 550 3266 662 3316; x_wconf 89' lang='lat' dir='ltr'>venisse.</span> <span class='ocrx_word' id='word_1_378' title='bbox 674 3262 781 3314; x_wconf 84' lang='lat' dir='ltr'>Ascanii</span> <span class='ocrx_word' id='word_1_379' title='bbox 793 3277 891 3311; x_wconf 89' lang='lat' dir='ltr'>nomen</span> <span class='ocrx_word' id='word_1_380' title='bbox 902 3261 930 3310; x_wconf 89' lang='lat' dir='ltr'>in</span> <span class='ocrx_word' id='word_1_381' title='bbox 941 3260 1006 3329; x_wconf 83' lang='lat' dir='ltr'>luga</span> <span class='ocrx_word' id='word_1_382' title='bbox 1017 3259 1127 3312; x_wconf 87' lang='lat' dir='ltr'>demum</span> 
     </span>
     <span class='ocr_line' id='line_1_39' title="bbox 84 3337 1125 3428; baseline -0.019 -18"><span class='ocrx_word' id='word_1_383' title='bbox 84 3359 138 3428; x_wconf 91' lang='lat' dir='ltr'>ipsi</span> <span class='ocrx_word' id='word_1_384' title='bbox 150 3354 277 3414; x_wconf 90' lang='lat' dir='ltr'>inditum,</span> <span class='ocrx_word' id='word_1_385' title='bbox 290 3367 350 3401; x_wconf 91' lang='lat' dir='ltr'>cum</span> <span class='ocrx_word' id='word_1_386' title='bbox 362 3349 436 3419; x_wconf 90' lang='lat' dir='ltr'>prius</span> <span class='ocrx_word' id='word_1_387' title='bbox 453 3355 522 3397; x_wconf 88' lang='lat' dir='ltr'>esset</span> <span class='ocrx_word' id='word_1_388' title='bbox 533 3341 686 3415; x_wconf 77' lang='lat' dir='ltr'>Eurylron,</span> <span class='ocrx_word' id='word_1_389' title='bbox 704 3339 776 3413; x_wconf 89' lang='lat' dir='ltr'>apud</span> <span class='ocrx_word' id='word_1_390' title='bbox 787 3340 893 3408; x_wconf 79' lang='lat' dir='ltr'>Dionys.</span> <span class='ocrx_word' id='word_1_391' title='bbox 907 3338 933 3401; x_wconf 90' lang='lat'>1,</span> <span class='ocrx_word' id='word_1_392' title='bbox 945 3337 979 3388; x_wconf 89' lang='grc'>65</span> <span class='ocrx_word' id='word_1_393' title='bbox 992 3341 1125 3408; x_wconf 83' lang='lat' dir='ltr'>reperias,</span> 
     </span>
     <span class='ocr_line' id='line_1_40' title="bbox 85 3417 1123 3505; baseline -0.018 -16"><span class='ocrx_word' id='word_1_394' title='bbox 85 3435 157 3489; x_wconf 88' lang='lat' dir='ltr'>adde</span> <span class='ocrx_word' id='word_1_395' title='bbox 169 3435 242 3505; x_wconf 82' lang='lat' dir='ltr'>Orig.</span> <span class='ocrx_word' id='word_1_396' title='bbox 255 3431 286 3482; x_wconf 88' lang='lat' dir='ltr'>G.</span> <span class='ocrx_word' id='word_1_397' title='bbox 300 3431 375 3492; x_wconf 82' lang='lat' dir='ltr'>Rom.</span> <span class='ocrx_word' id='word_1_398' title='bbox 392 3426 439 3493; x_wconf 70' lang='lat'>14,</span> <span class='ocrx_word' id='word_1_399' title='bbox 452 3425 526 3495; x_wconf 87' lang='lat' dir='ltr'>quod</span> <span class='ocrx_word' id='word_1_400' title='bbox 537 3436 563 3478; x_wconf 89' lang='lat' dir='ltr'>et</span> <span class='ocrx_word' id='word_1_401' title='bbox 582 3425 668 3494; x_wconf 90' lang='lat' dir='ltr'>ipsum</span> <span class='ocrx_word' id='word_1_402' title='bbox 688 3422 798 3489; x_wconf 85' lang='lat' dir='ltr'>antiquo</span> <span class='ocrx_word' id='word_1_403' title='bbox 811 3430 896 3488; x_wconf 80' lang='lat' dir='ltr'>poeta</span> <span class='ocrx_word' id='word_1_404' title='bbox 908 3417 999 3469; x_wconf 86' lang='lat' dir='ltr'>deberi</span> <span class='ocrx_word' id='word_1_405' title='bbox 1011 3417 1123 3470; x_wconf 80' lang='lat' dir='ltr'>videtur·</span> 
     </span>
     <span class='ocr_line' id='line_1_41' title="bbox 84 3495 1126 3583; baseline -0.018 -15"><span class='ocrx_word' id='word_1_406' title='bbox 84 3514 161 3568; x_wconf 87' lang='lat' dir='ltr'>Alios</span> <span class='ocrx_word' id='word_1_407' title='bbox 173 3515 224 3568; x_wconf 81' lang='lat' dir='ltr'>duo</span> <span class='ocrx_word' id='word_1_408' title='bbox 236 3508 359 3583; x_wconf 80' lang='lat' dir='ltr'>parvulos</span> <span class='ocrx_word' id='word_1_409' title='bbox 368 3504 444 3579; x_wconf 77' lang='lat' dir='ltr'>filios</span> <span class='ocrx_word' id='word_1_410' title='bbox 461 3505 584 3557; x_wconf 82' lang='lat' dir='ltr'>abductos</span> <span class='ocrx_word' id='word_1_411' title='bbox 602 3504 635 3555; x_wconf 84' lang='lat' dir='ltr'>ab</span> <span class='ocrx_word' id='word_1_412' title='bbox 653 3503 739 3554; x_wconf 83' lang='lat' dir='ltr'>AEnea</span> <span class='ocrx_word' id='word_1_413' title='bbox 758 3499 873 3562; x_wconf 81' lang='lat' dir='ltr'>tradere,</span> <span class='ocrx_word' id='word_1_414' title='bbox 886 3495 952 3549; x_wconf 82' lang='lat' dir='ltr'>alios</span> <span class='ocrx_word' id='word_1_415' title='bbox 967 3516 1050 3548; x_wconf 84' lang='lat' dir='ltr'>anum</span> <span class='ocrx_word' id='word_1_416' title='bbox 1059 3536 1068 3562; x_wconf 91' lang='lat'><em>‚</em></span> <span class='ocrx_word' id='word_1_417' title='bbox 1080 3499 1126 3550; x_wconf 81' lang='lat' dir='ltr'>cui</span> 
     </span>
     <span class='ocr_line' id='line_1_42' title="bbox 85 3575 1155 3667; baseline -0.029 -18"><span class='ocrx_word' id='word_1_418' title='bbox 85 3595 148 3649; x_wconf 82' lang='lat' dir='ltr'>Iulo</span> <span class='ocrx_word' id='word_1_419' title='bbox 160 3611 322 3667; x_wconf 68' lang='lat' dir='ltr'>cognomen,</span> <span class='ocrx_word' id='word_1_420' title='bbox 335 3599 394 3660; x_wconf 86' lang='lat' dir='ltr'>post</span> <span class='ocrx_word' id='word_1_421' title='bbox 408 3587 487 3638; x_wconf 83' lang='lat' dir='ltr'>etiam</span> <span class='ocrx_word' id='word_1_422' title='bbox 499 3584 628 3648; x_wconf 80' lang='lat' dir='ltr'>Ascanio,</span> <span class='ocrx_word' id='word_1_423' title='bbox 636 3582 739 3653; x_wconf 78' lang='lat' dir='ltr'>faerit,</span> <span class='ocrx_word' id='word_1_424' title='bbox 752 3597 837 3633; x_wconf 82' lang='lat' dir='ltr'>secam</span> <span class='ocrx_word' id='word_1_425' title='bbox 853 3575 972 3630; x_wconf 83' lang='lat' dir='ltr'>extalis-se</span> <span class='ocrx_word' id='word_1_426' title='bbox 980 3615 989 3642; x_wconf 92' lang='lat'>,</span> <span class='ocrx_word' id='word_1_427' title='bbox 1002 3579 1034 3646; x_wconf 87' lang='lat' dir='ltr'>Q</span> <span class='ocrx_word' id='word_1_428' title='bbox 1047 3579 1126 3630; x_wconf 88' lang='lat' dir='ltr'>Luta.</span> <span class='ocrx_word' id='word_1_429' title='bbox 1153 3643 1155 3645; x_wconf 21' lang='grc' dir='ltr'>Ι</span> 
     </span>
     <span class='ocr_line' id='line_1_43' title="bbox 85 3656 1125 3743; baseline -0.019 -15"><span class='ocrx_word' id='word_1_430' title='bbox 85 3681 139 3729; x_wconf 89' lang='lat' dir='ltr'>tius</span> <span class='ocrx_word' id='word_1_431' title='bbox 157 3676 285 3743; x_wconf 88' lang='lat' dir='ltr'>scriptum</span> <span class='ocrx_word' id='word_1_432' title='bbox 303 3669 463 3738; x_wconf 87' lang='lat' dir='ltr'>reliquerat,</span> <span class='ocrx_word' id='word_1_433' title='bbox 482 3685 507 3716; x_wconf 89' lang='lat' dir='ltr'>v.</span> <span class='ocrx_word' id='word_1_434' title='bbox 527 3664 600 3735; x_wconf 88' lang='lat' dir='ltr'>Orig.</span> <span class='ocrx_word' id='word_1_435' title='bbox 620 3663 651 3714; x_wconf 88' lang='lat' dir='ltr'>G.</span> <span class='ocrx_word' id='word_1_436' title='bbox 671 3665 746 3713; x_wconf 73' lang='lat' dir='ltr'>Ram.</span> <span class='ocrx_word' id='word_1_437' title='bbox 761 3679 784 3712; x_wconf 90' lang='lat' dir='ltr'>c.</span> <span class='ocrx_word' id='word_1_438' title='bbox 804 3679 836 3730; x_wconf 83' lang='lat'>9,</span> <span class='ocrx_word' id='word_1_439' title='bbox 853 3669 880 3709; x_wconf 90' lang='lat' dir='ltr'>et</span> <span class='ocrx_word' id='word_1_440' title='bbox 895 3658 932 3708; x_wconf 91' lang='lat' dir='ltr'>sic</span> <span class='ocrx_word' id='word_1_441' title='bbox 945 3674 976 3708; x_wconf 81' lang='lat' dir='ltr'>ex</span> <span class='ocrx_word' id='word_1_442' title='bbox 987 3656 1125 3709; x_wconf 85' lang='lat' dir='ltr'>Hellanico</span> 
     </span>
     <span class='ocr_line' id='line_1_44' title="bbox 86 3738 1152 3823; baseline -0.02 -15"><span class='ocrx_word' id='word_1_443' title='bbox 86 3759 181 3810; x_wconf 81' lang='lat' dir='ltr'>narrat</span> <span class='ocrx_word' id='word_1_444' title='bbox 190 3755 297 3823; x_wconf 75' lang='lat' dir='ltr'>Dionys.</span> <span class='ocrx_word' id='word_1_445' title='bbox 308 3749 368 3818; x_wconf 70' lang='lat'><strong>¹⁷47</strong></span> <span class='ocrx_word' id='word_1_446' title='bbox 381 3748 473 3800; x_wconf 88' lang='lat' dir='ltr'>relicto</span> <span class='ocrx_word' id='word_1_447' title='bbox 487 3746 602 3797; x_wconf 80' lang='lat' dir='ltr'>Ascanio</span> <span class='ocrx_word' id='word_1_448' title='bbox 616 3744 725 3794; x_wconf 84' lang='lat' dir='ltr'>AEneam</span> <span class='ocrx_word' id='word_1_449' title='bbox 736 3739 853 3809; x_wconf 86' lang='lat' dir='ltr'>reliquos</span> <span class='ocrx_word' id='word_1_450' title='bbox 867 3738 964 3790; x_wconf 90' lang='lat' dir='ltr'>liberos</span> <span class='ocrx_word' id='word_1_451' title='bbox 977 3754 1037 3786; x_wconf 91' lang='lat' dir='ltr'>cum</span> <span class='ocrx_word' id='word_1_452' title='bbox 1049 3749 1126 3807; x_wconf 86' lang='lat' dir='ltr'>patre</span> <span class='ocrx_word' id='word_1_453' title='bbox 1146 3763 1152 3770; x_wconf 38' lang='lat'>·*</span> 
     </span>
     <span class='ocr_line' id='line_1_45' title="bbox 87 3816 1127 3898; baseline -0.025 -7"><span class='ocrx_word' id='word_1_454' title='bbox 87 3852 116 3892; x_wconf 93' lang='lat' dir='ltr'>et</span> <span class='ocrx_word' id='word_1_455' title='bbox 128 3837 179 3889; x_wconf 91' lang='lat' dir='ltr'>diis</span> <span class='ocrx_word' id='word_1_456' title='bbox 187 3833 281 3885; x_wconf 88' lang='lat' dir='ltr'>Patriis</span> <span class='ocrx_word' id='word_1_457' title='bbox 294 3849 383 3882; x_wconf 86' lang='lat' dir='ltr'>seeum</span> <span class='ocrx_word' id='word_1_458' title='bbox 396 3823 671 3898; x_wconf 68' lang='lat' dir='ltr'>evexisseldscanium</span> <span class='ocrx_word' id='word_1_459' title='bbox 682 3835 780 3884; x_wconf 89' lang='lat' dir='ltr'>tamen,</span> <span class='ocrx_word' id='word_1_460' title='bbox 789 3821 837 3871; x_wconf 89' lang='lat' dir='ltr'>etsi</span> <span class='ocrx_word' id='word_1_461' title='bbox 844 3817 965 3870; x_wconf 88' lang='lat' dir='ltr'>relictum</span> <span class='ocrx_word' id='word_1_462' title='bbox 976 3818 1004 3866; x_wconf 91' lang='lat' dir='ltr'>in</span> <span class='ocrx_word' id='word_1_463' title='bbox 1013 3816 1127 3879; x_wconf 84' lang='lat' dir='ltr'>Troade,</span> 
     </span>
     <span class='ocr_line' id='line_1_46' title="bbox 88 3894 1124 3984; baseline -0.024 -15"><span class='ocrx_word' id='word_1_464' title='bbox 88 3936 159 3984; x_wconf 86' lang='lat' dir='ltr'>rnox,</span> <span class='ocrx_word' id='word_1_465' title='bbox 172 3933 232 3968; x_wconf 87' lang='lat' dir='ltr'>cum</span> <span class='ocrx_word' id='word_1_466' title='bbox 244 3925 320 3984; x_wconf 87' lang='lat' dir='ltr'>pater</span> <span class='ocrx_word' id='word_1_467' title='bbox 332 3912 359 3964; x_wconf 89' lang='lat' dir='ltr'>in</span> <span class='ocrx_word' id='word_1_468' title='bbox 370 3907 530 3963; x_wconf 86' lang='lat' dir='ltr'>Macedonia</span> <span class='ocrx_word' id='word_1_469' title='bbox 539 3905 658 3968; x_wconf 88' lang='lat' dir='ltr'>obiisset,</span> <span class='ocrx_word' id='word_1_470' title='bbox 669 3920 701 3955; x_wconf 90' lang='lat' dir='ltr'>eo</span> <span class='ocrx_word' id='word_1_471' title='bbox 715 3901 855 3956; x_wconf 85' lang='lat' dir='ltr'>accessisse</span> <span class='ocrx_word' id='word_1_472' title='bbox 866 3915 1004 3966; x_wconf 87' lang='lat' dir='ltr'>novosque</span> <span class='ocrx_word' id='word_1_473' title='bbox 1016 3894 1124 3946; x_wconf 87' lang='lat' dir='ltr'>colonos</span> 
     </span>
    </p>
   </div>
   <div class='ocr_carea' id='block_1_4' title="bbox 909 3983 949 4036">
    <p class='ocr_par' dir='ltr' id='par_1_7' title="bbox 909 3983 949 4036">
     <span class='ocr_line' id='line_1_47' title="bbox 909 3983 949 4036; baseline -0.125 1"><span class='ocrx_word' id='word_1_474' title='bbox 909 3983 949 4036; x_wconf 82' lang='lat'>23.</span> 
     </span>
    </p>
   </div>
   <div class='ocr_carea' id='block_1_5' title="bbox 0 0 1387 4598">
    <p class='ocr_par' dir='ltr' id='par_1_8' title="bbox 0 0 1387 4598">
     <span class='ocr_line' id='line_1_48' title="bbox 0 0 1387 4598; baseline 0 0"><span class='ocrx_word' id='word_1_475' title='bbox 0 0 1387 4598; x_wconf 95' lang='lat' dir='ltr'> </span> 
     </span>
    </p>
   </div>
  </div>
 </body>
</html>
