2656 4592
223 307 286 377 sn
580 303 847 402 succesus
870 303 909 374 11

221 433 291 486 sibus
308 429 465 485 hiemalibus
481 431 555 503 apud
568 432 711 497 Pataram,
731 433 818 502 Lycia
830 433 979 498 civitatem,
992 431 1060 486 dare
1075 408 1200 507 1117111111
1210 447 1271 490 -et
1323 447 1325 522 7

220 531 265 565 sex
276 514 369 566 oestiat's
382 516 457 585 apud
470 511 576 565 Delum.
590 512 667 564 Certe
680 526 706 565 et
719 513 847 564 Herodot.
860 517 886 578 1,
903 515 950 565 181
965 513 1000 566 de
1012 518 1138 569 Pataroeo
1150 519 1269 570 oraculo:

220 593 249 644 οὐ
260 590 307 660 pa'p
319 587 348 646 alr
360 592 407 643 elrr'
416 594 465 644 iam
476 588 608 661 „arripiat
620 589 716 644 salsa
730 593 861 657 dardanios
873 606 900 644 et
911 593 1036 659 {ratapant
1045 593 1166 648 deorum
1178 615 1219 648 res
1230 615 1272 647 no·
1324 595 1325 670 J

220 673 325 725 tissima
336 675 457 744 inprimis
469 686 530 745 post
541 672 685 744 spanhem.
699 675 727 723 in
741 673 845 724 Gallim.
858 671 956 725 Delum
968 685 1122 726 maternam
1135 680 1215 729 matri
1226 678 1272 727 La·

221 761 292 802 tone
302 768 419 816 sacram,
432 769 479 804 seu
492 752 566 823 quod
578 754 669 804 matris
682 769 777 804 caussa
788 753 855 804 mari
867 767 1021 806 emerserat.
1035 753 1117 807 Certe
1127 769 1155 808 et
1168 757 1226 807 aliis
1237 767 1273 806 est

220 829 334 882 Latonia
344 831 430 884 Delos.
443 834 504 885 lam
516 835 544 884 in
553 835 636 884 sacris
645 825 712 884 nihil
722 845 762 885 est
775 835 911 904 augustius
921 833 1014 900 choro,
1024 838 1072 906 qui
1083 835 1202 900 ducitur,
1212 834 1273 886 nihil

220 907 250 958 in
263 913 349 980 poetis
361 926 510 964 memoratu
518 913 673 982 jucundius.
687 912 831 976 instaurat,
844 929 904 963 cuin
916 912 1034 978 dilectu,
1055 913 1273 984 qnandoquidem

222 999 263 1038 est
274 1007 333 1040 voc.
348 1008 469 1053 sacrum
488 992 570 1045 habet
589 1005 677 1044 autem
693 991 754 1062 plns
773 991 923 1064 dignitatis,
940 991 1015 1063 quod
1034 995 1094 1064 ipse
1113 993 1274 1063 deus'parat

221 1067 330 1133 choros,
345 1090 425 1141 quam
438 1071 536 1124 choros
547 1075 575 1124 in
587 1076 643 1142 ejus
655 1071 786 1124 honorem
796 1071 867 1124 duci.
877 1072 961 1125 Chori
973 1076 1045 1126 inter
1054 1093 1113 1126 rem
1124 1091 1229 1124 sacram
1239 1074 1274 1122 in·
1323 1069 1325 1148 1

222 1149 370 1202 stituuntur
382 1151 416 1203 ab
429 1155 475 1221 iis,
488 1155 536 1224 qui
546 1171 623 1205 sacra
634 1165 744 1216 curant,
762 1155 860 1223 partim
870 1155 916 1223 qui
929 1156 1062 1224 primitias
1075 1155 1225 1226 fragantia
1235 1155 1272 1202 in-
1324 1169 1325 1210 1

222 1228 310 1280 sulam
323 1245 482 1302 apportant;
494 1253 518 1284 v.
529 1233 633 1286 Gallim.
645 1235 673 1284 in
682 1234 740 1286 Del.
751 1252 776 1283 v.
790 1251 840 1303 ²79
852 1251 928 1304 sqq-3
941 1234 992 1286 hos
1003 1235 1128 1306 designat
1139 1248 1222 1304 poeta
1230 1251 1273 1302 per

224 1307 323 1374 Cretes,
336 1311 455 1383 Dryopes
469 1326 495 1365 et
511 1313 680 1386 Apathyrsos.
696 1313 846 1383 Simplicius
859 1316 938 1366 lones
946 1325 1147 1367 memoraverat
1159 1316 1272 1384 Hymnus

221 1387 381 1442 Homericus
392 1394 419 1442 in
431 1393 520 1463 Apoll.
538 1395 585 1463 147
599 1413 638 1465 sq.
652 1395 727 1444 Facit
739 1395 820 1446 etiam
833 1397 973 1447 nominum
986 1398 1136 1466 antiquitas
1149 1393 1186 1446 ad
1196 1394 1273 1460 majo·

221 1482 279 1516 rem
290 1471 414 1521 carminis
424 1472 589 1543 dignitatem.
603 1475 686 1525 Cretes
696 1474 838 1524 memorari
850 1473 975 1526 videntur
985 1473 1135 1526 secundum
1146 1473 1274 1544 Dymnum
1324 1501 1325 1566 7

221 1543 394 1599 Homericum
406 1551 434 1602 in
447 1550 535 1622 Apoll.
555 1570 580 1602 v.
596 1552 647 1603 388
661 1569 718 1622 sqq.
737 1550 787 1604 535
800 1569 873 1622 sqq.,
893 1552 940 1604 ubi
956 1551 1057 1622 Apollo
1072 1549 1148 1621 apud
1160 1547 1274 1619 Delphos

222 1639 361 1678 sacrorum
373 1629 510 1682 ministros
518 1632 569 1683 sibi
581 1630 706 1683 adsciscit
717 1631 856 1684 Cretenses
869 1634 931 1682 nari
943 1630 1036 1702 Pylum
1048 1641 1186 1701 petentes;
1200 1646 1275 1698 quem

221 1701 313 1756 locum
327 1711 407 1760 etiam
419 1711 542 1764 Tibullus
554 1715 662 1783 respicit
674 1713 719 1780 IV,
735 1729 761 1776 1,
776 1713 792 1764 8
804 1725 830 1765 et
841 1729 867 1782 9.
883 1714 1018 1782 Dryopes,
1031 1713 1159 1780 Trojanis
1173 1722 1274 1778 tempo·

223 1784 298 1836 ribus
307 1787 451 1842 Thessaliae
459 1793 531 1845 circa
538 1792 700 1864 Spercheum
710 1789 885 1855 habitatores,
896 1792 959 1844 inde
967 1793 1094 1844 Parnassi
1104 1789 1218 1854 accola,
1227 1806 1276 1858 qua

222 1862 270 1915 ille
281 1884 373 1918 versus
385 1869 483 1922 OEtam
497 1874 645 1943 procurrit,
658 1891 690 1923 ea
703 1873 825 1943 regione,
846 1889 904 1941 quae
920 1871 1002 1921 Doris
1013 1867 1156 1941 appellata
1167 1880 1216 1919 est.
1237 1865 1275 1916 Ab

221 1945 338 1998 Hercule
351 1949 426 2002 luere
434 1954 507 2016 victi,
515 1973 575 2004 cum
584 1953 628 2004 ille
638 1951 771 2003 Trachine
781 1963 940 2004 versaretur.
950 1951 1002 2002 lles
1011 1953 1126 2023 copiose
1135 1967 1168 2000 ac
1175 1947 1276 1998 3111111

223 2033 340 2079 mactata
352 2046 408 2081 esse
421 2030 527 2083 videtur
539 2032 574 2084 ab
590 2033 637 2094 iis,
651 2033 697 2100 qui
714 2031 856 2084 Heracleas
872 2028 1070 2090 condideram
1089 2027 1196 2078 diversa
1209 2027 1277 2076 enini

223 2103 294 2156 inter
306 2123 333 2157 sc
346 2121 489 2160 narrantur
499 2111 571 2182 apud
583 2109 714 2162 Herodot.
727 2111 801 2174 Vlll,
814 2109 856 2159 31.
869 2109 910 2177 73.
922 2107 1051 2178 Apollod.
1065 2107 1103 2172 11,
1118 2123 1143 2175 7.
1156 2122 1181 2174 7.
1192 2102 1275 2154 Strah.

221 2181 298 2248 ¹Vlll,
309 2204 333 2254 p.
350 2185 401 2256 373
411 2187 444 2238 C:
454 2189 580 2260 Apollon.
594 2191 620 2254 l,
634 2190 700 2241 1213
713 2205 771 2258 sqq.
783 2200 809 2240 et
821 2186 908 2238 Schol.
923 2199 949 2238 et
962 2186 1038 2238 alios.
1053 2187 1091 2237 cf.
1107 2185 1143 2237 ad
1153 2181 1275 2254 Apollod.

224 2261 288 2313 Not·
303 2283 328 2334 p·
343 2265 394 2332 475
406 2286 445 2338 sq.
459 2270 512 2322 Sed
527 2289 558 2322 ex
570 2271 602 2320 iis
615 2287 698 2320 unum
710 2280 764 2332 est,
777 2267 851 2338 quod
862 2266 990 2337 Virgilius
1003 2285 1037 2318 ex
1051 2279 1130 2335 parte
1146 2265 1276 2335 sequitur,

225 2343 299 2411 apud
312 2346 425 2399 Pausan.
439 2349 484 2414 lV,
498 2351 684 2422 34,'Drpopas
696 2350 781 2399 victos
792 2347 825 2399 ab
841 2347 954 2398 Hercule
968 2345 1093 2416 Delphos
1106 2345 1239 2396 abductos
1254 2355 1276 2393 et

224 2421 345 2490 Apollini
354 2425 465 2480 devotos
477 2429 573 2494 tuisse,
585 2429 620 2494 aql
632 2425 759 2478 Ἀπόλλωνι
771 2421 889 2489 irridens
902 2424 1013 2491 ᾕχθισαν
1028 2424 1048 2479 ἐς
1063 2419 1176 2486 Δελφούς.
1189 2424 1246 2473 1111
1254 2433 1276 2472 et

225 2497 331 2554 Servius
343 2503 440 2557 hahet:
454 2506 493 2556 Hi
500 2503 613 2578 populi,
625 2506 658 2555 ab
667 2502 783 2555 Hercule
795 2503 873 2566 victi,
884 2499 1011 2572 Apollini
1020 2501 1116 2552 donati
1127 2519 1181 2554 esse
1189 2500 1276 2551 dicun·

224 2589 276 2629 tur.
286 2581 324 2629 Ex
331 2581 374 2634 dei
383 2595 471 2636 tamen
481 2602 610 2655 responso
621 2585 654 2636 ab
662 2583 776 2634 Hercule
784 2583 812 2633 iu
819 2581 1035 2651 Peloponnesum
1043 2579 1158 2633 deducti
1167 2580 1275 2649 primum

222 2658 326 2708 Asinen
342 2660 491 2731 Argolidis,
509 2682 572 2714 mox
590 2664 690 2714 Asinen
708 2662 845 2714 Messeniae
864 2672 1050 2730 occuparunt,
1067 2671 1096 2710 et
1114 2657 1238 2728 Apollini
1250 2673 1275 2705 ac

179 2758 183 2765 ’
225 2735 328 2807 Dryopi
340 2740 472 2810 Apollinis
482 2742 502 2793 f.
516 2744 616 2814 templa
629 2743 753 2794 dicarunt
766 2742 863 2813 insigni
873 2741 1012 2810 religione.
1023 2739 1143 2790 Videtur
1156 2741 1237 2811 igitur
1247 2734 1275 2786 ab
1322 2773 1323 2822 7

227 2816 319 2888 aliquo
332 2834 413 2890 poeta
425 2821 553 2874 traditum
570 2826 640 2875 forte
660 2836 686 2874 et
704 2821 771 2886 hoc,
790 2823 918 2872 mansisse
934 2818 1007 2890 apud
1023 2819 1150 2889 Delphos
1162 2819 1275 2888 Dryopes
1322 2839 1323 2892 3

224 2900 371 2951 nonnullos
382 2903 451 2955 iuter
463 2921 524 2971 eos,
537 2905 583 2974 qui
594 2921 671 2956 sacra
684 2913 824 2964 curarent,
838 2912 867 2950 ut
879 2897 961 2950 modo
975 2899 1009 2950 de
1021 2897 1201 2949 Cretensibus
1214 2893 1275 2946 vidi·
1322 2895 1323 2956 ξ

225 2991 299 3030 inus.¹
308 2981 437 3033 Traduxit
449 2995 538 3036 autem
550 2984 635 3036 ethos
648 2996 675 3035 et
686 2982 748 3034 illos
761 2981 796 3033 ad
805 2979 899 3031 Delum
910 2997 987 3031 suam
999 2989 1084 3047 poeta
1095 2977 1191 3047 paullo
1200 2975 1277 3027 licen·

224 3060 288 3110 tius.
307 3060 343 3110 At
359 3061 502 3134 Apathyrsi
512 3066 622 3135 proprie
633 3063 729 3114 Delum
742 3073 873 3134 spectant.
893 3061 963 3110 Nam
975 3059 1014 3108 uti
1027 3055 1215 3108 Callimachus
1227 3055 1277 3104 trt-

225 3156 349 3210 matpos,
368 3142 406 3192 ita
421 3143 498 3194 Maro
511 3143 674 3216 Agathyrsos
686 3160 737 3212 pro
750 3137 925 3212 Hyperboreis
941 3139 1048 3208 posuit,
1062 3153 1183 3207 quorum
1194 3133 1278 3201 &euple

225 3235 274 3270 seu
283 3217 382 3291 legatio
393 3238 471 3273 sacra
480 3221 515 3274 ad
522 3223 613 3275 Delios
623 3240 665 3274 res
675 3235 715 3273 est
724 3223 788 3286 satis
798 3233 871 3272 nota.
879 3217 948 3271 Vide
956 3217 1000 3269 vel
1007 3218 1122 3268 Gesneri
1132 3215 1249 3267 Praelect.
1259 3213 1277 3261 ll

227 3295 261 3350 de
271 3302 386 3372 navigat.
401 3315 475 3354 extra
484 3303 581 3367 colum.
593 3295 672 3356 Herc.
686 3314 712 3354 et
724 3302 777 3353 loc.
788 3301 866 3353 class.
876 3296 1037 3350 Callimach.
1048 3298 1078 3348 in
1087 3297 1150 3348 Del.
1163 3296 1212 3348 281
1225 3309 1277 3362 sqq-

224 3378 269 3430 Ad
279 3378 431 3452 Scythicum
442 3401 540 3436 nomen
552 3385 643 3436 retulit
656 3383 844 3455 Hyperboreos
856 3379 985 3450 Virgilius
1000 3396 1062 3429 cuni
1074 3373 1245 3432 Callimacho
1257 3383 1280 3423 et

227 3461 302 3525 aliis,
315 3464 364 3513 etsi
375 3481 391 3514 a
402 3463 556 3517 Graecorum
568 3464 602 3518 ad
614 3464 804 3536 Borysthenem
815 3476 842 3515 et
852 3461 967 3512 Tanaim
977 3458 1094 3512 coloniis
1104 3456 1209 3525 &inplet
1222 3455 1279 3505 istas

112 3589 115 3598 ,
224 3542 329 3594 venisse
345 3544 487 3614 probabile
499 3547 541 3597 sit.
555 3543 660 3596 Altaria
675 3545 848 3596 circumeunt
861 3541 937 3594 chori
949 3537 1053 3600 ndentes,
1066 3539 1103 3591 de
1116 3537 1218 3608 quibas
1230 3533 1280 3586 rid.

225 3619 306 3690 Inttp.
321 3621 356 3672 ad
367 3621 470 3674 Gallim.
484 3625 501 3675 1.
516 3643 539 3676 1.
552 3643 577 3675 r.
591 3624 652 3675 313.
665 3621 717 3691 rtpl
728 3619 806 3688 ssaplr
818 3623 899 3674 etiam
910 3618 1040 3690 Apollon.
1051 3617 1070 3668 l.
1085 3635 1110 3668 e.
1124 3616 1175 3667 lib.
1186 3617 1213 3677 l,
1225 3612 1279 3664 538.

226 3701 301 3767 Quos
311 3699 416 3752 Servius
424 3722 456 3754 ex
462 3704 570 3756 Melissa
578 3703 759 3756 Grammatico
766 3702 887 3754 Acholius
896 3711 1044 3762 memorat,
1057 3696 1154 3757 Ἀβίονς
1162 3691 1281 3747 emenda·

226 3781 325 3833 Versus
339 3780 395 3850 ¹47·
413 3781 469 3848 148.
491 3784 539 3854 149
558 3787 679 3856 inprimis
694 3786 782 3836 ornati
795 3784 829 3836 de
840 3799 943 3834 corona
955 3780 1067 3843 laurea,
1080 3780 1151 3828 vitta
1164 3793 1249 3826 aurea
1259 3785 1281 3824 et

225 3858 362 3930 pharetra.
376 3859 521 3930 Argutatur
531 3876 557 3914 et
573 3866 602 3915 in
613 3865 640 3916 h.
654 3865 671 3915 l.
689 3863 818 3935 Spencius
830 3861 899 3913 Dial.
912 3861 973 3910 Vlll
986 3871 1014 3910 et
1025 3869 1140 3928 poetam
1152 3854 1237 3918 modo
1251 3850 1281 3902 ad
1320 3903 1321 3914 p

226 3937 360 4007 Apollinis
372 3942 531 3992 Vaticanum
543 3944 648 4014 signum
661 3942 742 3994 modo
756 3943 791 3996 ad
807 3943 957 4013 Augustum
969 3940 1108 4009 respicere
1121 3936 1190 3986 vult.
1204 3930 1281 4000 Quod
1320 3915 1321 4000 1

175 4084 178 4089 ¹
229 4016 467 4086 Quinctil.vt11,3,
477 4021 510 4090 73
520 4023 590 4074 circa
599 4023 669 4074 hanc
679 4025 907 4094 comparationem
915 4031 1016 4084 monet,
1025 4039 1043 4071 a
1053 4019 1169 4089 poeticae
1176 4014 1281 4068 visionis
1320 4013 1321 4091 1

227 4095 307 4164 genio
316 4095 433 4150 alienum
442 4112 492 4168 ost.¹
502 4103 586 4158 Debet
593 4103 675 4173 enirn,
686 4103 759 4176 quod
770 4101 932 4160 illustranda
942 4099 1054 4157 alterins
1064 4098 1104 4152 rei
1112 4096 1207 4171 qratia
1217 4109 1282 4148 assu·
1319 4175 1320 4178 Ἰ
