2656 4592
229 304 292 388 5οβ

476 304 510 368 Ρ.
534 299 766 367 VIRGlLll
790 303 1023 370 MARONIS

226 430 374 494 Piscosos
387 425 701 515 scopulos,bumilis
713 426 802 490 volnt
814 447 948 516 aequora
955 426 1072 516 juxta..
1229 445 1263 493 stt

224 533 237 562 ⁸
250 533 347 599 Haud
360 535 453 598 aliter
463 550 566 597 terras
579 534 667 597 inter
677 533 867 621 coelumquc
879 533 1028 615 volabat3

225 641 238 667 ⁸
251 641 342 704 Litus
354 661 530 704 arenosum
542 638 655 729 Libyae
666 656 852 728 ventosque
865 638 1005 716 secabat„

226 745 238 773 *
250 750 400 810 Materno
412 747 549 811 veniens
560 745 603 810 ab
614 768 677 810 avo
689 746 836 835 Cyllenia
848 745 969 834 proles.

226 854 270 916 Ut
282 853 426 941 primum
438 852 530 916 alatis
542 851 650 940 tetigit
661 852 800 941 magalia
810 852 950 940 plantis:

224 1029 399 1076 Markland-
413 1031 464 1088 255.
476 1039 555 1078 contm
563 1033 634 1093 juxta
648 1027 748 1076 Dorvill.
761 1041 784 1077 et
800 1031 910 1076 omissum
928 1028 1027 1075 humilis.
1047 1029 1098 1075 vid.
1111 1031 1234 1076 Burmann.
1243 1056 1269 1066 -

226 1101 278 1146 256.
293 1103 344 1162 257.
360 1103 447 1164 ingrati
457 1117 549 1157 versus,
562 1112 585 1146 et
596 1116 654 1146 sono
666 1103 691 1146 in
703 1116 760 1148 voce
771 1113 872 1147 extrema
884 1101 968 1147 eodem
977 1101 1015 1146 bis
1027 1100 1161 1156 redeunte,
1172 1113 1195 1147 et
1203 1102 1267 1161 impe-

225 1172 274 1218 dita
284 1173 409 1218 verborum
418 1185 541 1220 structuri.
552 1172 620 1218 Hand
629 1172 697 1218 lacile
709 1173 754 1218 fnit
764 1174 805 1235 qui
816 1173 938 1218 Maronem
947 1171 1051 1234 legeret,
1061 1174 1122 1235 quin
1134 1173 1164 1218 ad
1174 1173 1216 1218 bos
1225 1187 1268 1218 ver·

226 1257 264 1288 sus
273 1241 412 1288 offenderet.
425 1245 459 1289 De
471 1254 586 1290 structura
598 1242 645 1288 vid.
661 1255 710 1289 not.
725 1243 752 1286 ln
762 1241 835 1293 codd·
849 1242 936 1288 Medic.
954 1254 977 1288 et
992 1241 1074 1288 multis
1084 1241 1138 1286 aliis
1154 1243 1238 1288 Heinsii
1249 1253 1269 1286 et

225 1312 366 1356 Burmann:
381 1327 407 1356 ac
423 1311 512 1370 Libya,
528 1311 565 1357 vel
580 1321 604 1356 et
621 1313 647 1356 L.
655 1345 663 1366 ,
678 1324 701 1357 at
717 1311 778 1357 Gud.
791 1329 803 1357 a
816 1327 847 1356 m.
866 1328 901 1372 pr.
919 1327 973 1358 cum
990 1310 1043 1356 aliis
1058 1311 1092 1356 ad
1106 1311 1198 1370 Libye,
1214 1310 1269 1372 quod

226 1382 368 1428 brunclium
380 1382 510 1444 praetulisse
520 1383 597 1429 video.
613 1392 723 1447 verumque
736 1385 796 1429 Ven.
809 1383 854 1428 Sed
864 1383 913 1428 lraec
923 1399 1007 1446 parum
1016 1383 1111 1443 juvant.
1126 1385 1205 1429 Heius.
1217 1384 1268 1442 conj.

224 1451 351 1518 ossiumque
359 1453 444 1510 solitu,
451 1455 489 1502 vel
496 1453 599 1502 volando.
609 1454 744 1518 Elegantius
751 1465 785 1502 est
794 1454 893 1502 Bentleii
902 1455 1037 1501 emendatio
1046 1455 1077 1500 ad
1086 1457 1170 1500 liorat.
1179 1456 1190 1499 l
1199 1455 1239 1498 Od.
1247 1453 1269 1508 il
1307 1477 1308 1508 i

226 1521 318 1588 legebat.
328 1526 385 1570 Tan.
398 1525 476 1572 Faber
483 1541 573 1573 versum
583 1525 697 1573 alterum:
709 1527 774 1577 Litus
782 1540 902 1571 arenosum
914 1523 1054 1587 jugulabat,
1064 1527 1108 1586 qui
1118 1536 1142 1570 et
1154 1522 1269 1568 Zulicbem.
1307 1513 1308 1570 l

226 1594 306 1641 deest:
319 1613 412 1653 verum,
422 1601 442 1644 si
451 1598 514 1646 bunc
524 1598 599 1646 solum
609 1597 743 1661 sustulerit,
753 1600 867 1644 sententia
878 1612 960 1646 manca
969 1595 1122 1659 relinquitur.
1132 1596 1210 1642 Debet
1219 1596 1270 1640 enim
1307 1595 1308 1624 ἓ

224 1664 338 1713 Mercurii
348 1667 439 1714 volatus
449 1671 515 1732 juxta
525 1685 590 1714 mare
602 1685 628 1714 ac
638 1667 694 1714 litus
704 1667 826 1715 declarari.
837 1670 896 1714 Sunt
906 1667 1001 1713 tandem
1012 1665 1084 1712 codd.
1095 1667 1170 1711 Pierii
1178 1677 1201 1710 et
1209 1666 1271 1710 llein-

225 1738 254 1782 sii
265 1749 287 1782 et
297 1738 348 1784 bini
357 1741 473 1797 Gothaui,
485 1757 537 1788 cum
548 1740 595 1786 Eri.
606 1745 659 1786 a‘m.
672 1755 733 1796 sec,
743 1742 768 1786 in
780 1741 866 1804 quibus
876 1754 956 1786 versus
968 1741 1077 1784 Matemo
1086 1739 1179 1783 ventem
1188 1752 1271 1799 praepo·

225 1808 291 1852 nitur
302 1808 384 1855 alteri:
398 1812 462 1856 bitus
472 1826 607 1865 annosum
619 1809 664 1855 hoc
674 1811 793 1858 arridebat
808 1811 918 1865 Heinsio,
931 1825 985 1855 cum
995 1811 1029 1862 sic
1040 1810 1148 1869 ingratus
1157 1823 1226 1867 soum
1234 1805 1272 1850 tol·

225 1874 295 1922 latur.
306 1878 483 1936 ussermann,
496 1883 537 1944 qui
547 1880 616 1926 docte
626 1879 656 1926 de
668 1878 776 1926 hocloco
788 1883 850 1942 egit,
862 1879 983 1942 vulgatium
992 1877 1103 1924 ordinem
1114 1879 1197 1938 (eujus
1211 1879 1271 1922 etiam

225 1947 251 1991 in
264 1945 345 2008 fragm.
360 1949 435 1994 Vatic.
452 1952 548 2013 vestigia
563 1952 685 2010 visuntur)
699 1963 778 1997 tuetur
790 1950 899 1998 similium
910 1965 1021 1996 versuum
1031 1947 1157 2010 exemplo,
1173 1949 1272 2010 inprimit

224 2013 267 2061 lib.
279 2017 310 2071 X,
324 2017 375 2064 213.
394 2018 446 2076 ari.
466 2021 499 2066 lta
511 2033 617 2068 maneret
630 2020 715 2083 saltem¹
726 2021 786 2068 boc:
798 2037 846 2068 esse
861 2036 941 2068 versus
954 2020 1043 2086 similes
1055 2019 1083 2064 'in
1096 2017 1212 2080 Virgilio,
1230 2031 1271 2060 non

223 2085 302 2132 minus
311 2087 371 2134 male
383 2105 457 2137 cusos.
467 2092 567 2138 'Praestat
578 2093 669 2148 dicere,
686 2109 735 2140 esse
745 2109 825 2139 versus
838 2091 946 2154 Virgilii,
960 2091 1004 2138 sed
1014 2106 1112 2137 manum
1123 2086 1229 2136 nltimam
1238 2101 1270 2134 eos

214 2155 290 2202 'baud
306 2174 355 2205 esse
372 2173 486 2222 expertos.
500 2164 529 2208 At
537 2179 584 2209 nec
603 2165 681 2209 miuus
689 2162 879 2226 probabilitatem
893 2161 965 2208 habet
976 2161 1051 2217 illud,
1063 2176 1113 2206 non
1120 2159 1195 2205 modo
1206 2172 1271 2204 unum

181 2280 184 2289 1
223 2227 382 2288 retuterunt,
392 2233 434 2279 sed
443 2249 523 2281 omnes
533 2247 580 2281 tres
588 2251 668 2282 versus
677 2251 682 2281 :
692 2235 764 2280 Hand
771 2233 843 2281 aliter.
854 2235 918 2280 Litus
927 2235 1067 2280 asrnemo
1073 2251 1096 2278 υ.
1105 2232 1190 2278 deberi
1198 2233 1271 2292 inepto

224 2300 399 2368 interpolatori,
413 2306 455 2366 qui
468 2303 616 2353 desiderabat
628 2308 808 2370 comparationis
822 2306 951 2368 apoduein,
968 2322 1017 2369 qua
1028 2304 1069 2351 illa
1087 2304 1119 2350 ad
1133 2303 1270 2348 Mercurium

223 2372 396 2420 transferretur.
413 2378 472 2422 Sunt
484 2390 562 2424 autem
575 2393 655 2424 versus
667 2390 714 2424 tam
728 2379 806 2440 jejuni
820 2389 843 2423 et
854 2377 981 2434 salebrosi,
992 2380 1068 2424 utrix
1079 2377 1110 2422 de
1122 2373 1208 2420 lraude
1220 2373 1271 2417 lacta

224 2440 332 2488 dubitare
342 2443 417 2491 liceat.
427 2447 508 2495 Habeo
517 2465 612 2512 quoque
620 2452 784 2496 assentientem
791 2449 834 2495 hac
843 2451 869 2494 in
881 2466 906 2495 re
916 2453 1022 2510 sagaciss.
1034 2453 1112 2496 virum
1118 2449 1171 2492 iac.
1179 2448 1269 2507 Bryant:

222 2524 267 2555 nec
279 2528 373 2568 vereor,
385 2519 443 2576 quin
452 2517 515 2563 idem
525 2521 614 2564 sensuri
626 2535 717 2565 mecum
727 2523 774 2566 sint
784 2521 827 2566 viri
837 2520 915 2576 docti,
928 2522 969 2582 qui
981 2519 1032 2564 baec
1043 2517 1133 2578 legunt.
1142 2541 1175 2552 -
1185 2513 1235 2560 258.
1248 2511 1270 2554 Ia

222 2580 342 2626 nonnullis
353 2582 480 2632 desiderari
489 2587 552 2633 huuc
563 2603 669 2645 versum,
681 2593 770 2639 notavit
780 2591 821 2640 Ge.
832 2590 922 2636 Fabric.
930 2613 962 2625 —
973 2589 1027 2650 ²59·
1037 2585 1115 2633 allatis
1128 2586 1178 2632 duo
1187 2586 1269 2633 Burm,

221 2724 297 2793 quod
309 2737 468 2801 temporum
483 2735 584 2787 itineris
597 2753 723 2808 compen-

221 2805 368 2862 diumiecit
377 2813 540 2882 Mercurius,
553 2816 616 2868 dum
629 2818 722 2872 Atlan-

220 2897 275 2937 tern
281 2890 355 2958 prius
364 2891 429 2961 adit,
437 2895 721 2970 qusmCartbaginem3

219 2965 362 3036 Spectatur
379 2984 482 3026 tentum
502 2975 617 3030 Atlantis
637 2977 721 3028 altum

218 3049 311 3119 iugum
318 3089 327 3116 ‚
343 3055 385 3104 cui
399 3054 463 3106 deus
477 3073 508 3108 ex
529 3058 597 3108 coelo
610 3057 721 3110 descen·

220 3127 286 3179 dens
299 3133 386 3200 primo
399 3134 462 3208 loco
478 3137 589 3202 insistit,
601 3136 664 3189 hinc
684 3137 720 3190 ad

218 3204 364 3264 humiliore
373 3213 433 3266 loca
440 3215 570 3286 procedit.
580 3218 720 3288 Antiquio-

219 3305 277 3338 rem
289 3303 396 3360 poetam
409 3307 470 3348 ante
482 3297 574 3348 oculos
596 3317 656 3350 eum
668 3298 719 3351 lra-

218 3367 309 3420 buisse
326 3375 457 3444 suspicari
477 3378 552 3442 licet⁷
573 3397 604 3429 ex
627 3366 720 3430 eorum

217 3465 332 3518 genere⁷
346 3454 392 3522 qui
404 3456 491 3507 Persei
505 3469 531 3508 et
542 3458 663 3509 Herculis
677 3475 718 3510 res

218 3528 345 3582 fabulosa
357 3537 521 3607 geographia
531 3539 705 3590 involverant.

256 3610 412 3666 256-258.
426 3615 452 3668 Si
464 3618 543 3670 lectio
555 3637 621 3670 sana
633 3631 715 3684 esset,

216 3685 484 3760 distinguere'malim
493 3715 553 3748 cum
563 3700 625 3748 viris
632 3696 716 3749 doctis

217 3782 281 3840 post
292 3770 398 3843 Libyae;
412 3787 441 3826 ut
453 3777 501 3828 sit:
514 3777 663 3830 Mercurius
674 3797 717 3828 vo-

216 3847 293 3902 labat
306 3853 375 3904 inter
388 3866 465 3907 terras
478 3855 624 3927 coelumque
638 3855 718 3924 (Mse-
767 3859 815 3928 421
833 3859 951 3908 Miratur
962 3856 1061 3909 molem
1080 3858 1185 3922 AEneas
1193 3895 1202 3922 ‚
1222 3875 1276 3906 me·

765 3937 841 4013 galia
859 3937 999 4011 quondam.
1024 3955 1099 3989 arces
1118 3955 1172 4008 pro
1196 3937 1279 3987 muni·

220 4007 295 4060 lliod.
310 4031 335 4074 t,
347 4014 398 4083 769
407 4014 440 4068 de
452 4015 564 4068 lunonis
578 4017 663 4085 equis)
675 4017 718 4085 ad,
767 4021 863 4073 mentis
876 4017 948 4071 urbis
966 4029 993 4072 et
1013 4035 1071 4088 pro,
1082 4019 1152 4100 ipsu·
1168 4018 1276 4068 omnino

164 3973 172 3990 ,
219 3926 290 3994 treptie
299 3933 366 3996 paine
382 3955 407 3985 ee
419 3931 459 3985 uei
469 3930 562 4002 οὐρανοῦ
576 3933 718 4002 ἀστερόεντος

771 2740 813 2792 vel
838 2757 949 2803 versus,
973 2738 1049 2790 Litus
1073 2735 1179 2807 Libye·
1201 2744 1229 2783 nt
1246 2748 1265 2779 r.

773 2821 823 2874 253
836 2822 872 2872 ad
878 2819 968 2871 undem
979 2819 1099 2872 Omissio
1111 2813 1270 2887 praepositio·

770 2902 811 2952 nis
820 2903 883 2952 satis
894 2901 1023 2971 frequens
1034 2909 1135 2968 poetae3
1147 2896 1221 2948 etsie
1233 2909 1269 2943 au·

770 2984 839 3032 rium
869 2983 950 3033 etiam
978 2980 1093 3032 fastidio
1116 2977 1266 3030 occurritur.

770 3063 937 3113 Burmannus
946 3063 974 3111 in
982 3060 1095 3132 vulgata
1107 3057 1269 3110 distinctione

770 3143 931 3212 acquiescit,
943 3153 970 3192 et
982 3139 1018 3192 ed
1033 3142 1199 3210 scriptorum
1219 3151 1268 3186 mo·

768 3239 824 3275 rem
842 3223 942 3286 refert,
961 3239 1016 3290 quo
1029 3219 1144 3271 verbum
1158 3216 1194 3269 ad
1213 3213 1269 3267 ulte·

769 3321 827 3354 rum
839 3314 944 3353 tanturn
961 3301 1149 3370 subjectorum
1168 3295 1270 3369 proprie

769 3393 887 3452 spectat3
900 3393 930 3432 ut
945 3379 1054 3447 deficiat
1074 3377 1151 3431 aliud
1167 3376 1271 3428 verbum

769 3462 853 3514 simile
870 3473 933 3532 post
945 3461 1020 3512 Litus
1033 3471 1180 3510 arenosum
1191 3457 1272 3525 Libys

768 3561 804 3594 sc.
827 3533 997 3612 peragrabat.
1019 3539 1148 3590 Materno
1163 3538 1197 3589 ab
1213 3555 1272 3596 ono,

766 3641 816 3692 per
827 3622 944 3685 Maiam,
966 3619 1085 3672 Atlantis
1097 3619 1117 3670 f.
1130 3620 1236 3670 Verum
1247 3613 1274 3664 de

766 3713 824 3752 toto
836 3719 861 3751 v.
875 3701 906 3750 V.
919 3701 948 3750 In

803 3779 959 3851 259-26n
984 3775 1115 3850 magalia.
1137 3795 1165 3828 v.
1180 3794 1241 3846 sup.
1253 3775 1274 3833 l,
