2718 4598
402 348 636 414 AENEIDOS
659 348 812 412 LIBER
836 350 884 416 ΙΙ.

99 473 182 540 Haec
194 472 268 539 finis
280 471 399 538 Priami
412 475 571 537 fatorum:
585 472 638 537 hic
651 473 754 537 exitus
767 472 861 535 illum

99 578 195 646 Sorte
207 580 295 660 tulit,
309 579 444 668 Trojam
456 581 636 658 incensam,
652 595 684 643 et
696 579 848 666 prolapsa
859 573 1028 640 videntem
1100 589 1143 636 555

99 689 275 774 Pergama,
288 702 337 750 tot
349 683 517 774 quondam
529 686 660 774 populis
672 685 834 773 terrisque
847 681 1027 770 su‘perbum

98 794 321 880 Regnatorem
333 775 426 856 itsiae.
439 793 531 856 Jacet
543 792 657 878 ingens
669 792 765 856 litore
777 807 927 866 truncuS,

1080 371 1141 436 277

132 966 185 1022 554.
198 968 317 1030 Hoecfim's
329 987 351 1014 v.
364 968 424 1014 Gell.
437 969 500 1025 Xlll,
514 985 555 1025 ao,
566 981 589 1015 et
600 971 680 1016 Heins.
691 970 721 1015 ad
730 972 782 1020 AEn,
797 971 842 1025 tlt,
862 968 911 1024 145.
922 961 965 1012 Hic
976 966 998 1029 f.
1017 965 1064 1010 duo
1077 962 1145 1010 Goth.

95 1037 159 1084 Gell.
173 1040 237 1096 Xlll,
249 1057 284 1086 20.
297 1041 369 1085 sedin
380 1039 512 1104 illoquoque
522 1041 597 1086 itidem
610 1039 709 1105 Verqilii
716 1057 798 1087 versu.-
812 1043 865 1086 Haec
875 1041 927 1084 linis
938 1039 1024 1083 Priami
1033 1037 1145 1087 fatorum,

96 1125 118 1155 st
129 1119 201 1156 mutes
213 1121 248 1166 et,
265 1111 303 1158 hic
318 1113 382 1167 linis,
396 1112 472 1166 duos,
488 1113 571 1157 durum
579 1121 648 1176 atque
657 1113 766 1159 absonum
775 1117 817 1159 erit
830 1119 977 1175 respuentque
992 1123 1070 1160 aures,
1087 1105 1148 1169 quod

96 1185 221 1226 mutaveris
229 1201 236 1235 ;
245 1185 303 1227 sicut
314 1180 371 1226 illud
378 1191 456 1228 eontra
465 1184 564 1245 quedem
576 1185 599 1228 V
598 1182 670 1247 erqib't'
678 1187 792 1229 insuavius
795 1183 884 1246 facias,
894 1185 914 1227 sl
922 1189 1009 1225 mutes:
1021 1178 1096 1235 Quem
1106 1175 1146 1218 das

95 1252 171 1296 finem
179 1287 185 1308 ,
194 1269 234 1298 rex
245 1269 339 1315 magne,
349 1253 468 1310 labornm3
480 1271 533 1306 nom
541 1259 562 1300 si
570 1259 601 1300 ita
613 1256 685 1310 dicas,
696 1272 765 1318 quam
775 1257 815 1302 das
827 1255 910 1310 finem,
918 1249 1064 1316 injucundum
1073 1248 1157 1306 nescio-

94 1339 143 1385 quo
153 1333 220 1385 paeto
230 1333 254 1368 et
265 1323 372 1370 laxiorem
382 1327 442 1370 vocis
451 1340 530 1370 sonum
538 1325 630 1388 fluoris.
640 1329 691 1372 Jam
704 1327 733 1372 ad
745 1343 812 1374 suum
821 1329 921 1389 quisque
931 1325 1021 1370 aurium
1029 1318 1147 1383 judidum

95 1394 128 1438 de
139 1393 184 1440 hae
194 1395 321 1442 subtilitate
331 1409 422 1442 statuat.
434 1396 478 1440 Hic
483 1395 507 1458 f.
519 1397 615 1450 Priami,
626 1397 847 1458 hr'rfotorumexr'tus
854 1400 936 1440 Frane.
949 1394 989 1436 tac
999 1395 1072 1435 exitus
1082 1385 1150 1432 illum¹

93 1471 157 1508 sorte
168 1461 219 1508 tulit
227 1465 289 1524 conj.
299 1466 378 1511 Heius.
386 1491 418 1500 -
428 1461 484 1511 555.Ι
492 1473 516 1510 et
524 1463 587 1527 lapsa
598 1461 687 1526 aliquot
696 1481 733 1526 ap.
743 1467 821 1510 Burm.
829 1489 860 1500 -
868 1464 920 1509 556.
932 1458 1021 1525 populis
1032 1457 1146 1520 quondam

94 1531 204 1578 Parthas.
215 1545 238 1578 et
250 1533 321 1580 Wall.
331 1557 363 1570 ·-
372 1535 425 1597 557.
435 1549 523 1599 aequore
532 1550 575 1596 pro
591 1533 653 1578 litore
662 1533 773 1590 Dorvill.,
785 1536 931 1579 Burmannus
943 1532 1005 1590 conj.
1024 1526 1097 1571 limine
1111 1539 1143 1568 sc.

94 1603 177 1662 regiae.
195 1603 247 1654 Non
264 1615 298 1650 est
313 1602 459 1651 sollicitanda
473 1605 535 1650 bona
551 1602 635 1658 lectio,
652 1619 722 1666 quam
738 1602 876 1654 confirmant
891 1597 1001 1648 Manilius
1014 1607 1037 1642 et
1048 1597 1145 1642 Seneca.-

96 1686 121 1718 v.
132 1685 183 1716 not.

132 1821 303 1896 55l·559·
343 1826 529 1898 Epip'honema
561 1827 597 1879 ad
645 1841 675 1879 ut
685 1821 753 1880 adeo
762 1842 859 1896 corpus
870 1823 903 1876 ab
912 1819 1019 1872 Achivis
1034 1813 1069 1890 ad
1083 1810 1145 1862 litus

94 1905 336 1957 commiserationis
347 1907 475 1958 affectum
484 1906 597 1976 praecla-
647 1917 778 1970 tractum,
791 1917 817 1955 et
830 1902 886 1954 illic
899 1898 1020 1952 relictum
1032 1893 1087 1946 sine
1102 1908 1145 1941 ca-

94 1997 124 2030 re
138 1986 331 2052 ⁰⁰¹¹¹P⁰⁸it¹¹1¹¹;
349 1985 461 2055 simplex
470 1998 558 2036 tamen
572 1999 598 2036 et
644 1987 700 2057 pite
710 1988 790 2038 fuerit
798 2025 807 2052 ,
816 1999 846 2036 ut
854 1985 982 2051 Pompon.
991 1975 1072 2037 Sub,
1086 1988 1144 2040 quae

95 2058 225 2125 obvium,
243 2063 289 2114 sed
307 2062 446 2134 magnifice
463 2076 595 2114 ornatum.

93 2138 186 2190 Placet
198 2145 253 2191 tion
266 2145 352 2193 minus
363 2143 430 2194 illud
448 2143 481 2194 de
493 2142 597 2194 Achille

94 2216 171 2286 apud
187 2219 264 2270 Ovid.
286 2223 349 2272 Met.
367 2223 431 2286 XII,
451 2222 512 2274 615.
536 2223 596 2274 616.

93 2296 159 2345 Jam
178 2298 244 2350 cinis
255 2311 305 2365 est,
324 2312 351 2352 et
373 2301 404 2354 ele
425 2311 479 2350 tam
502 2319 598 2372 muqno

94 2386 176 2426 restat
185 2376 291 2430 Achille
310 2381 405 2433 Nescio
426 2381 511 2454 quid,
532 2401 597 2452 par-

19 2485 21 2495 ·
93 2474 156 2505 nam
177 2459 249 2528 quod
259 2478 312 2510 non
325 2461 388 2511 bene
408 2459 539 2532 compleat
550 2479 596 2510 ur-

93 2554 168 2586 nam.
184 2537 320 2591 Sententia
332 2541 393 2592 inde
416 2560 433 2592 a
449 2541 539 2592 multis
552 2559 596 2592 ex-

92 2633 197 2685 pressa.
217 2617 291 2686 forte
303 2657 312 2680 ,
336 2619 414 2672 fatali
436 2623 595 2673 necessitate

93 2695 213 2746 abstulit.
228 2696 299 2750 Serv.
310 2697 379 2750 Asine
386 2717 488 2772 magna
501 2699 595 2752 saltem

90 2776 180 2845 partis
188 2777 272 2842 Asiae,
285 2779 395 2829 minoris
404 2799 428 2830 v.
438 2779 525 2832 Strab.
535 2781 596 2830 XllI

90 2873 154 2926 pag.
171 2854 222 2925 875
243 2858 274 2906 A.
294 2853 456 2928 reqnatdrem
474 2858 594 2930 populis,

91 2953 145 3005 pro
158 2935 321 3005 populorum
337 2959 343 2986 z
360 2938 412 2988 nisi
428 2938 522 2989 melius
539 2951 594 3002 est,

90 3024 257 3084 reqnatorem
279 3014 372 3080 Asine,
396 3017 536 3086 superbum
561 3027 599 3068 tot

88 3091 200 3160 populis
211 3096 336 3166 terrisque
355 3114 404 3165 pro
423 3095 544 3166 vulgari,
558 3108 597 3146 te-

90 3181 202 3221 nentem
215 3183 305 3224 terras.
316 3175 391 3242 jacet
412 3173 502 3244 inqens
521 3173 596 3224 litore

91 3259 209 3302 truncus.
231 3251 337 3303 Scilicet
349 3253 511 3323 insepultum
534 3272 597 3324 pro-

88 3331 192 3397 jectum
213 3332 265 3381 fuit
283 3333 381 3384 Priami
410 3352 516 3404 corpus.
536 3337 595 3386 Hoc

90 3407 139 3459 alii
152 3408 308 3478 simpliciter
318 3424 445 3478 narrant,
457 3412 533 3465 nulla
545 3432 595 3483 ¹ap-

89 3489 183 3557 posita
195 3488 248 3540 loci
260 3493 384 3552 notione3
398 3503 495 3561 praeter
506 3492 593 3559 Quin-

90 3579 150 3617 tum
158 3569 240 3632 Xlll,'
249 3570 309 3636 241.
319 3571 378 3638 144.
390 3569 490 3624 Seneca
496 3573 595 3624 Troad.

88 3644 126 3711 54
136 3663 195 3716 sqq.
209 3648 308 3700 auson.
319 3651 444 3722 Epitaph.
460 3651 507 3718 23,
518 3652 592 3722 quod

88 3743 123 3776 ex
135 3737 228 3776 nostro
239 3728 435 3782 adumbratum.
447 3731 592 3802 EstEurip.

85 3803 190 3856 Troad.
206 3807 271 3858 1313
282 3805 316 3858 21>
328 3806 457 3882 ttunptaur
468 3849 476 3870 ,
488 3811 596 3879 Πρίαμε,

86 3886 240 3950 -ὦταφος,
256 3886 350 3952 ἄφιλος,
365 3891 426 3946 eluar
445 3890 504 3958 ἰμῖἰς
517 3888 596 3945 timor

88 3956 131 4024 ὅς.
142 3963 281 4034 Adjiciunt
294 3967 340 4022 alii
349 3967 433 4025 litoris
444 3970 595 4038 notionem,

646 2067 724 2116 unice
748 2084 811 2116 vera
835 2059 1039 2131 interpretatio,
1065 2051 1145 2102 obvia

648 2145 741 2196 eadem
762 2147 789 2194 in
808 2143 954 2199 Servianis;
976 2135 1046 2187 unde
1064 2133 1144 2183 etiarn

647 2222 815 2294 intelligitur,
827 2221 861 2272 ad
873 2218 980 2271 Pacuvii
991 2209 1144 2284 tragaediam

646 2315 755 2372 poetam
783 2303 947 2370 respexisse;
981 2305 1144 2364 quamquam

647 2382 741 2445 locus,
755 2383 801 2450 qui
813 2380 913 2431 ibidem
924 2376 1073 2443 adscriptus
1086 2370 1145 2418 fue-

647 2475 704 2526 rat,
717 2460 821 2512 excidit.
833 2460 890 2509 Nisi
898 2450 966 2508 fort’e
977 2455 1051 2504 fuere
1061 2447 1145 2500 verba

645 2541 691 2592 illa
707 2541 793 2590 Ennio
809 2538 843 2589 ab
867 2536 924 2588 aliis
948 2533 1048 2584 tributa
1063 2529 1142 2578 Tusc.

644 2621 696 2688 Qu.
724 2621 752 2682 1,
778 2619 813 2684 44
834 2615 926 2688 (Heu)
949 2609 1085 2682 Reliquias
1107 2625 1144 2658 se·

646 2699 734 2750 miani
746 2697 812 2770 reqis
819 2694 956 2747 denudatis
964 2691 1058 2744 ossibus
1068 2689 1145 2739 Tetra

645 2775 723 2845 (narn
735 2779 773 2828 sic
791 2795 852 2827 cum
874 2776 963 2826 Davis.
987 2765 1145 2840 legendum)

645 2859 718 2910 sanie
741 2855 869 2908 delibutas
893 2853 965 2924 foede
990 2846 1143 2901 divexarier.

645 2937 697 2990 Sed
730 2938 905 2988 imitationem
937 2940 1063 2982 notarunt
1095 2926 1146 2976 viri

646 3015 719 3067 docti
731 3034 763 3066 ex
774 3013 866 3065 Manil.
887 3013 931 3075 lv,
949 3009 992 3075 64.
1013 3005 1046 3059 65
1068 3004 1146 3054 Pria-

646 3114 771 3166 mumque
794 3095 821 3144 ἰὴ
846 3091 922 3144 litore
943 3100 1080 3150 truncum,
1097 3086 1146 3136 cut

646 3193 693 3226 nec
708 3177 785 3244 Troja
797 3191 889 3244 eoque,
903 3182 929 3222 et
938 3169 1038 3220 Seneca
1050 3183 1081 3216 ex
1092 3164 1148 3214 hoc'

646 3252 808 3306 eodemloco
821 3249 919 3301 Trond.
937 3249 985 3315 140
997 3261 1146 3316 maqnoque

644 3334 706 3386 Jovt'
727 3321 835 3402 victim‘o
848 3349 934 3396 ,cresus
954 3327 1030 3398 Siqea
1047 3323 1145 3394 premis

645 3411 723 3464 litora
735 3423 848 3462 truncus.
860 3411 933 3460 Litus
943 3406 976 3458 de
984 3406 1078 3474 Troja,
1087 3415 1146 3453 tan·

646 3511 726 3564 quam
751 3487 852 3540 literali
870 3484 951 3558 playa
969 3523 978 3549 ,
1001 3486 1143 3552 accipere,

647 3572 743 3622 durum
756 3570 879 3622 arbitror.
890 3563 971 3632 Quod
983 3563 1087 3614 Servius
1101 3560 1147 3612 ad-

647 3650 706 3714 dit,
733 3647 852 3716 Pompeii
872 3658 980 3716 tangere
1005 3641 1145 3692 historiam

646 3729 804 3801 Virgilium,
820 3725 873 3777 hoc
890 3743 922 3776 eo
935 3724 1072 3774 dumtaxat
1084 3740 1146 3791 pere

647 3812 731 3872 tinet,
754 3806 826 3878 quod
838 3806 917 3875 hujus
938 3804 991 3854 loci
1014 3804 1099 3871 major
1113 3819 1160 3874 111-

645 3890 753 3940 suavior
765 3887 860 3956 aliquis
873 3901 964 3936 sensus
979 3899 1035 3934 esse
1054 3878 1146 3930 debuit

644 3969 785 4034 Romanis,
798 3968 844 4037 qui
860 3964 980 4040 Pompeii
1000 3958 1084 4013 simile
1106 3959 1144 4014 lav
