2718 4598
330 295 567 360 ursinos
591 295 744 360 nisus
768 297 817 359 ιι
1030 322 1093 387 279

33 421 259 500 servantem,
274 437 306 484 et
318 421 450 485 tacitam
462 436 586 486 secreta
600 419 633 484 in
645 418 724 484 sede
736 419 893 486 latentem

34 529 243 619 Tyndarida
254 528 420 616 adspicio,
433 528 513 594 dant
525 529 612 594 clara
621 528 776 594 incendia
787 529 896 594 lucem
955 576 958 584 .

35 637 196 715 Erranti,
211 636 398 724 passimque
411 636 525 702 oculos
538 653 727 728 percuncta
740 637 870 700 ferenti.
1052 646 1098 710 ⁵70
1149 683 1150 686 .

37 741 107 806 Illa
121 743 188 808 sibi
200 744 337 808 infestos
351 765 464 806 eversa
476 741 520 806 ob
533 745 688 830 Pergama
700 744 862 821 Teucros,

37 849 86 910 Et
99 871 220 934 poenas
234 852 398 925 Danaum,
414 865 447 911 et
459 845 582 912 deserti
594 847 743 936 conjugis
755 849 833 927 iras,

38 956 290 1034 Praemetuens,
305 954 413 1043 Trojae
427 971 460 1018 et
471 954 585 1042 patriae
598 955 784 1019 communis
796 955 950 1044 ErinnyS,

38 1057 234 1125 Abdiderat
246 1083 332 1141 sese,
346 1078 445 1150 atque
457 1061 521 1125 aris
534 1060 639 1124 invisa
651 1059 796 1124 sedebat.

39 1167 212 1231 Exarsere
224 1167 316 1254 ignes
328 1168 455 1248 animo,
470 1167 559 1233 subit
571 1167 619 1230 ira
630 1164 805 1230 cadentem
1058 1180 1100 1242 575

41 1361 66 1396 et
76 1349 205 1396 semmdus
224 1367 263 1398 eos
281 1353 404 1407 exhibent,
422 1365 448 1399 ut
468 1365 491 1400 et
502 1355 612 1416 Bongars.
627 1352 688 1398 alter
700 1355 725 1398 in
741 1354 860 1414 Excerptis
877 1354 950 1398 Cottii
962 1365 986 1400 et
996 1355 1104 1402 Vaticani

39 1420 176 1476 nonnulli,
189 1423 231 1468 sed
242 1439 323 1470 omnes
333 1427 489 1471 recentiores:
500 1443 521 1472 v.
532 1425 596 1487 praei.
609 1425 706 1469 Bottarii
715 1424 744 1469 ad
756 1425 845 1486 Fragm.
856 1425 931 1470 Vatic.
944 1442 967 1488 p.
980 1425 1042 1471 vill.
1052 1427 1105 1472 lam

35 1490 89 1542 ‚bos
102 1507 189 1539 versus
200 1495 343 1558 Virgilianos
352 1511 417 1552 esse,
429 1511 478 1543 non
490 1509 536 1552 est,
549 1496 614 1559 quod
624 1495 729 1552 dubites,
745 1497 765 1542 si
774 1511 855 1542 eorum
864 1495 969 1542 indolem
984 1508 1007 1543 et
1017 1511 1105 1544 uume-

39 1576 127 1606 rosam
139 1575 287 1610 venustatem
300 1568 415 1630 exquiras.
429 1568 458 1612 At
469 1565 564 1612 relictos
578 1582 632 1612 mox
643 1565 672 1610 ab
683 1567 733 1627 ipso
743 1563 819 1611 selah
831 1565 883 1612 aliis
892 1578 994 1613 resectos
1003 1581 1052 1613 esse
1061 1582 1105 1614 ne·

40 1648 114 1678 cesse
130 1645 174 1679 est.
188 1635 216 1680 ln
223 1635 369 1684 Dorvilliano
384 1637 526 1700 adscriptum
535 1649 598 1683 erat:
611 1640 686 1682 Tucca
700 1645 723 1682 et
733 1634 1106 1697 Vams(1.Varius)debuxemnt

40 1701 94 1748 hoee
110 1704 210 1768 Virqilio
218 1710 331 1763 cat-mma,
341 1725 411 1772 quum
421 1709 566 1772 emendarent
574 1706 633 1753 hunc
645 1706 727 1752 librum
732 1709 801 1769 jussu
811 1707 931 1752 Octaviani
940 1707 1016 1766 (conf.
1028 1709 1105 1753 Vitam

40 1773 145 1835 Virgilii
156 1791 178 1820 c.
192 1775 227 1833 id.
241 1778 267 1823 15
275 1781 290 1836 ).
300 1779 388 1826 Similis
396 1791 451 1826 nota
461 1783 487 1826 in
496 1779 548 1826 aliis
557 1795 653 1843 quoque
664 1780 777 1832 commit,
790 1788 817 1823 ut
825 1779 851 1822 in
859 1778 1021 1827 Bnmckianis.
1031 1782 1107 1828 Etiam

40 1846 68 1888 in
87 1845 178 1891 Hamb.
191 1861 237 1893 sec.
253 1861 278 1895 et
294 1851 319 1894 in
331 1849 475 1912 Guelpherb.
488 1865 549 1906 uno,
568 1849 671 1913 quodin
682 1849 801 1910 decerptis
819 1847 891 1892 Gortii
903 1859 1009 1896 notatum
1022 1850 1107 1914 video,

41 1915 133 1962 similis
146 1930 203 1964 nota
215 1923 365 1978 occurrebat;
384 1923 462 1968 addita
479 1925 587 1968 ratione:
604 1921 649 1967 Sed
662 1923 737 1965 Tucca
748 1927 771 1964 et
785 1921 862 1964 Varus
875 1917 915 1966 doe
933 1922 1014 1983 (quod
1025 1925 1107 1971 AEneas

41 1987 148 2034 Helenae
161 2006 257 2038 manum
265 1994 353 2040 inferre
363 1994 469 2054 volebat)
484 2011 530 2041 nort
542 2002 666 2057 competere
675 1991 726 2038 stilo
738 1991 836 2047 Ιιιωίοο,
850 1995 904 2056 quia
916 2001 980 2056 tsstpe
993 2005 1053 2042 esset
1059 2000 1108 2042 vim

36 2058 105 2120 forti
114 2062 140 2103 s'n
149 2059 267 2108 mulierem
276 2079 357 2110 monus
367 2067 480 2128 dejecisse,
493 2063 543 2110 iilos
554 2064 724 2109 subtraxerunt.
737 2063 943 2108 nausiavidentur
955 2063 1004 2110 haec
1017 2082 1045 2111 ex
1054 2069 1109 2112 Ser-

43 2131 100 2185 vio,
115 2146 190 2192 quem
200 2149 222 2178 v.
233 2134 263 2178 ad
274 2151 296 2180 s.
313 2137 370 2196 592,
387 2136 428 2182 ubi
438 2137 533 2182 additur
545 2135 588 2181 alia
600 2150 691 2188 caussa,
711 2140 753 2178 eur
764 2133 849 2180 sublati
858 2133 959 2190 fuerint,
971 2135 1036 2197 qnod
1048 2149 1112 2182 con-'

44 2203 123 2246 traria
134 2200 173 2250 his
190 2205 229 2260 (et
239 2219 291 2267 sup.
304 2207 410 2253 versibus
427 2207 472 2253 Sto
488 2221 523 2270 sq.
539 2209 590 2269 jam
602 2207 647 2264 D.)
663 2207 774 2250 dicantur
783 2207 832 2249 AEn.
846 2204 890 2260 Vl,
912 2207 956 2250 510
972 2221 1023 2269 sqq.
1035 2208 1109 2266 Quod

43 2272 151 2336 quidem
166 2273 248 2335 paullo
260 2281 364 2339 gravius,
383 2277 483 2325 alterum
501 2279 557 2325 vero
576 2277 719 2324 levissimum
738 2287 772 2322 est
790 2287 964 2338 argumentum
984 2291 1034 2322 nou
1043 2281 1109 2326 enim

43 2346 194 2392 indecorum
205 2347 281 2393 videri
290 2351 379 2404 Encas,
399 2351 464 2412 quod
475 2349 570 2396 llelenae
576 2383 583 2404 ‚
596 2351 702 2394 omnium
717 2347 832 2393 malorum
848 2362 945 2404 caussae,
968 2361 1109 2411 conspectu,

44 2413 135 2478 paullo
149 2417 244 2477 gravius
254 2422 376 2472 emiserit.
391 2423 410 2465 si
421 2422 525 2482 penitius
535 2435 585 2466 rem
596 2421 718 2482 inspicias,
733 2417 802 2464 facile
812 2416 936 2478 intelligas.
949 2417 1045 2480 Neque,
1057 2422 1109 2466 sine

44 2487 84 2540 iis,
98 2499 214 2531 versuum
223 2487 277 2547 589.
288 2490 339 2549 59²·
349 2491 401 2551 594.
410 2491 453 2552 595
462 2493 578 2536 sententia
585 2500 684 2536 constat.
697 2491 720 2534 Si
730 2499 808 2534 tamen
818 2485 903 2532 sublati
913 2486 979 2533 fuere
989 2490 1006 2534 ii
1016 2505 1108 2545 versus,

43 2555 138 2600 Tuecae
146 2567 173 2600 et
180 2557 246 2600 Varii
258 2558 361 2620 judieio,
376 2571 417 2605 aut
427 2560 487 2606 forte
499 2563 573 2622 ipsius
583 2559 689 2622 Virgilii,
701 2574 774 2621 quum
785 2560 811 2607 in
821 2559 872 2618 ejus
882 2557 1027 2621 autographo
1034 2573 1112 2607 esseut

45 2627 179 2688 expuncti,
195 2625 332 2675 melioribus
338 2631 444 2676 nondum
454 2632 596 2687 substitutis,
609 2631 742 2676 mirandum
750 2628 795 2674 hoc
803 2643 851 2674 non
860 2640 906 2684 est,
921 2629 1110 2690 quodsententia

43 2701 100 2744 sine
111 2695 162 2742 illis
167 2699 273 2746 versibus
280 2713 386 2748 constare
395 2703 490 2766 nequit',
499 2719 572 2766 quum
577 2702 662 2748 subisti
670 2701 766 2764 quidem
774 2699 822 2755 illi,
830 2714 878 2746 oon
886 2710 963 2745 autem
973 2713 1036 2747 totus
1044 2701 1110 2750 locus

45 2774 204 2825 immutatus,
216 2775 295 2818 necin
306 2785 475 2838 expunctor-um
485 2775 564 2822 locum
577 2774 618 2820 alii
625 2773 725 2835 repositi
732 2774 791 2827 sint,
804 2787 849 2817 nec
857 2773 940 2832 reponi
948 2776 1075 2832 potuerint.
1083 2776 1111 2821 ln

46 2843 137 2889 Servio
154 2842 181 2885 P.
198 2843 303 2890 Danielis
321 2845 432 2906 leguntur
448 2846 498 2890 haec
515 2847 545 2889 ad
563 2865 585 2890 v.
604 2843 657 2888 566.
670 2845 725 2887 Post
740 2841 800 2886 tune
811 2857 901 2886 versum
914 2857 993 2888 versus
999 2844 1111 2906 fuerunt,

46 2929 110 2979 quos
120 2915 205 2957 Tucca
213 2922 236 2958 et
250 2915 328 2960 Varus
339 2913 403 2961 obliti
411 2925 477 2971 sunt,
490 2927 516 2961 ut
528 2917 553 2961 iu
564 2916 680 2976 poematis
697 2927 809 2968 recensu,
821 2913 870 2957 sive
881 2926 948 2966 casu,
964 2915 1013 2959 sive
1023 2914 1067 2960 alia
1081 2917 1111 2963 de

48 2999 152 3040 caussa,
165 2983 239 3040 forte,
250 2988 306 3048 quia
315 2989 341 3032 in
350 2999 425 3048 poetae
436 2986 583 3049 autographo
594 2997 660 3032 erant
671 2987 696 3029 in
709 2985 813 3046 margine
822 2985 916 3044 scripti,
927 2986 1006 3029 omissi
1015 2985 1111 3035 fuerint.

47 3057 183 3100 Enimvero
194 3070 273 3116 panno
285 3055 320 3102 illi
332 3068 409 3104 assuto
421 3062 504 3120 parum
511 3057 567 3102 fidei
574 3053 656 3102 haberi
668 3066 759 3116 potest3
769 3065 793 3098 et
801 3051 895 3098 videtur
905 3049 969 3098 obliti
976 3062 1031 3098 sunt
1040 3070 1112 3116 prave

48 3143 96 3189 pro
116 3128 244 3172 omiserunt
261 3126 349 3174 dictum
369 3144 425 3176 esse.
447 3128 611 3174 Defenderunt
626 3126 670 3172 hos
688 3141 768 3173 versus
785 3122 852 3168 multi
867 3139 904 3184 ap.
924 3124 1050 3170 Burmann.
1069 3141 1113 3174 suo

48 3199 160 3262 quisque
170 3212 248 3254 more,
259 3215 318 3261 quos
328 3199 395 3254 vide;
407 3201 514 3262 inprimis
524 3199 635 3262 Campani
641 3198 799 3255 Quaestionem
809 3192 963 3255 Virgilianam
971 3210 1050 3258 super.
1061 3195 1085 3241 h.
1095 3197 1112 3244 l.

51 3282 146 3316 etcum
159 3271 189 3314 iis
199 3271 326 3332 Trappium
338 3272 368 3316 ad
383 3271 406 3316 h.
417 3270 434 3315 l.
449 3270 534 3316 lumina
547 3271 584 3316 ed.
597 3272 663 3315 Juut.
673 3275 737 3312 vasto
748 3263 858 3311 liotteud.
871 3279 917 3310 sec.
930 3279 942 3308 a
954 3261 986 3308 r'n.
996 3281 1041 3312 sec.
1052 3275 1115 3312 vaste

51 3355 75 3388 et
85 3349 164 3386 vostre
178 3338 267 3403 aliquot
278 3359 316 3405 ap.
327 3345 406 3388 Burni.
417 3367 448 3378 -
457 3342 510 3388 568.
528 3346 597 3388 tacita
611 3343 678 3387 Voss.
688 3365 720 3375 -
730 3337 783 3399 569.
796 3336 948 3396 Tyndaridem
964 3338 1001 3382 cd.
1012 3337 1073 3382 Ven.
1082 3364 1115 3375 -

51 3413 110 3474 570.
128 3424 173 3473 per
188 3426 208 3455 c.
227 3415 298 3456 tuenti
312 3411 350 3458 ed.
362 3413 423 3458 Ven.
435 3437 468 3447 -
477 3414 529 3474 ⁵7¹·
542 3413 679 3476 obsessaque
693 3411 720 3454 P.
734 3407 771 3455 ed.
784 3409 846 3452 Ven.
858 3432 888 3442 —
899 3406 952 3468 572.
964 3407 997 3450 Et
1007 3407 1115 3454 Danaum

49 3499 137 3546 poenas
145 3481 186 3528 vel
195 3497 285 3544 poenum
298 3483 338 3529 alii
355 3500 392 3546 ap.
409 3486 488 3530 Burm.
498 3485 530 3530 Et
540 3486 571 3529 D.
581 3499 660 3548 peenas
670 3483 754 3528 deserti
762 3488 786 3527 et
798 3478 868 3523 Goth.
880 3493 927 3524 sec.
939 3487 971 3512 ὲ·
980 3477 1032 3540 573.
1048 3479 1115 3526 Proe-

50 3566 162 3602 museus
179 3557 271 3612 Heius,
287 3571 340 3602 cum
352 3555 497 3602 melioribus.
510 3555 587 3618 Vulgo
599 3563 742 3619 persuetuens
751 3569 760 3598 .·
770 3553 851 3615 patrie
860 3565 880 3596 e.
892 3549 919 3598 ob
929 3554 974 3596 iras
984 3551 1054 3598 Gotb.
1067 3568 1113 3600 sec.

49 3653 86 3664 -
96 3623 154 3688 574.
167 3627 236 3689 Arpis
247 3627 295 3671 MS.
308 3629 333 3672 in
345 3629 426 3674 Servio
435 3629 494 3671 Dan.
505 3638 530 3673 et
539 3626 608 3673 Goth.
622 3641 668 3672 sec.
678 3649 710 3661 ·-·
721 3625 773 3686 575.
786 3624 842 3686 t'qnt't
853 3619 901 3666 duo
910 3622 989 3668 lium·
1000 3654 1002 3660 ι

52 3785 71 3834 l.
86 3783 179 3853 Super
187 3799 256 3834 unus
264 3800 335 3834 eram
342 3822 352 3850 ‚
363 3781 458 3838 etitem.
469 3759 564 3836 Hodie·
614 3784 722 3838 errabat
735 3798 866 3846 vacuam,
883 3792 913 3831 ut
932 3797 992 3848 sup.
1010 3797 1035 3828 v.
1054 3777 1113 3832 528.

53 3866 162 3926 sicum,
177 3873 207 3913 ut
218 3862 294 3914 lliad.
314 3879 341 3925 λ,
361 3864 563 3932 401.Erranti;
615 3863 699 3916 invisa
707 3901 716 3928 ,
729 3859 831 3912 abdita.
845 3858 887 3910 Sic
897 3857 1007 3921 melius,
1021 3869 1096 3927 puto.

54 3959 125 4013 ergo
138 3941 235 3991 AEneas
245 3943 301 4010 jam
313 3942 346 3996 de
359 3946 426 3996 turri
437 3943 479 3996 vel
491 3956 564 3996 tecto
650 3940 709 4012 575.
725 3959 784 4012 sqq.
801 3939 947 4010 Sequentia
963 3955 994 3988 ex
1011 3937 1118 4006 Euripi-

56 4022 141 4094 regiae
165 4017 326 4088 desiluerat,
345 4036 372 4076 et
391 4041 441 4096 per
463 4024 565 4094 regiam
614 4020 672 4075 deis
691 4038 816 4091 expressa
836 4021 865 4069 in
883 4017 977 4068 Oreste
995 4033 1020 4065 v.
1048 4014 1114 4066 1132

125 4123 149 4164 2.
