2690 4594
348 320 583 386 AEunrnos
606 323 761 385 sinna
784 322 856 385 111.
888 301 893 354 ³
1066 323 1124 400 4..

125 446 251 512 Interea
263 445 400 511 classem
411 445 492 511 velis
504 462 616 534 aptare
624 446 765 536 jubebat

78 550 253 632 Anchises,
267 553 361 616 fieret
373 569 473 650 vento
485 575 578 618 mora
592 577 634 618 ne
648 576 713 643 qua
725 553 855 619 ferenti.

77 659 188 740 Quem
199 658 315 723 Phoebi
328 659 490 747 interpres
503 659 609 724 multo
623 659 801 748 compellat
812 657 957 722 honore:

78 764 257 853 Conjugio,
271 763 428 845 Anchisa,
441 766 582 830 Veneris
595 764 728 853 dignate
736 765 900 854 superbe,
1085 773 1129 836 475

78 872 166 934 Cura
177 870 294 951 deum,
308 871 359 935 bis
371 873 558 960 Pergameis
572 865 686 961 erepte
699 873 818 950 ruiniS,
1200 869 1202 872 ¹

78 979 164 1042 Ecce
175 977 236 1042 tibi
248 978 401 1042 Ausoniae
413 977 528 1042 tellus:
542 979 628 1043 hanc
640 977 756 1067 adripe
769 978 860 1042 velis.
878 1045 880 1055 ,

77 1084 120 1146 Et
131 1099 242 1148 tamen
254 1083 339 1150 hanc
350 1084 468 1173 pelago
478 1084 708 1173 praeterlabare
721 1106 857 1150 necesse
870 1100 937 1163 est,

77 1190 232 1253 Ausoniae
244 1212 319 1277 pars
332 1190 387 1255 illa
399 1192 531 1279 procul,
546 1214 646 1281 quam
658 1190 776 1279 pandit
787 1189 916 1278 Apollo.

77 1295 185 1374 Vade,
199 1296 257 1375 ait,
272 1319 292 1359 o
304 1296 383 1361 felix
395 1298 462 1361 nati
474 1298 611 1387 pietate!
626 1296 708 1386 quid
721 1297 807 1361 ultra

76 1403 261 1484 Provehor,
275 1421 308 1469 et
320 1404 422 1480 fando
435 1407 598 1494 surgentis
612 1405 769 1470 demoror
780 1404 928 1470 austros?

76 1513 106 1574 N
109 1532 147 1576 ec
159 1511 269 1574 minus
281 1511 528 1590 Andromache,
542 1511 692 1600 digressu
704 1527 820 1575 moesta
834 1531 1006 1597 supreme,

78 1620 156 1680 Fert
167 1619 343 1706 picturatas
355 1617 427 1694 auri
439 1616 625 1681 subtemine
637 1618 750 1694 vestie,
914 1609 915 1612 ¹

75 1796 220 1858 pemmosque
230 1789 282 1856 leqit
292 1793 320 1837 de
328 1790 399 1838 classe
409 1790 513 1849 biremes,
523 1794 665 1858 Remigioque
673 1801 750 1854 aptat,
760 1795 830 1837 socrus
839 1787 908 1837 simul
915 1791 1006 1834 iustruit
1016 1792 1091 1834 ανηιὶς.
1099 1814 1131 1824 -

77 1865 132 1928 47²·
148 1863 240 1910 classim
255 1868 345 1926 sprot,
358 1876 384 1910 ut
394 1877 417 1911 et
426 1881 478 1927 sup.
488 1883 509 1912 v.
525 1867 546 1912 5.
565 1865 650 1912 classes
661 1882 698 1927 pr.
715 1863 797 1908 Hamb.
806 1889 838 1900 -
849 1862 902 1924 473.
915 1869 981 1908 vento
989 1861 1060 1922 fieret
1074 1862 1130 1905 Par·

76 1936 139 1984 thas.
146 1937 239 2000 furenti
248 1935 316 1981 multi
327 1952 364 1998 ap.
373 1939 452 1982 Burm.
465 1939 531 1982 etsie
541 1937 610 1983 Goth.
622 1937 696 1992 alter3
708 1935 768 1982 male
778 1935 802 1980 h.
812 1934 829 1979 l.
841 1951 895 1980 uam
905 1934 935 1979 de
947 1944 1019 1979 vento
1027 1931 1131 1978 secundo

80 2009 170 2068 agitur,
187 2017 213 2052 ut
228 2006 290 2051 hene
305 2008 369 2052 Serv.
378 2032 410 2042 -
419 2005 472 2069 474.
489 2023 565 2053 amore
578 2009 669 2069 llugen,
683 2019 706 2053 et
721 2023 757 2069 pr.
774 2005 858 2050 Moret.
868 2021 912 2067 pro
921 2021 969 2050 var.
982 2002 1052 2057 lect,
1065 2015 1088 2048 et
1098 2004 1131 2046 ita

77 2074 134 2120 alibi
147 2078 257 2121 variatur.
269 2077 348 2120 Burin.
356 2101 388 2110 -
396 2075 449 2138 475.
464 2076 563 2123 Anchise
575 2080 699 2133 Priscian,
710 2076 751 2122 sed
763 2076 810 2122 rid.
821 2075 900 2120 lleins.
911 2072 1018 2118 Anchisae
1028 2072 1131 2121 Medic..

77 2146 120 2192 sed
131 2162 144 2191 e
156 2159 284 2209 expuncta,
295 2159 318 2192 et
327 2147 424 2193 Mentel.
434 2165 470 2210 pr.
481 2175 512 2184 -
521 2148 575 2212 477.
588 2153 648 2212 eripe
661 2151 721 2195 Ven.
735 2157 809 2210 repete
819 2145 889 2192 Goth.
900 2158 953 2191 tert.
962 2171 994 2180 -
1003 2143 1056 2206 478.
1069 2159 1130 2204 pror-

78 2215 189 2266 terrebere
198 2220 303 2280 quinque
314 2234 351 2280 ap.
361 2219 440 2264 Burin.
452 2235 505 2264 eum
519 2219 574 2266 edd.
585 2221 646 2266 Ven.
657 2232 681 2265 et
689 2221 755 2265 Junt.
768 2227 794 2262 ut
802 2214 961 2280 proeterlobare
970 2227 1079 2277 quatuor,
1089 2213 1131 2258 sed

76 2290 228 2334 recentiores.
240 2315 271 2324 -
280 2288 333 2345 480.
349 2291 413 2335 Vade
419 2295 463 2353 'ape
474 2307 488 2337 o
496 2290 518 2354 f.
530 2307 553 2335 n.
562 2308 587 2355 p.
597 2292 659 2356 quod
667 2289 753 2336 Medic.
767 2305 821 2334 am.
831 2305 866 2350 pr.
877 2309 907 2324 -a
917 2287 970 2344 48ι.
981 2287 1086 2330 lmitatus
1097 2295 1131 2329 est

75 2361 180 2406 Avienus
196 2361 242 2408 lah.
256 2362 321 2419 XVI,
338 2375 364 2408 ut
380 2364 460 2409 lleins.
473 2375 546 2409 notat.
556 2389 588 2400 -
599 2363 652 2420 483,
666 2361 804 2427 subtegmine
817 2372 840 2406 et
850 2359 893 2406 sub
906 2361 998 2424 tegmine
1010 2355 1065 2401 libri
1073 2355 1130 2432 *llere

75 2523 153 2562 tuere
170 2513 236 2563 remi
247 2513 299 2584 ipsi
311 2525 337 2566 et
353 2513 483 2568 relicizet
499 2515 580 2568 iidem
629 2517 761 2582 norificis,
789 2515 854 2568 alias
878 2509 962 2564 bonor
984 2509 1128 2560 uerborum·

75 2603 141 2643 sunt
158 2610 234 2643 arma
251 2612 289 2644 vs.
308 2594 367 2664 471.
390 2595 483 2666 ltaque
500 2597 580 2648 remi·
631 2596 966 2670 Conjupio,honestovoc.
977 2591 1068 2641 utitur·
1082 2587 1130 2651 bis,

72 2670 153 2744 pium
165 2690 236 2724 nunc
255 2685 295 2724 est
311 2675 369 2746 ipse
388 2693 522 2728 remorum
535 2695 581 2746 ap·
629 2678 710 2729 semel
732 2679 820 2730 excisa
843 2675 877 2728 ab
897 2671 1012 2725 Hercule
1032 2670 1131 2736 Troja,

73 2762 246 2821 paratus,ut
257 2753 276 2804 l.
289 2753 307 2804 l.
320 2756 442 2820 Vlll,80
451 2768 478 2808 et
487 2757 535 2808 Ge.
545 2757 578 2821 ll,
627 2770 740 2829 propter
767 2754 956 2808 Laomedontis
979 2747 1128 2821 perfidiam.

75 2847 138 2882 ποι.
151 2832 280 2903 remigiis,
291 2835 369 2884 remis
383 2837 457 2886 actis.
629 2837 717 2906 arripe
727 2835 806 2901 uelis,
821 2851 912 2887 versus
924 2833 995 2883 hanc
1009 2827 1042 2879 ab
1055 2828 1130 2896 Epiri

113 2909 175 2978 472.
198 2910 258 2979 473.
277 2911 400 2964 Anchise
421 2917 579 2967 auctoritate
629 2915 706 2966 litore
727 2914 811 2986 dirige
824 2929 920 2978 naves,
940 2911 974 2960 cf.
995 2907 1042 2957 inf.
1061 2904 1128 2968 532,

72 2987 160 3038 etiam
178 2985 204 3036 h.
224 2988 242 3037 l.
263 3006 304 3039 res
317 2992 425 3058 geritur.
443 2994 478 3043 of.
497 2993 532 3044 ad
552 3013 577 3042 v.
628 3008 753 3048 uttamen
761 3014 831 3047 nune
841 2992 949 3064 quidem
958 2990 1039 3040 litora
1047 2984 1130 3036 modo

75 3066 138 3118 266.
153 3065 211 3134 267.
221 3063 284 3118 velis
293 3080 366 3118 sexto
377 3087 441 3120 casu
452 3071 578 3140 accipias,
627 3073 709 3145 legas.
730 3093 810 3145 quam
827 3071 923 3144 pandit
931 3107 939 3133 ,
958 3065 1067 3118 oraculo
1080 3064 1129 3116 de-

73 3156 107 3194 ut
119 3145 158 3194 sic
174 3161 255 3196 naves
267 3146 414 3211 instruere,
429 3148 577 3214 adornare,
628 3154 722 3223 signat.
734 3151 879 3224 provehor,
891 3166 1012 3201 sermone
1022 3163 1130 3217 progre-

72 3221 143 3274 velis
161 3235 241 3274 vento
263 3224 420 3295 excipiendo
444 3231 576 3299 expansis.
628 3228 695 3281 dior.
714 3232 834 3282 demoror
848 3239 947 3281 austros
959 3228 1087 3289 orientes,
1099 3224 1128 3275 h.

73 3302 119 3354 Sic
141 3302 248 3356 biremes
270 3305 379 3377 remigio
401 3317 507 3378 aptare,
528 3312 577 3361 inf.
628 3328 650 3360 e.
664 3308 864 3374 vosdemoror,
878 3306 1128 3378 quominusaustris

73 3383 150 3446 Vlll,
159 3382 200 3434 80.
209 3383 326 3456 Vulgare
335 3398 389 3437 est:
403 3398 505 3457 aptare,
515 3402 579 3460 apta
627 3390 748 3444 utamini.

74 3459 206 3526 reddere,
219 3465 375 3537 remigium,
394 3465 470 3533 uela,
484 3469 511 3521 in
529 3491 579 3522 na·
663 3466 821 3534 483-485.
844 3468 950 3518 Poterat
970 3466 1027 3518 hae
1047 3485 1129 3536 supra

75 3541 160 3592 vibus.
173 3541 298 3612 Sequitur
314 3558 402 3597 autem
419 3549 446 3597 in
459 3547 510 3600 hoc
524 3548 578 3600 his-
627 3548 770 3619 subjieeret
780 3567 805 3598 v.
820 3548 879 3617 470.
888 3548 958 3599 Mira
967 3560 1056 3599 tamen
1067 3539 1128 3599 cum

76 3621 153 3670 toriae
166 3619 252 3673 fidem.
268 3626 338 3676 Nam
350 3644 381 3676 ex
392 3627 473 3697 Epiro
486 3629 578 3697 Troja-
627 3642 683 3682 arte
700 3631 783 3680 utitur
800 3627 1000 3680 Andromaches
1017 3629 1128 3680 affeetu.

76 3717 128 3750 nos
139 3700 249 3753 colonos
258 3705 328 3755 viam
336 3707 423 3758 AEneae
432 3708 466 3759 ad
474 3709 578 3760 ltaliam
628 3713 663 3762 ef.
675 3729 733 3781 sup.
748 3709 783 3762 ad
793 3709 853 3779 337.
865 3709 977 3782 digressu
987 3727 1107 3779 supremo
1118 3747 1130 3773 ,

77 3791 263 3847 monstrasse,
299 3787 409 3856 antiqua
442 3788 580 3840 ferebatur
629 3793 771 3862 exquisite,
785 3792 894 3862 proprie
907 3802 947 3842 est
957 3807 1126 3859 supremum,

77 3863 212 3927 narratio,
227 3882 252 3914 v.
264 3865 454 3940 Dionys.l,51
469 3865 512 3938 (p.
526 3867 578 3938 41)
628 3871 765 3936 ultimum,
789 3870 928 3942 degressus
953 3878 1128 3918 momentum.

79 3943 115 3992 el.
126 3941 187 3992 lixo.
201 3944 213 3992 l
225 3943 282 3994 suh.
296 3946 315 3995 f.
627 3981 662 3988 —
674 3951 733 4016 483.
752 3950 899 4021 picturatas
912 3948 973 3998 auri
982 3946 1129 3999 subtemine

86 4058 88 4066 ι
116 4021 273 4091 474-48ι.
294 4023 406 4093 bonore,
419 4027 507 4082 verbis
525 4025 577 4081 ho·
626 4039 703 4083 vestes
714 4041 804 4082 utrum
819 4029 853 4082 de
872 4028 956 4082 textili
973 4025 1053 4080 ande
1066 4043 1128 4078 acu-
