2724 4580
265 295 282 312 ”
367 275 599 390 murrinos
622 323 773 388 ornan
796 321 820 386 r.

84 450 201 531 Tecta3
215 449 312 513 simul
325 446 435 513 divom
446 448 576 536 templis
589 447 701 512 indicit
712 446 881 509 honorem.
935 519 939 528 ι
953 477 955 482 ·

82 559 150 620 Nec
160 556 269 620 minus
281 557 405 619 interea
416 545 513 618 sociis¹
522 553 670 626 adlitora
681 551 779 615 mittit
904 547 911 561 ⁸

83 661 206 748 Viginti
219 676 342 739 tauros,
356 681 549 746 magnorum
559 656 723 721 horrentia
736 669 866 718 centum
894 733 895 739 ἵ

84 746 191 852 Terga
203 789 312 844 suurn,
326 765 455 850 pinguis
468 746 600 829 eentum
611 784 686 826 curn
698 759 854 824 matribus
865 777 1013 844 agnos,·
1067 765 1110 812 635
1183 746 1188 756 ’

83 871 222 934 Munera
234 870 442 964 laetitiamque
456 868 510 964 dii.

1051 321 1109 405 ro

113 1066 167 1113 632.
186 1067 260 1112 divom
276 1054 355 1114 Heius.
377 1065 504 1112 secundum
520 1063 658 1112 Gudianum.
680 1063 735 1109 divis
754 1064 829 1124 Sprot.
852 1058 943 1106 honores
959 1053 1071 1102 Montalh.
1091 1063 1114 1098 et

10 1175 12 1184 .
83 1157 119 1202 pr.
136 1139 261 1200 Hamburg.
280 1163 312 1175 -
332 1139 384 1195 634.
408 1141 508 1201 Triginta
524 1137 581 1183 alter
599 1137 723 1197 Hamhurg.
741 1137 765 1180 in
784 1137 834 1179 Sax.
850 1135 891 1178 Ex.
911 1155 943 1167 -
957 1129 1009 1174 635.
1026 1134 1115 1178 centum

84 1213 176 1272 pinques
191 1207 305 1254 Montalbss
319 1223 370 1252 eum
387 1225 417 1252 m.
436 1207 510 1254 hedos
526 1211 617 1269 Menag.
635 1223 662 1252 ex
675 1206 722 1252 Ecl.
741 1208 763 1261 l,
784 1205 819 1249 23.
834 1229 866 1238 —-
880 1200 935 1248 636;
951 1197 1010 1244 Gell.
1023 1199 1068 1250 lx,
1088 1192 1114 1248 ili

85 1282 107 1322 in
123 1276 161 1322 illo
173 1293 244 1322 versa·
254 1274 310 1321 nihil
326 1278 417 1322 dubiam
430 1287 475 1331 est,
490 1281 545 1341 quin
562 1278 595 1322 dii
606 1279 718 1338 scripserit
730 1274 845 1338 prodici:
860 1273 956 1316 Munera
968 1268 1116 1326 letitiamque

84 1347 125 1393 dii.
136 1347 203 1405 Quod
211 1343 423 1410 imperitioresgdei,
437 1346 511 1411 leqant
523 1347 551 1393 ab
563 1346 678 1394 insolentia
686 1345 768 1392 seilicet
778 1347 836 1390 uocis
846 1345 909 1388 istius
920 1337 1069 1386 abhorrentes.
1081 1335 1116 1378 Sic
1189 1387 1195 1400 ff

72 1423 158 1462 'autem
170 1417 221 1464 dies
232 1417 265 1462 dii
276 1434 290 1462 a
306 1417 414 1463 veantur
430 1417 564 1464 declinatam
581 1426 666 1472 est„ut
682 1418 752 1462 fames
765 1416 819 1460 fami
834 1416 921 1474 ligitur
932 1419 1021 1456 veteres
1025 1405 1116 1467 fantes,

79 1488 182 1550 famati)
188 1521 195 1543 ‚
206 1490 320 1550 pernicies
332 1490 442 1550 pernicii,
452 1491 573 1549 progenies
591 1489 709 1548 progenii,
719 1486 820 1530 luxuries
831 1482 925 1527 luxurii.
937 1480 970 1522 lta
980 1489 1003 1521 et
1014 1473 1117 1534 legebat,

85 1571 194 1605 monente
211 1560 317 1614 Heinsio,
331 1558 406 1621 Julius
422 1561 537 1604 Romanus
553 1561 578 1603 in
598 1557 678 1604 lihello
691 1558 720 1602 de
731 1555 856 1614 Analogia,
868 1564 925 1598 teste
937 1551 1060 1608 Sosipatro.
1071 1545 1116 1588 Oe·

85 1631 157 1674 currit
170 1629 250 1674 eadem
260 1628 330 1674 lectio
342 1632 366 1674 in
375 1631 490 1675 Servianis
499 1628 568 1674 simul
578 1644 630 1673 cum
639 1628 726 1680 altera,
738 1624 811 1679 die‚id
823 1633 870 1677 est,
884 1620 938 1665 diei.
950 1619 1118 1662 Commemorat

87 1700 154 1743 etiarn
166 1701 279 1760 Pompon.
290 1701 343 1746 Sah.
355 1715 408 1744 cum
420 1698 527 1745 Gelliano
537 1697 589 1743 loco
598 1700 606 1756 l
615 1699 655 1760 qui
667 1692 822 1750 conferendus
832 1705 884 1736 curo
896 1687 976 1744 editis;
984 1685 1055 1730 hahet
1063 1699 1084 1727 v.
1096 1696 1117 1724 c-

84 1779 149 1816 extra
158 1771 285 1826 dabantur,
295 1771 335 1816 ubi
346 1787 409 1817 nune
420 1770 612 1827 extrudebantur).
625 1769 653 1811 N.-
664 1768 754 1820 Herna,
767 1775 792 1809 ut
800 1763 859 1806 banc
869 1760 992 1805 lectionem
1001 1754 1119 1818 probaret,

85 1855 133 1886 ase
145 1843 271 1902 impetrare
284 1856 332 1886 non
347 1852 445 1902 poterat.
464 1841 523 1886 Mihi
535 1853 612 1885 tamen
623 1839 691 1882 unice
709 1851 762 1881 vera
778 1831 884 1880 videtur:
896 1831 996 1891 primum
1007 1823 1100 1886 quidem
1112 1855 1119 1875 ι

85 1911 149 1974 qnod
158 1913 294 1974 exquisitior
303 1911 343 1956 illa
352 1911 422 1958 lectio
433 1924 457 1957 et
467 1911 547 1957 eadem
555 1910 718 1971 antiquissimae
730 1903 886 1955 auctoritatis,
896 1913 945 1945 tum
955 1908 1044 1949 autern,
1055 1893 1120 1955 quod
1180 1922 1185 1934 .

84 1967 1067 2045 leniusdeeurrit:ntittittauros,saes,pecudes‚muneraletitiamquediei3quibusdiem
1075 1978 1122 2010 tam

84 2053 185 2098 faustum
197 2069 222 2098 ac
234 2053 316 2118 festum
326 2052 494 2108 exhilararent,
504 2065 531 2098 ut
538 2049 690 2112 hospitalibus
700 2047 766 2092 donis
776 2045 825 2092 fieri
835 2057 884 2088 mos
894 2052 1024 2102 erat,quam
1035 2035 1121 2082 altera:
1202 2087 1207 2092 ,

85 2137 179 2166 manera
192 2121 333 2186 laetitiamque
348 2123 385 2168 dei
391 2139 397 2167 :
410 2137 550 2186 quoeunque
562 2121 657 2166 tandem
674 2118 743 2162 modo
756 2115 820 2160 illam
836 2126 943 2174 exponas.
954 2111 1051 2154 Munera
1064 2103 1120 2149 laeti·

64 2196 183 2256 >namque
198 2194 235 2238 dei
250 2191 289 2238 alii
303 2196 419 2255 jungunt,
433 2205 460 2238 ut
471 2193 551 2238 vinum
566 2205 650 2236 munus
663 2200 686 2234 et
698 2181 766 2248 γένος
784 2176 907 2237 Διονύσον,
919 2172 1007 2238 gaina
1023 2169 1122 2230 Βάκχου
1147 2241 1148 2246 .

86 2263 173 2310 dictum
184 2268 229 2320 sit;
240 2277 309 2327 atque
319 2264 363 2309 hoc
373 2276 430 2327 puto
440 2263 552 2320 leniorem
562 2262 691 2322 orationem
701 2257 801 2302 efficere.
815 2255 844 2299 At
854 2251 893 2298 alii
903 2267 955 2296 curn
966 2248 1061 2293 Heinsio
1071 2258 1122 2290 mu-

86 2348 140 2378 nera
161 2350 214 2380 cum
230 2335 386 2396 superioribus
397 2337 513 2395 jungunt:
525 2335 734 2383 mittit-munera,
751 2323 819 2372 simul
830 2339 882 2369 curn
897 2321 945 2376 his,
959 2317 1058 2364 loetitr'trm
1072 2313 1123 2365 dei,
1183 2316 1185 2320 ’

86 2401 109 2447 h.
119 2420 139 2448 e.
151 2406 231 2450 vinum
241 2403 364 2449 laetilicurn.
376 2403 453 2450 nolim
461 2404 555 2467 quidem
565 2405 634 2448 sensu
641 2399 767 2453 abundare;
780 2393 837 2442 dure
847 2406 924 2438 tamen
934 2401 956 2436 et
962 2388 1033 2452 lyrica
1045 2385 1122 2448 potius

85 2473 182 2519 audacia
190 2474 247 2518 mihi
259 2477 290 2520 ita
300 2474 387 2520 dictum
395 2475 488 2521 videtur
501 2472 577 2519 lotitia
586 2473 622 2518 dei
625 2491 634 2526 ,·
645 2472 729 2516 ferrern
742 2467 840 2512 letitiam
847 2458 939 2517 Bacchi.
949 2457 1021 2506 Aliter
1029 2467 1123 2518 quoque

86 2536 154 2602 pairac
166 2537 265 2604 βοτρύων
274 2577 281 2598 ,
290 2542 405 2603 danitae
419 2543 491 2589 Aliter
501 2547 570 2590 etiam
581 2544 655 2588 inira:
667 2541 735 2586 Adsit
744 2537 824 2583 meria
840 2532 941 2580 Bacchus
949 2530 1014 2576 dator
1020 2564 1027 2586 ‚
1036 2546 1058 2575 r·
1070 2522 1123 2586 734·

86 2613 118 2656 Ex
127 2629 176 2675 quo
185 2613 256 2660 Silius
266 2614 347 2662 Bacchi
355 2615 413 2660 dana
422 2615 514 2660 duxisse
524 2615 623 2660 videtur.
633 2615 692 2658 Sane
704 2613 730 2656 in
738 2607 807 2654 codd.
817 2606 865 2652 iere
877 2604 914 2650 dei
919 2619 926 2659 3
938 2605 969 2648 sie
979 2603 1028 2663 ipse
1039 2600 1124 2643 Roma-

87 2698 129 2728 nus
135 2702 142 2740 3
155 2688 298 2730 occurrit'et
315 2689 340 2730 io
356 2688 485 2742 Servianis,
498 2699 521 2732 et
536 2688 561 2730 io
575 2685 660 2730 Donati
677 2681 874 2743 interpretatione.
891 2679 918 2721 Et
936 2677 967 2720 sic
977 2675 1025 2735 jam
1045 2669 1124 2714 Rufius

87 2755 248 2817 Apronianus,
265 2771 374 2802 monente
390 2759 519 2819 Pomponio
528 2757 612 2802 Sabino
623 2753 695 2814 (male
705 2757 731 2799 in
742 2753 781 2798 ed.
791 2751 856 2795 Lucii
867 2747 901 2793 die
911 2759 1019 2792 excusum
1029 2743 1077 2800 est)
1088 2739 1125 2786 le-

85 2839 163 2886 gerat;
181 2825 247 2888 quod
264 2829 313 2873 sine
326 2827 398 2872 dubio
410 2827 440 2872 ad
459 2843 509 2872 eam
522 2825 686 2873 'recensionem
703 2825 816 2886 pertinet,
829 2836 841 2866 e
859 2833 905 2880 qua
915 2813 1035 2860 Mediceus
1051 2810 1125 2857 ⁰⁰de¹

123 2985 185 3038 632.
198 2985 286 3037 Simul
298 2987 387 3038 divam
400 2986 501 3057 templis
516 2987 584 3037 indi-

89 3066 125 3116 cit
143 3065 317 3125 honorem..Si
340 3067 373 3117 de
390 3067 583 3138 supplicatione

89 3145 139 3196 diis
147 3145 370 3214 propterfelice'rn
379 3146 465 3196 AEneae
472 3145 583 3214 hospitis

90 3225 233 3276 adventum
247 3222 353 3275 decreta
370 3242 429 3274 cum
448 3224 518 3274 Serv.
533 3223 585 3275 Do·

89 3317 153 3355 nato
178 3315 205 3354 et
222 3304 368 3372 Pomponio
393 3301 583 3371 intelligimus,

88 3402 138 3434 nec
159 3383 244 3446 ¹aliam
266 3384 396 3433 rationem
423 3382 483 3430 iniri
507 3399 584 3449 posse

88 3464 187 3526 rideo,
201 3480 295 3513 amore
306 3461 407 3530 antiqui
415 3460 503 3510 saculi
515 3477 586 3516 rece·

91 3543 153 3595 dere
165 3540 294 3592 dicendus
309 3552 348 3591 est
363 3551 443 3608 poeta
456 3550 481 3588 et
493 3536 586 3588 dellen-

83 3605 147 3674 ¹tere
159 3621 194 3672 ad
206 3638 258 3670 suae
271 3622 352 3670 artatis
364 3620 454 3668 vitam.
466 3615 542 3680 Nam,
556 3628 585 3667 ut

92 3721 123 3753 ex
137 3713 195 3751 toto
214 3700 328 3751 Homero
343 3700 405 3750 satis
418 3707 530 3759 constat,
539 3694 585 3746 he-

93 3783 172 3832 roicis
186 3780 360 3850 temporibus,
368 3778 479 3847 hospitis
491 3774 586 3827 adven·

94 3874 123 3911 tu
136 3864 163 3912 in
175 3860 255 3911 domo
264 3862 467 3912 statimsacrum
483 3855 526 3919 lit,
537 3873 587 3905 eae·

93 3937 166 3988 ditur
181 3940 290 3989 victima
302 3951 327 3990 et
341 3955 372 3988 ex
381 3957 412 3988 ea
423 3934 502 4008 epulo
513 3949 587 3984 sacro

97 4014 195 4090 hospes
215 4018 352 4086 excipitur.
372 4017 493 4068 Veterem
514 4013 588 4066 illurn

420 4137 434 4170 θ

630 2986 743 3038 heroum
762 2997 861 3032 morem
880 2974 986 3046 Virgilii
1006 2969 1126 3038 exemplo

629 3081 686 3117 non
694 3059 900 3117 deseruitValer.
908 3057 946 3107 Fl.
956 3055 987 3116 ΙΙ,
996 3050 1055 3103 650.
1064 3048 1124 3101 651.

632 3141 719 3198 Simul
736 3142 836 3212 hospita
852 3136 935 3208 pandi
949 3134 1021 3183 Festa
1028 3130 1126 3201 jubet,

634 3221 787 3293 templisque
798 3235 880 3270 sacros
892 3213 1004 3286 hiryitar
1012 3211 1140 3290 honores.¹

668 3301 726 3366 634.
750 3295 891 3349 Horrentt'a
913 3294 974 3342 setis
987 3305 1033 3340 seu
1044 3287 1127 3358 pilis,

634 3393 660 3434 et
672 3391 742 3450 torpa
753 3395 829 3430 suum
844 3391 893 3444 pro
909 3369 1008 3426 suibus.
1021 3369 1051 3417 ln
1070 3377 1127 3416 toto

633 3461 694 3512 loco
721 3470 792 3508 ante.
810 3453 901 3506 oculos
926 3460 1019 3520 poeta.
1033 3445 1129 3498 habuit

634 3537 727 3608 Odyss.
745 3536 781 3599 ὃ,
799 3533 832 3601 59
853 3548 911 3600 sqq.
927 3556 961 3567 -
974 3526 1034 3579 636.
1047 3525 1130 3576 Mittit

633 3617 704 3668 Dido
727 3611 842 3685 pecudes
866 3627 923 3680 qun
938 3626 998 3677 ¹pro
1012 3621 1130 3656 'munere
1164 3616 1168 3622 ·

634 3699 702 3761 sint,
722 3707 748 3746 et
765 3700 877 3762 quarum
888 3687 971 3758 epulis
986 3685 1042 3736 dies
1062 3682 1130 3732 hila·

635 3777 698 3825 riter
711 3774 845 3842 exigatur:
868 3766 988 3818 loett'tiam
1007 3761 1067 3814 diei.
1084 3759 1130 3809 So-

625 3837 692 3904 lent
707 3854 744 3901 sio
755 3848 855 3921 gaudia
867 3847 919 3897 dici
933 3843 965 3894 de
980 3842 1059 3891 rebus
1073 3854 1131 3905 quae

636 3933 755 3992 faciunt,
773 3941 798 3979 et
809 3927 868 3976 Val.
880 3923 919 3974 Fl.
931 3923 982 3984 IV,
1000 3915 1057 3982 534.
1071 3914 1131 3964 Phi·

637 4027 703 4062 nens
713 4025 779 4059 nova
792 4005 905 4056 miratur
916 3996 1015 4072 gaudia
1029 4008 1130 4045 mensae.
