2742 4586
438 313 500 374 AD
525 311 725 374 LIBRUM
750 313 773 373 I.

539 533 679 546 *—

322 652 688 742 EXCURSUS
723 655 892 742 XXII.

239 826 335 894 Auro
349 829 507 918 inclusum
520 827 613 905 ebur,
628 853 784 905 manuor,
795 845 973 918 argeutum.

116 992 143 1055 l,
157 989 249 1044 588-
258 987 318 1056 593.
331 987 435 1039 Restitit
445 989 558 1053 AEneas,
569 988 694 1061 clamque
707 990 735 1040 in
747 988 806 1040 luce
815 988 930 1058 refulsit,
945 990 1130 1060 Qualcmaaus

79 1069 186 1120 addunt
197 1067 269 1118 ebori
281 1067 357 1116 decus
364 1103 373 1130 ,
387 1077 436 1116 aut
447 1067 571 1142 ubistavo
580 1069 726 1140 Arqentum
739 1070 865 1120 Pariusve
877 1067 943 1138 lapis
953 1071 1133 1126 circumdatur

80 1165 157 1199 auro.
174 1147 410 1217 Comparationem
422 1147 503 1218 vulgo
515 1147 585 1200 male
597 1150 746 1199 institutam
756 1151 783 1198 in
796 1148 879 1200 altera
890 1148 1005 1204 editione
1019 1153 1130 1206 deseru-

81 1247 156 1280 eram
175 1250 180 1278 i
199 1240 271 1279 recte
292 1244 401 1297 quoque
429 1227 555 1279 adversus
576 1229 650 1280 illam
670 1228 816 1298 disputavit
839 1231 980 1298 Mejerotto
996 1235 1028 1283 V.
1048 1235 1076 1286 C.
1101 1239 1130 1288 in

81 1310 178 1360 Dubiis
188 1327 215 1379 p.
230 1309 273 1360 35.
286 1309 402 1358 Primum
421 1309 584 1362 conserenda
604 1329 663 1360 curn
676 1309 704 1359 h.
722 1309 739 1359 l.
762 1311 809 1360 inl.
823 1312 863 1375 X,
880 1312 927 1364 135
945 1329 1003 1383 sqq.
1021 1317 1128 1369 Homer.

80 1389 177 1461 Odyss.
191 1392 220 1456 ζ,
234 1387 390 1457 atq—235.
404 1389 441 1453 ψ,
465 1383 523 1440 156.
541 1390 597 1440 161.
611 1391 650 1441 De
667 1401 755 1440 statua
768 1409 799 1440 ex
820 1391 917 1457 ebore,
940 1408 1068 1463 argento,
1086 1398 1130 1450 vel

82 1488 219 1521 marmore
241 1470 316 1520 facta
335 1471 381 1519 vix
398 1482 469 1520 recte
494 1469 549 1520 haec
565 1471 696 1540 accipias;
717 1489 844 1539 quorsum
864 1474 934 1523 enirn
954 1477 1087 1544 pertinere
1103 1475 1132 1530 ri

80 1549 261 1601 circumdatus
273 1547 389 1599 dixeris?
406 1566 468 1598 nam
481 1547 516 1598 ad
534 1548 677 1600 inaurandi
695 1545 834 1600 artificium
853 1549 937 1598 multo
956 1555 1042 1604 minus
1061 1555 1131 1610 bene

80 1629 133 1680 lroc
146 1629 256 1681 referas.
273 1627 451 1700 Cogitandum
463 1627 557 1679 saltem
567 1628 600 1679 de
613 1628 750 1698 sculptura
762 1628 802 1679 vel
816 1629 975 1700 anaglypho.
989 1633 1131 1688 Enimvero

81 1711 205 1779 accipere
227 1721 335 1779 praestat
357 1709 513 1779 simpliciter
535 1706 568 1760 de
593 1721 749 1760 ornamento
774 1708 864 1778 aliquo
888 1710 930 1761 vel
954 1711 1077 1779 cimelio,
1099 1731 1131 1767 cx

80 1790 180 1853 ebore,
194 1801 319 1860 argento,
331 1790 372 1841 vel
385 1807 517 1840 marmore
528 1790 619 1856 lacto,
634 1789 707 1859 quod
725 1791 796 1840 intro
809 1789 887 1842 aliam
900 1793 1055 1860 materiam,
1068 1795 1094 1846 h.
1111 1796 1129 1847 l.

81 1887 192 1933 aarum,
214 1868 436 1939 comprehensum
454 1879 480 1918 et
501 1867 633 1918 inclusum
646 1881 698 1933 est,
717 1870 798 1919 atita
816 1869 873 1918 auri
886 1869 1028 1939 splendore
1040 1893 1132 1945 reper-

81 1967 161 2001 cusso
179 1950 313 2002 interioris
326 1950 441 2002 materiae
455 1947 557 1999 candor
574 1961 600 2000 et
619 1950 690 1999 nitor
711 1961 785 2000 tanto
810 1946 907 2000 clarius
929 1952 1066 2024 effulgeat.
1088 1956 1131 2007 nd

80 2029 195 2081 similem
216 2027 326 2080 modum
346 2031 396 2081 viri
415 2028 508 2079 divina
531 2030 584 2078 oris
599 2028 729 2100 dignitate
744 2030 833 2080 ornati
854 2031 956 2097 species
977 2047 1034 2085 erat
1055 2047 1130 2088 tantu

79 2111 165 2183 magis
177 2110 288 2182 insignis
309 2120 336 2160 et
354 2108 497 2180 preclara,
518 2108 591 2178 quud
608 2109 712 2160 nimbus
719 2105 844 2180 fulgidus
863 2127 923 2158 cum
936 2112 1129 2166 circumdabat.

79 2187 162 2259 Quod
177 2191 257 2241 etiam
271 2187 355 2238 multo
374 2189 459 2260 magis
470 2193 596 2258 patet'ex
614 2185 697 2238 altero
715 2187 775 2238 loco
797 2185 843 2238 lib.
857 2187 895 2252 X,
913 2187 960 2238 135
973 2206 1012 2258 sq.
1036 2191 1131 2260 Qualis

77 2289 186 2344 gemma
201 2268 297 2333 micat,
311 2265 423 2338 fulvum
444 2286 503 2340 quoe
523 2267 728 2319 diuiditaurum
742 2266 823 2337 (auro
848 2267 968 2339 inclusa)
988 2269 1045 2320 Aut
1062 2271 1129 2322 collo

79 2352 160 2402 decus
171 2359 219 2400 aut
232 2349 315 2419 capiti
325 2363 334 2409 ‚⁸
349 2346 391 2400 vel
400 2348 481 2421 quale
489 2366 539 2419 per
549 2359 632 2398 artem
644 2347 780 2399 Inclusum
792 2347 879 2411 buxo,
897 2359 947 2398 aut
962 2349 1050 2401 Oricia
1066 2363 1130 2402 tere-

80 2429 174 2484 lriatlro
194 2429 278 2480 Lucet
293 2429 367 2480 ebur.
392 2429 523 2482 Ascanius
544 2429 649 2480 scilicet
665 2430 735 2480 inter
756 2441 858 2480 ceteros
880 2441 1029 2498 pugnantes
1052 2451 1131 2484 cons-

79 2515 177 2584 picuus
190 2523 230 2562 est
239 2511 293 2559 oris
306 2511 393 2560 nitore
408 2522 435 2560 et
446 2508 655 2579 pulchritudine.
668 2510 703 2558 At
714 2510 863 2572 Homerus,
875 2527 890 2558 e
904 2526 957 2577 quo
967 2522 1079 2581 uterque
1089 2512 1131 2562 lo-

80 2611 128 2645 cus
142 2607 299 2662 expressus,
312 2589 376 2640 dum
388 2589 508 2660 Ulyssem
524 2590 610 2641 lotum
622 2601 648 2641 et
659 2605 770 2641 unctum
781 2607 853 2641 nova
867 2591 987 2659 corporis
1000 2590 1129 2663 dignitate

79 2675 208 2726 enituisse
222 2669 358 2722 declarare
371 2669 441 2734 vult,
454 2670 610 2740 simpliciter
622 2681 761 2741 arpentum
769 2689 834 2721 auro
845 2668 977 2722 inclusum
987 2686 1127 2738 memorat,

80 2753 203 2806 versibus
221 2765 310 2802 tamen
328 2747 505 2812 nitidissimis;
518 2752 640 2822 inprimis
660 2750 694 2802 ad
713 2750 903 2802 declarandam
921 2753 1058 2804 notionem
1077 2755 1127 2805 rui·

79 2837 116 2904 τᾷ
128 2835 236 2902 περίχευε
249 2827 335 2900 χαίρει,
348 2825 458 2883 adhibet
472 2831 540 2882 iilud
549 2855 555 2882 z
564 2832 604 2887 ‘nr
617 2827 696 2886 inscie
712 2827 796 2899 χρεσδν
808 2827 955 2900 περιχεύεται
968 2830 1059 2900 εἰργῦρρε
1073 2830 1128 2900 cirrip

78 2913 225 2985 'lipsi-in
238 2931 291 2983 quo
305 2923 458 2983 argentum,
472 2911 499 2962 h.
519 2932 541 2964 e.
562 2924 747 2963 ornamentum
770 2911 880 2982 aliquod
897 2924 923 2962 et
940 2913 1054 2977 ὧρελμει,
1072 2931 1129 2962 mu-

80 2996 173 3050 liebris
192 3013 216 3045 v.
235 3014 257 3046 c.
281 3005 404 3056 ornatus,
424 3009 456 3044 ex
475 3005 601 3064 argento,
614 2994 834 3044 ferruminatione
854 2989 988 3062 (arauiris,
1006 2993 1127 3062 curaui),

80 3075 217 3133 inclusum
239 3090 318 3136 auro,
338 3069 486 3143 intelligere
506 3074 533 3122 in
556 3084 665 3142 promtu
686 3083 740 3132 est3
759 3072 786 3121 in
808 3089 861 3140 quo
886 3073 988 3140 argenti
1006 3072 1078 3121 riitor
1097 3089 1128 3122 ac

81 3152 185 3206 candor
197 3153 266 3202 inter
283 3168 377 3202 aurum
390 3152 496 3200 suavius
514 3169 544 3202 ac
556 3148 670 3201 vividius
684 3148 824 3210 elucescit;
839 3151 896 3200 auri
909 3151 977 3198 enirn
994 3149 1128 3200 rutilantis

80 3233 226 3304 splendore
238 3247 394 3301 repercusso
407 3231 509 3300 argenti
521 3231 593 3280 nitor
605 3229 688 3280 multo
701 3231 784 3300 magis
802 3228 951 3280 efflorescit.
967 3231 1086 3299 Apparet
1098 3247 1130 3280 ex

81 3313 123 3364 his
141 3311 206 3382 ipsis
228 3310 293 3361 locis
306 3307 387 3360 talem
400 3309 502 3378 argenti
522 3310 632 3379 aurique
645 3310 673 3358 in
687 3325 740 3357 uno
758 3325 839 3376 opere
861 3306 1033 3357 consociandi
1051 3323 1128 3357 usum

82 3413 115 3444 ac
132 3409 234 3441 morem
254 3390 388 3459 viguisse,
411 3399 437 3437 et
456 3384 604 3456 placuisse,
626 3387 735 3455 Homeri
754 3384 846 3436 saltem
860 3397 952 3462 atanici:
973 3385 1045 3435 Talis
1072 3397 1129 3436 erat

82 3471 206 3524 calathus
218 3469 324 3521 Helenae
338 3485 370 3518 ex
381 3469 494 3538 AEgypto
508 3480 664 3537 apportatus
675 3466 768 3536 Odyss.
782 3467 815 3525 l„
827 3467 873 3518 132
888 3461 988 3532 cuisupu
1000 3463 1127 3534 Ἀρρόρεον·

80 3551 162 3618 χρυσῷ
177 3548 202 3597 l'
219 3546 255 3599 uri
281 3546 364 3612 χείλει
386 3541 518 3614 κεκράαντο.
539 3546 612 3597 Talis
629 3557 685 3596 erat
705 3556 791 3595 crater
814 3543 870 3594 ibid
889 3561 912 3593 v.
932 3541 992 3594 615.
1012 3543 1127 3594 Omnino

81 3633 163 3682 variis
181 3627 295 3680 metallis
307 3647 354 3679 vas
368 3626 410 3677 vel
423 3627 534 3677 utensile
552 3623 698 3678 exornandi
710 3642 811 3676 morem
827 3624 909 3675 fuisse
926 3622 1045 3674 declarat
1058 3642 1081 3674 v.
1104 3645 1124 3674 c.

82 3711 169 3761 lectus
188 3708 288 3778 Ulyssis
304 3707 397 3779 Odyss.
411 3705 447 3771 ψ,
462 3721 520 3756 aoo.
536 3707 570 3756 At
588 3705 675 3776 eboris
691 3705 815 3773 aurique,
836 3705 956 3774 inprimis
980 3705 1007 3754 in
1021 3704 1127 3775 anagly-

82 3789 137 3860 pho
157 3806 256 3858 opere,
274 3787 402 3840 miscendi
414 3803 471 3836 mos
485 3805 500 3837 a
514 3785 610 3837 Graecis
629 3786 808 3854 Romanisque
826 3797 865 3836 est
888 3785 1071 3853 frequentatus
1092 3785 1127 3833 el.

81 3869 130 3920 Ge.
151 3868 187 3918 lll
195 3904 203 3929 ‚
218 3867 259 3917 26.
275 3867 481 3938 Coepit'quoque
495 3862 597 3937 liguum
609 3865 684 3916 ebore
697 3863 825 3934 distingui
835 3903 844 3928 ,
859 3882 920 3916 mox
933 3863 1030 3932 operiri
1040 3884 1047 3912 .·
1059 3862 1124 3912 rim.

81 3948 141 3998 XVl
149 3985 158 4014 ,
171 3947 205 4014 43
219 3963 238 3995 s.
254 3945 295 4011 84.
