2690 4594
329 229 584 298 'AENEIDOS
607 233 760 300 LIBER
782 233 854 301 Ill.
888 245 890 252 '

81 351 165 420 lllos
177 353 358 444 porticibus
370 353 622 442 rer-adcipiebat
634 357 667 420 in
676 359 805 446 'amplis
856 357 858 364 ’
879 356 883 366 ’

79 462 181 525 Aulai
193 463 227 524 in
239 457 350 524 medio
361 458 636 548 libabantpocula
647 464 778 544 Bacchi,
793 511 794 516 1
866 454 881 538 J

80 567 253 654 Impositis
262 587 345 629 auro
357 549 510 654 dapibuS,
524 583 718 657 paterasque
730 570 896 645 tenebant.

129 666 271 762 Jamque
285 669 368 749 dies,
382 671 529 761 alterque
541 671 799 763 dies'processit:
813 693 845 742 et
856 701 943 746 aurae
965 685 967 689 ’

79 778 167 841 Vela
178 793 311 857 vocant,
324 775 519 867 tumidoque
531 778 663 843 inllatur
675 779 827 847 carbasus
838 775 959 856 austro.

80 885 147 949 1155
158 900 267 948 vatem
278 881 453 977 adgredior
465 882 574 963 dictis,
588 908 625 950 ac
636 886 713 950 talia
725 909 855 973 quaeso:

79 989 288 1079 Trojugena,
302 989 463 1077 interpres
476 987 601 1069 divom,
616 991 673 1078 qui
685 993 820 1055 numina
832 991 961 1074 Phoebi,

80 1097 152 1178 Qui
163 1093 324 1188 tripodas,
338 1095 436 1160 Clarii
447 1096 570 1176 lauroS,
585 1097 643 1184 qui
655 1095 762 1162 sidera
774 1098 889 1180 sentis,
1083 1116 1128 1163 360

1062 241 1125 332 397

1080 591 1127 638 355

82 1297 134 1327 var
152 1278 205 1325 lect
216 1278 308 1324 -353,
320 1267 372 1335 354
385 1279 437 1325 355
454 1281 501 1327 1105
516 1257 563 1328 tres
578 1261 658 1328 versus
674 1280 703 1326 ab
719 1281 794 1328 aliena
810 1296 882 1327 manu
896 1283 995 1330 insertos
1009 1299 1057 1330 esse
1069 1283 1128 1332 vidit

82 1353 135 1396 Jac.
145 1351 242 1414 Bryant,
253 1352 307 1412 quia
317 1367 370 1396 cum
378 1350 476 1412 reliquis
485 1367 532 1397 non
543 1353 604 1423 hene
615 1351 739 1398 cohaerent
750 1355 915 1398 Patrocinium
919 1369 999 1400 corum
1010 1357 1132 1440 guomodo

85 1440 123 1486 agr
133 1434 217 1486 possit
228 1421 316 1468 tndem
328 1423 401 1466 Notis
417 1423 466 1467 Frit
479 1415 557 1478 tamen
570 1422 732 1484 imputandum
743 1423 833 1486 ahquid
844 1425 943 1470 fortunae
952 1441 1073 1482 carminis
1089 1430 1131 1474 eui

85 1491 190 1540 secunda
205 1501 279 1553 poetae
294 1504 376 1534 manus
392 1489 456 1536 haud
472 1490 572 1552 obtigit,
583 1491 681 1538 ultimus
693 1495 775 1556 utrque
785 1509 863 1542 versus
874 1495 951 1556 friget
963 1496 1056 1542 -353
1073 1496 1129 1542 Illas

83 1560 241 1608 Μοιιῑ511).-
250 1558 321 1615 354.
313 1575 337 1604 m
348 1559 413 1608 deest
422 1562 529 1622 optimis
541 1561 583 1608 scd
595 1573 674 1608 tuetur
683 1563 761 1609 Heins
772 1566 972 1624 grammaticorum
982 1569 1130 1612 anctoritate
1206 1561 1209 1568 ¹

84 1657 118 1670 -
135 1631 187 1678 355
203 1632 358 1695 Impositusque
373 1631 441 1675 Witt.
458 1630 545 1676 tenebat
554 1633 663 1678 Ven
678 1633 730 1678 356.
748 1637 863 1696 processit
879 1634 944 1679 Leid.
964 1631 1054 1694 mflotus
1071 1635 1130 1682 alter

84 1705 179 1764 Menag.
192 1700 337 1764 qucpbesta
351 1701 518 1747 sceltonend.
530 1727 562 1737 -
574 1701 626 1748 358.
643 1704 687 1747 Hic
700 1702 754 1748 edd.
771 1714 824 1748 ante
840 1704 901 1748 Pier.
913 1712 936 1748 et
951 1702 1005 1749 talio
1020 1706 1130 1750 111555.-

85 1774 141 1834 359.
152 1775 194 1836 qui
203 1787 225 1816 n.
241 1771 317 1816 dacum
327 1772 396 1816 Witt.
413 1787 475 1836 a'm.
488 1789 524 1834 pr.
535 1798 566 1809 -
576 1773 630 1820 360.
648 1771 717 1819 Clarii
731 1782 754 1820 et
771 1772 847 1824 lauros
862 1772 953 1819 Medicss
960 1775 1044 1832 Pierii,
1060 1777 1131 1822 Witt.

122 1933 184 1999 354.
196 1931 261 1984 355.
279 1929 335 1982 Nec
351 1934 509 1984 moratur'in
520 1949 585 1986 con·
633 1929 779 2003 peirantis,
789 1930 927 2001 intelligia,
939 1929 972 1982 ad
984 1929 1062 2001 plura
1070 1931 1097 1982 h.
1109 1932 1129 1982 1.
1169 1931 1172 1942 ’

83 2013 152 2064 vivii
163 2011 340 2082 descriptione
356 2024 452 2082 poeta,
466 2031 516 2064 nec
527 2012 584 2081 pla·
632 2013 762 2078 refertur,
772 2010 805 2061 de
816 2009 912 2078 quibus
923 2010 1032 2080 singulis
1040 2010 1131 2063 divar-

84 2111 121 2144 ne
141 2090 268 2148 intactum
286 2084 406 2154 dimittit,
429 2088 476 2141 sed
498 2089 585 2142 obiter
633 2108 662 2141 so
679 2088 760 2140 modo
773 2089 878 2158 dicitur.
892 2086 976 2141 Aliter
987 2092 1067 2140 sentit
1083 2091 1132 2142 ali-

82 2173 181 2226 intcxit
203 2189 304 2242 pauca,
331 2189 388 2241 quae
412 2171 450 2222 ad
470 2172 584 2222 convivii

83 2249 308 2323 magnificentiam
330 2249 519 2302 declarandam
540 2269 583 2302 va·

83 2331 142 2382 lere
152 2332 269 2400 possint:
280 2341 306 2380 ct
318 2328 424 2398 quidem
432 2317 584 2400 religiosam

84 2428 159 2473 rem,
172 2410 341 2475 libationem,
360 2420 386 2460 ct
402 2425 526 2478 vasorum
539 2427 584 2458 ao·

84 2486 212 2541 arrianas.
226 2489 324 2539 Ultima
333 2499 425 2539 tamen
430 2497 584 2558 paterasque

85 2568 584 2638 tenebantvereornefrigeant,ctiam-

84 2651 109 2698 si
121 2646 156 2698 ad
168 2647 271 2701 sacrum
283 2651 383 2707 factum
396 2663 512 2698 revoces.
523 2648 585 2695 Por-

84 2729 156 2778 ticus
167 2741 254 2780 autem
266 2738 332 2798 pota
342 2727 429 2779 aulam
439 2725 585 2779 circumde-

84 2807 188 2858 disse'
246 2857 247 2860 ,
389 2868 391 2874 Ι

123 2885 183 2938 356.
194 2886 254 2956 357.
265 2903 337 2936 ouroe
349 2884 413 2940 Vela
426 2895 534 2949 vocant,
546 2887 585 2934 in·

83 2966 155 3016 vitat
166 2977 260 3016 ventus
273 2963 418 3026 secundus,
429 2976 458 3014 ut
467 2962 526 3014 vela
539 2981 584 3013 ex-

83 3042 248 3115 pandantur.
258 3040 328 3092 Male
335 3039 496 3112 hypallagen
506 3039 585 3090 advo-

84 3135 159 3176 cant.
176 3123 268 3175 Variat
285 3119 341 3170 hae'c
360 3121 446 3170 oratio
462 3121 597 3188 poeticas

83 3203 169 3255 modo
191 3199 264 3264 vela,
284 3211 339 3268 aut·
350 3209 438 3249 nautae
452 3196 463 3267 (
479 3211 509 3249 ut
525 3216 583 3268 sup.

85 3282 139 3336 253
160 3281 170 3352 )
195 3289 290 3331 vocant
310 3295 387 3327 auras
411 3277 452 3327 vel
482 3288 583 3343 ventos,

37 3411 50 3428 s
83 3360 169 3414 modo
179 3377 251 3410 ouroe
261 3357 318 3410 vela
329 3357 372 3408 vel
381 3368 473 3408 nautas
477 3379 487 3418 ,·
501 3370 526 3409 et
536 3359 583 3408 inf.

84 3440 141 3507 454
152 3441 211 3508 ipsa
222 3439 357 3509 navigatio
372 3449 398 3488 et
413 3455 500 3495 cursen
512 3448 587 3488 vorat

86 3519 156 3571 vela.
166 3520 243 3571 Conf.
257 3538 314 3590 sup
326 3520 374 3583 61,
387 3519 434 3570 inf.
448 3517 507 3584 454.
523 3518 583 3586 455.

86 3599 241 3670 tumuloque
250 3598 582 3692 inflaturcarhasusaustro

86 3678 163 3731 lliad.
176 3679 442 3746 a,'481’'Esdarspoc
453 3698 586 3746 regnotum

87 3779 126 3810 σοι
136 3753 213 3810 ἱστίον.
225 3772 251 3810 et
261 3759 380 3812 similiter
393 3759 450 3810 aliis
464 3758 538 3808 locis

126 3833 281 3906 359-361.
309 3839 425 3890 Helenus
449 3833 586 3888 oiurorro'trn

89 3915 126 3980 lg’
139 3916 228 3982 ἄριστοι
235 3919 291 3986 jam
302 3919 407 3970 Homer.
421 3916 496 3969 Iliad.
509 3917 533 3983 ξ,
546 3915 586 3984 76.

633 2171 692 2240 quis
705 2168 799 2234 deum,
812 2166 888 2218 aliter
900 2165 988 2218 sidera
1002 2180 1027 2220 et
1040 2171 1129 2244 avinm

633 2259 735 2299 cantus
748 2244 825 2298 sentit
833 2255 902 2296 vates
912 2244 1055 2311 Phoebum
1069 2237 1130 2299 cnm

633 2326 711 2377 deum
724 2337 833 2395 pectore
839 2335 950 2393 recipit,
963 2341 1023 2389 seu,
1036 2285 1131 2377 (15551-

632 2405 696 2457 flatu
708 2416 794 2456 tactus
802 2403 965 2470 divinoque
973 2404 1063 2457 furore
1073 2406 1133 2484 ple
1156 2394 1159 2399 ⁸

632 2504 698 2550 nus,
719 2487 810 2536 futura
830 2482 951 2553 praedicit
974 2496 1000 2535 ct
1022 2485 1132 2538 oracula
1165 2516 1167 2521 ·

633 2565 700 2627 edit,
713 2563 765 2616 hoe
761 2575 858 2634 poeta
868 2575 1016 2614 exornavit
1011 2583 1075 2636 qur
1083 2584 1131 2616 nu

632 2647 707 2697 mina
726 2645 835 2709 Phoebi,
854 2643 907 2714 Qui
919 2644 1033 2714 tripodas
1038 2684 1046 2709 ‚
1060 2640 1132 2714 (tri-

633 2718 826 2798 podiinsidens
839 2723 949 2795 Delphis
961 2725 1054 2796 Pythia
1067 2729 1132 2778 vati·

635 2807 792 2878 cinabatur)
812 2803 893 2857 Clarii
910 2803 997 2856 lauros
1017 2803 1133 2875 (quate-

634 2903 698 2951 nus,
715 2897 744 2935 ut
761 2885 818 2934 fere
838 2883 926 2932 omnia
948 2884 1133 2952 antiquissima

633 2967 712 3030 fana,
725 2965 860 3036 roligionis
872 2963 898 3012 c‘t
912 2963 1008 3013 caloris
1021 2969 1133 3032 caussa,

635 3061 711 3094 sacro
719 3043 780 3093 luco
793 3041 925 3092 inclusum
938 3054 994 3092 erat
1004 3043 1133 3114 templum
1201 3087 1203 3092 .

634 3119 1131 3193 ApollinisClariiapudColophonem.

634 3218 658 3250 v.
672 3199 757 3251 Strah.
777 3200 851 3264 XIV,
863 3217 890 3268 p.
909 3199 996 3270 442),
1008 3199 1034 3250 h.
1049 3219 1071 3250 e.
1086 3203 1133 3270 qui

617 3279 687 3332 .vim
708 3279 825 3330 divinam
844 3279 932 3329 animo
952 3280 1039 3348 capis,
1052 3296 1135 3350 quam

633 3357 744 3428 Delphis
768 3355 874 3428 Pythia,
896 3369 921 3407 et
942 3358 1013 3428 apud
1034 3359 1133 3410 Claron

635 3436 774 3501 sacerdos,
799 3448 885 3486 mente
908 3439 1026 3508 recipere
1055 3435 1133 3490 solet.

634 3516 711 3568 sentis
720 3516 803 3566 sidera
810 3553 818 3578 ,
829 3515 887 3564 noti
898 3533 955 3584 quae
964 3536 994 3568 ex
1005 3520 1036 3568 iis
1047 3517 1081 3568 ad
1095 3520 1134 3569 fu-

635 3607 695 3644 tura
711 3592 882 3663 praevidenda
898 3591 1008 3668 intelligi
1020 3600 1132 3666 possint.

634 3676 692 3725 lloc
704 3676 733 3723 in
740 3674 886 3724 Homericis
897 3692 1038 3728 occurrere
1049 3679 1076 3727 in
1085 3696 1134 3728 va-

635 3765 691 3804 tum
703 3753 827 3805 laudibus
845 3771 899 3804 non
913 3758 1020 3812 memini
1026 3779 1034 3818 i
1047 3775 1135 3826 neque

638 3835 785 3906 astrologiae
797 3837 905 3886 omnino
916 3836 1032 3886 studium
1041 3839 1068 3886 in
1080 3837 1136 3885 vita

638 3913 746 3975 heroica
763 3928 802 3966 est
817 3916 1027 3984 frequentatum,
1046 3927 1072 3964 at
1093 3931 1137 3963 os-
