2690 4594
1040 258 1042 262 .
1061 232 1123 372 393

1079 421 1124 466 deo
1159 441 1161 448 ⁴

340 272 759 348 ''AEN’EIDOS'L'IBER
782 286 854 348 111.

81 405 212 496 Dejecit
223 404 363 486 voltum,
378 424 410 470 et
422 405 562 472 demissa
573 430 654 472 voce
666 409 775 473 locutu
788 405 851 471 est:
925 419 928 426 “

79 513 113 575 Ο
126 512 203 574 felix
214 535 279 575 una
290 528 366 576 ante
375 513 455 577 ‘alias
468 515 631 577 Priameiu'
638 513 744 601 virgo,
794 525 796 533 ⁴

80 616 247 680 Hostilem
259 615 301 680 ad
313 617 477 680 tumulum
489 618 598 708 Trojae
611 619 672 683 sub
684 608 847 683 moenibus
859 603 932 683 eltis

79 723 102 784 J
105 743 181 785 ussa
191 723 290 796 mori,
305 744 378 810 quae
390 725 523 787 sortitus
535 747 602 802 non
614 725 750 813 pertulit
762 726 861 811 ullos,

80 828 154 890 Nec
165 828 300 891 victoris·
310 826 382 890 heri
394 829 500 915 tetigit
512 831 639 918 captiva
650 830 787 895 cubilei
1068 897 1070 902 ,

79 933 165 1010 Nos,
179 933 283 1020 patria
295 934 440 1012 incensa,
455 933 584 998 diverse
594 958 656 1022 per
666 957 798 1024 aequora
809 935 924 1014 vectae,
950 971 955 988 ι
1061 921 1065 926 ”
1081 947 1124 994 325

68 1037 198 1126 -Stirpis
211 1036 364 1102 Achilleae
377 1040 493 1119 femme,
504 1040 729 1130 juvenemque
742 1021 936 1128 superbum,

80 1142 221 1207 Serviti'o
234 1143 351 1223 enixae,
366 1145 587 1235 tulimus;„qui
600 1146 739 1226 deinde,
749 1141 883 1232 secutos

80 1323 144 1382 duo,
155 1341 192 1387 pr·
208 1327 290 1390 Hamis.
303 1340 326 1374 et
336 1288 390 1375 Fue.
402 1332 480 1375 Burm.
495 1303 578 1377 uteit:
596 1347 648 1396 quce
664 1333 731 1396 dique
746 1335 801 1378 setis
816 1333 918 1378 Fortuna
933 1331 1008 1378 revisit
1022 1329 1125 1374 Hectoris

78 1395 271 1442 Andromachen?
281 1398 365 1457 Pyrrhi
376 1411 476 1462 quatuor
488 1418 524 1463 sp.
535 1401 613 1446 Burin.
625 1415 648 1448 et
658 1403 721 1447 Pirri
732 1403 778 1448 duo
790 1401 857 1447 Goth.
871 1400 955 1460 Pyrrhi
961 1415 992 1444 an
1002 1413 1022 1443 c.
1036 1397 1126 1460 aliquot

79 1468 192 1512 Pieriani.
206 1478 282 1514 seruat
291 1471 352 1515 Gud.
363 1488 381 1516 -a
394 1488 424 1516 m.
439 1488 475 1533 pr.
493 1473 576 1518 Omnia
586 1472 711 1538 deteriore.
721 1474 843 1536 vulgatam
856 1472 949 1518 exhibet
963 1473 1033 1516 etiam
1042 1469 1125 1530 fragm.

79 1537 157 1582 Vatic.
171 1537 258 1584 Dubito
268 1539 347 1586 'tamen
359 1556 389 1586 en
397 1543 430 1586 n?
441 1541 470 1588 ab
482 1545 549 1603 epico
558 1555 627 1604 poeta
637 1545 674 1588 eit.
685 1569 717 1578 -
729 1543 783 1590 320.
794 1543 884 1588 dimissa
894 1539 946 1596 elii,
957 1552 983 1585 ut
992 1537 1058 1584 solet.
1071 1536 1126 1582 sub-

78 1609 213 1655 missullxc.
223 1612 301 1656 Burni.
309 1611 400 1660 -3πί.
409 1612 466 1659 oleos
474 1613 588 1658 Montalb.
598 1638 629 1649 -
639 1613 692 1660 325.
702 1618 760 1662 vecti
766 1615 847 1675 fragm.
855 1615 931 1658 Vetic.
938 1636 970 1646 —
979 1608 1126 1668 &ti-fastum

79 1676 173 1740 aliquot
184 1677 244 1725 Pier.
251 1713 259 1736 ,
271 1685 348 1724 miuus
359 1685 458 1740 poetice.
465 1683 532 1739 fiacus
542 1683 601 1742 alter
611 1683 708 1744 Mentel.
722 1699 735 1722 a
747 1699 777 1722 m.
790 1695 826 1738 pr.
838 1683 899 1722 forte
911 1691 934 1722 et
945 1677 1047 1732 surich„
1061 1675 1125 1721 unde

78 1749 163 1796 Heius.
176 1753 237 1812 conj.
245 1751 334 1811 fletus:
350 1748 391 1796 sed
402 1766 425 1796 v.
435 1751 514 1796 turm.
524 1773 556 1784 ·-
567 1747 620 1810 327.
632 1750 697 1798 enixe
707 1759 754 1796 tres
766 1751 845 1796 Burm.
858 1749 923 1794 eteic
933 1750 1038 1794 Donatus
1049 1751 1125 1793 inter-

80 1894 246 1968 tenemur'et
263 1880 371 1956 ‹ibuoxii
389 1893 494 1966 sumus3
511 1921 580 1974 pro,
627 1921 676 1954 xus
683 1911 940 1974 acceptanarraturn
947 1909 993 1951 est.
1001 1895 1123 1967 Adsequ.

80 1981 253 2035 matrimonio
269 1985 363 2054 juncta
391 2001 434 2048 es,
462 1983 578 2038 haberis.

81 2059 174 2113 Utitur
193 2079 258 2113 voce
268 2060 422 2118 honestiore
434 2062 560 2116 connubii
570 2099 580 2126 ,

80 2155 146 2188 vere
154 2141 239 2206 enim,
251 2153 379 2211 tunquam
388 2143 510 2212 captive„
521 2159 580 2193 cor·

80 2221 157 2288 poris
170 2222 210 2270 sui
221 2239 297 2274 usum
311 2222 464 2292 praebebat,
476 2222 580 2293 pellicis,

79 2300 126 2350 vel
147 2302 300 2353 concubinae
317 2303 386 2355 loco.
406 2305 504 2356 Versus
517 2303 579 2375 pul·

81 2379 229 2432 cherrimus
241 2381 323 2434 habet
332 2395 438 2448 mmor,
450 2379 523 2455 quod
537 2373 580 2434 ot-

79 2458 189 2510 fendet:
202 2459 411 2532 RogatAEnee's,
428 2480 462 2513 an
479 2460 578 2534 Pyrrho

76 2539 218 2607 junctasit
226 2539 420 2593 Andromache.
428 2543 509 2616 Atqui
518 2541 577 2616 296.

76 2623 138 2691 jam
150 2620 270 2673 audierat
280 2622 381 2674 Heleno
391 2642 449 2677 enm
460 2625 577 2676 cessisse.

79 2703 142 2755 Hoc
154 2715 223 2767 erat,
236 2722 283 2754 cur
295 2703 369 2755 illum
380 2723 486 2756 versum
505 2703 579 2759 dele-

80 2793 141 2832 tum
153 2799 209 2832 esse
218 2781 358 2834 volebam:
374 2785 430 2835 Nec
442 2783 578 2849 succedit,

79 2862 103 2912 si
117 2859 213 2914 dixeris
230 2877 304 2912 esser
319 2861 402 2930 quid?
413 2875 442 2913 tu
455 2881 509 2914 uon
522 2882 579 2914 am·-

79 2941 153 3011 plius
174 2941 273 3010 Pyrrho
292 2942 385 3008 juncta
407 2944 451 2993 es?
472 2945 579 3012 Quippe

80 3019 236 3072 uec‘verba
259 3021 420 3085 conveniunt
438 3019 501 3074 huic
524 3038 581 3072 sen·

80 3101 188 3164 resitire,
206 3116 256 3148 uec
273 3099 403 3148 sententie
422 3091 581 3150 anteceden-

81 3180 155 3230 tibus
169 3178 299 3229 convenit.
328 3195 330 3200 ¹

119 3260 172 3310 320
183 3275 241 3328 sqq.
255 3257 345 3308 Artem
359 3269 444 3326 poete
452 3259 509 3325 jau
517 3247 581 3309 Sce-

82 3340 169 3409 ligero
184 3339 219 3388 Ill
232 3338 304 3388 Poet.
321 3335 352 3402 14
364 3335 476 3405 ollisque
492 3329 581 3390 ohser-

82 3429 174 3469 vatam
182 3416 261 3468 facile
271 3409 580 3486 assequerisdndrome·

85 3498 152 3562 che,
165 3513 239 3550 casta
248 3511 273 3550 et
285 3496 386 3568 pudice
396 3498 508 3562 femina,
520 3499 581 3550 viri·

85 3596 139 3647 que
163 3579 354 3640 amantissime,
382 3594 436 3626 non
457 3577 508 3627 uisi
532 3596 581 3647 per

86 3656 211 3726 ambages
224 3656 373 3726 respondet.
389 3655 503 3706 Felicem
514 3674 581 3726 prae-

79 3735 159 3784 ¹dicen
169 3735 340 3806 Polyxenam,
354 3753 411 3804 quse
425 3733 459 3808 ad
469 3733 580 3786 Achillis

86 3812 217 3864 tumulum
237 3831 304 3865 censa
324 3815 476 3866 servitutem
495 3825 580 3866 morte

85 3894 264 3944 anteverterit.
273 3893 334 3944 Haec
342 3887 477 3963 praemittit
483 3892 515 3944 iis
523 3909 581 3962 quae

83 3970 120 4026 dc
134 3973 276 4046 seraptim
293 3989 309 4027 a
323 3973 423 4028 victore
437 3973 465 4028 in
476 3971 584 4050 ¹tunple·

629 1984 663 2035 cf.
689 1982 834 2036 Excursum
853 1983 897 2034 XI.
921 1983 1051 2036 Versuum
1072 1978 1122 2028 321

628 2081 688 2134 sqq.
703 2065 778 2116 color
790 2057 881 2117 similis
890 2062 943 2128 illi,
953 2063 998 2132 qui
1010 2071 1068 2112 eret
1074 2057 1123 2110 lib.

628 2143 666 2206 ll,
680 2141 731 2211 785
749 2161 859 2215 noueqo
876 2142 915 2190 M.
936 2152 962 2192 et
983 2141 1007 2203 l,
1027 2137 1069 2206 94.
1089 2165 1124 2183 Ψ-

628 2221 688 2275 323.
702 2219 808 2279 Sortitio
823 2223 988 2293 captivarum
1003 2219 1030 2267 in
1041 2217 1125 2286 perti-

628 2304 700 2357 tione
712 2303 807 2374 praedssae
817 2315 827 2352 ἰ
838 2303 924 2368 obvia¹
932 2303 959 2352 in
968 2301 1084 2350 Homero
1097 2309 1124 2364 ct
1217 2327 1221 2332 -

627 2384 656 2434 in
667 2383 794 2460 Tragicis.
812 2385 846 2434 cf.
859 2383 966 2432 Excurs.
979 2379 1015 2429 XI
1031 2376 1122 2428 sub..f.

626 2461 658 2512 ln
669 2479 694 2513 v.
705 2462 755 2528 324
771 2469 859 2514 'rrec-
869 2461 956 2532 tetiqit
967 2457 1070 2528 captiva
1082 2473 1125 2506 cu-

629 2538 697 2605 bile,
712 2542 800 2611 potuit
810 2543 942 2611 respicere
954 2536 1124 2589 Homericum

627 2620 695 2672 illud
713 2617 779 2686 λε’χος
800 2619 926 2674 &rudberti
938 2616 1014 2670 Iliad.
1028 2635 1057 2676 a,
1075 2613 1124 2678 31,

627 2699 673 2774 (h.
688 2722 714 2754 e..
724 2698 800 2764 sarri,
817 2699 871 2770 reple
882 2701 948 2766 λῖχοε
957 2701 971 2772 )
980 2711 1006 2751 et
1018 2696 1124 2749 similis.

627 2781 699 2836 Solet
708 2785 818 2838 fortuna
829 2784 995 2853 captivarum
1007 2777 1126 2848 plerum-

629 2880 680 2932 que
697 2883 713 2914 a
728 2865 796 2914 tristi
813 2861 865 2916 hec
880 2860 1037 2914 necessitate
1056 2855 1127 2926 desi-

628 2945 731 3014 &⁰³⁶2
800 3009 802 3016 .
874 3011 876 3015 .

650 3021 820 3094 '3255-327.
837 3021 873 3072 At
884 3037 933 3092 ego
946 3020 1051 3088 captiva
1061 3017 1124 3086 Pyt-

629 3102 671 3158 rhi
682 3121 856 3175 exeoparere
864 3112 965 3172 coacta.
978 3098 1020 3148 Cf.
1030 3097 1124 3166 Eurip-

628 3175 766 3234 Androm:
779 3200 829 3251 ¹⁰9
846 3195 885 3250 sq.
906 3179 1005 3231 diuersa
1020 3191 1126 3246 equora

628 3258 775 3330 longinqua
792 3280 817 3312 v.
837 3277 895 3328 sup.
914 3276 941 3308 v.
957 3256 982 3331 4.
996 3255 1079 3306 euim
1088 3253 1125 3307 de

628 3349 708 3408 partu
728 3337 928 3410 accipiendum,
946 3347 976 3387 ut
991 3337 1052 3404 jam,
1063 3347 1126 3405 post

628 3419 756 3488 Pompou.
770 3417 831 3469 sab.
843 3415 930 3468 Cerdo
939 3417 1063 3467 etHeins.
1077 3413 1126 3476 dq-

630 3489 716 3550 cuere.
744 3498 814 3548 Nam
837 3493 1023 3546 Andromache
1049 3511 1126 3546 serva

631 3574 809 3646 Neoptolemo
821 3573 904 3646 lilium
920 3573 1072 3624 Molossum·
1080 3593 1126 3644 pe-

629 3668 750 3725 pererat,
769 3667 799 3706 ut
816 3654 859 3706 vel
876 3671 908 3707 ex
918 3653 1052 3726 Euripidis
1069 3655 1126 3704 An-

630 3733 776 3787 dromacha
787 3746 888 3788 notum.

660 3809 724 3884 327.
741 3815 766 3865 Is
779 3811 875 3866 deinde
887 3813 1056 3864 Hermionem
1070 3811 1124 3861 He-

630 3894 695 3946 lenae
710 3886 793 3946 'filiam
806 3891 904 3963 Sparta
920 3893 1058 3961 conjugem
1077 3887 1126 3938 ed-

631 3973 715 4049 ‘ituitl
724 3968 1126 4052 mequelleleuoinconjugium
