2742 4586
242 279 300 344 182
353 249 359 266 '
583 273 846 354 exeussus
868 277 921 338 11

237 399 334 453 montis
353 397 448 450 molem
477 396 675 450 sustentandam
702 398 830 448 columnis
849 409 876 448 et
903 395 1016 448 arcubus
1037 415 1084 450 seu
1104 400 1270 466 torniense

238 478 403 550 spiramentis
422 476 499 527 etiam
522 477 619 546 passim
646 479 738 528 aer'et
757 476 852 528 coelum
871 475 984 546 desuper
1002 474 1158 529 admittitur.
1177 480 1271 535 Fuisse

236 557 285 610 has
308 557 463 626 lapicidinas
486 555 609 608 Straboni
629 556 701 608 XVII
713 593 723 621 ,
750 557 919 628 p.1191,A.
948 571 1187 624 commemoratas,
1211 579 1270 612 sus.

236 639 341 708 picatur
357 636 426 688 idem
447 636 556 688 Sltavius
565 657 574 696 ,·
595 647 684 699 recte,
703 653 752 686 nec
771 655 823 702 111,
844 629 916 686 nunc
930 654 984 686 non
1001 635 1184 706 disputamus;
1200 641 1269 692 unde

237 713 389 788 Carthago,
404 716 499 779 Utica,
518 727 544 768 et
556 714 612 765 aliae
624 715 715 765 vicinae
724 714 808 784 ,urbes
825 716 962 768 materiam
972 725 1100 784 peterent.
1115 717 1195 768 Mons
1213 720 1270 788 ipse

237 793 305 846 silva
335 796 443 846 obsitus.
467 794 544 844 Antri
564 793 632 844 ostia
650 808 740 842 versus
763 811 835 844 snare
860 805 970 862 patent,
995 791 1082 862 iisque
1106 794 1213 864 objecta
1230 807 1271 846 est

237 873 385 944 AEgimurus
398 871 484 926 insula
499 872 546 943 (de
566 890 618 942 qua
630 889 688 942 sup.
702 870 769 924 adv.
789 873 957 944 rot-112).
970 874 1001 922 In
1014 875 1082 927 antri
1094 874 1170 929 aditu
1181 877 1270 928 fontes

238 951 340 1024 aliquot
359 955 428 1006 inter
445 970 524 1024 rupes
542 964 731 1023 prorumpunt3
752 954 779 1003 in
797 966 940 1024 prospectu
957 955 1057 1024 passim
1067 954 1189 1008 sedilias
1209 957 1270 1006 vivo

238 1047 321 1098 saxo,
338 1034 433 1102 quibus
450 1049 536 1104 operte
553 1032 618 1084 olim
628 1045 819 1102 pepercerant,
834 1032 896 1084 dunt
917 1045 1005 1086 cetera
1016 1033 1175 1090 exciderent.
1193 1037 1271 1090 ldunc

235 1109 327 1166 locum
341 1115 430 1183 itaque
449 1112 557 1164 Siccius
574 1110 696 1178 (Trooeit
715 1132 742 1182 p.
764 1111 812 1181 159
826 1113 865 1185 ci..
874 1131 998 1183 mappam
1009 1133 1097 1186 geogr.
1112 1114 1187 1184 adp.
1208 1114 1272 1183 rte)

239 1204 324 1260 poetae
346 1204 405 1244 ante
422 1192 514 1244 oculos
534 1193 686 1248 fuissentin
705 1191 824 1256 dubitat,
845 1191 908 1244 dum
923 1192 1012 1244 locum
1031 1192 1217 1258 describebat,
1236 1193 1271 1244 ad

241 1285 318 1338 quem
331 1271 424 1324 AEneas
435 1270 545 1340 appulit.
555 1268 684 1321 Videntur
694 1287 758 1321 sane
769 1271 857 1322 omnia
869 1271 979 1321 siccatis
991 1287 1047 1322 esse
1060 1271 1270 1323 accommodata.

237 1345 350 1398 Accedit
361 1347 434 1398 locus
451 1367 494 1420 ap.
507 1347 636 1411 Caesarem
646 1347 679 1398 de
696 1349 723 1398 B.
737 1347 792 1398 Civ.
805 1349 829 1398 ll
837 1384 844 1411 ,
864 1347 897 1402 23
911 1350 937 1399 G.
952 1348 1028 1399 Curio
1042 1347 1069 1398 in
1081 1346 1202 1418 Africam
1213 1367 1273 1419 piu·

235 1424 323 1496 sectus
334 1459 368 1468 -
377 1424 490 1501 appellit
506 1430 611 1481 adeum
624 1427 728 1493 locum,
741 1427 788 1499 qui
799 1425 950 1499 appellatur
960 1425 1110 1500 Aquiidria.
1131 1429 1184 1480 Hic
1203 1426 1272 1480 101111

239 1506 310 1558 obest
328 1527 344 1558 n
367 1507 463 1578 Clupea
485 1526 607 1580 passuum
627 1508 709 1560 Xde
725 1505 829 1572 millia,
854 1505 980 1579 debetque
1002 1526 1056 1558 non
1079 1507 1271 1558 incommodam

240 1596 326 1637 oestate
348 1587 505 1649 nationem,-
534 1598 560 1638 et
580 1587 678 1640 datobm
702 1586 874 1638 eminentibus
902 1587 1086 1657 promontoriis
1114 1577 1271 1639 continetur.

240 1662 417 1735 Intelligenda.
426 1665 525 1716 scilicet
535 1664 591 1717 hac
603 1664 697 1719 cadem
708 1664 761 1716 duo
775 1668 958 1734 promontoria
968 1665 1098 1736 Apollinis
1108 1678 1134 1718 et
1147 1666 1273 1722 blercnrii

172 1809 175 1815 Ι
241 1755 323 1810 supra
335 1754 547 1796 commemorata.
569 1741 657 1794 Insula
675 1756 765 1794 tamen
776 1743 929 1812 scrupulum
939 1745 1028 1797 facere
1039 1756 1142 1816 potest,
1161 1744 1185 1794 si
1206 1743 1273 1812 AEgi-

240 1835 332 1882 murus
344 1819 391 1871 illa
402 1833 454 1884 est,
467 1839 525 1875 cum
539 1820 650 1872 eandem
661 1820 734 1872 illam
745 1840 794 1892 per
805 1823 871 1874 Aras
885 1820 1015 1875 declarari
1024 1839 1106 1892 supra¹
1118 1821 1271 1874 viderimus.-

242 1895 293 1948 sed
305 1899 466 1969 AEgimurum
485 1919 531 1952 seu
543 1899 611 1952 dnae
620 1902 711 1970 potius
733 1901 851 1966 insulas,
875 1902 1007 1968 Zimbras,
1030 1921 1041 1952 s
1091 1903 1272 1961 lamentaret,

241 1974 279 2025 ita
299 1993 354 2027 esse
376 1979 455 2044 sitas,
473 1991 591 2043 constat,
610 1991 640 2029 11
661 1980 711 2048 ipsi
734 1980 858 2032 Mercurii
876 1993 1032 2050 proniontor
1095 1978 1221 2047 ubjacere
1236 1978 1274 2027 vi·

243 2053 370 2118 deantur,
385 2059 469 2126 major
488 2057 600 2128 quidem.
616 2069 730 2127 quatuor
748 2057 855 2122 leucas,
875 2070 902 2110 at
917 2053 1003 2116 minor
1020 2075 1116 2127 parum
1135 2067 1240 2109 remota
1259 2071 1274 2102 a

241 2133 326 2187 litore.
340 2137 427 2188 Potuit
437 2139 517 2208 igitur
529 2138 563 2189 ad
574 2139 701 2208 majorem
711 2154 779 2208 pars.
791 2138 881 2192 classis
893 2137 1025 2190 adhaerere
1034 2158 1040 2198 ;
1054 2150 1081 2188 at
1092 2136 1178 2188 altera
1188 2137 1274 2186 minor

241 2213 371 2268 habeatur
389 2236 438 2287 pro
454 2218 541 2269 insula
556 2218 628 2270 litori
646 2218 758 2288 objecta.
779 2220 867 2270 Potuit
883 2219 962 2269 etiam
972 2229 1053 2288 poeta
1064 2235 1159 2268 ornare
1171 2216 1274 2275 locuni,

243 2308 289 2346 ant
302 2299 376 2366 sequi
392 2299 505 2362 lamam,
523 2315 578 2368 qua
592 2299 720 2369 AEgimuci
735 2297 838 2368 scopuli
857 2297 922 2348 olirn
938 2298 1025 2351 insula
1042 2299 1123 2348 fuisse
1141 2311 1274 2347 memora-
1358 2305 1359 2366 J

176 2375 178 2380 '
242 2372 347 2424 bantur.
371 2376 426 2426 Nec
439 2388 526 2428 tamen
544 2387 651 2445 poetam
662 2376 775 2428 levitatis
795 2387 820 2426 et
836 2377 959 2434 vanitatis
978 2393 1101 2445 accusare
1117 2389 1273 2444 possemus,

241 2465 343 2504 netum
360 2453 482 2524 quidem,
501 2457 522 2506 si
540 2455 642 2506 nullum
659 2454 737 2523 hujus
751 2456 870 2510 locorum
882 2457 946 2508 situs
958 2457 1097 2527 vestigium
1108 2455 1135 2504 in
1147 2453 1273 2504 Africano

241 2531 320 2582 lito're
332 2549 402 2584 nunc
415 2546 586 2603 compareret.
600 2535 696 2587 Totum
708 2535 778 2586 enirn
792 2535 867 2588 istius
882 2547 980 2592 tractus
1001 2534 1062 2586 litus
1079 2533 1159 2583 maris
1180 2529 1274 2580 alluvie

244 2607 393 2661 incredibili
410 2610 490 2662 modo
512 2624 551 2662 est
571 2614 756 2678 immutatum,
773 2623 814 2676 et,
837 2611 909 2682 quod
927 2612 969 2664 vel
988 2629 1020 2662 ex
1034 2609 1130 2660 Shevio
1152 2609 1216 2660 satis
1230 2625 1275 2676 ap·

240 2702 334 2758 paret,
352 2690 474 2760 procedit
491 2709 562 2742 nunc
581 2691 644 2742 litus
666 2693 928 2745 interiluscinonem
946 2703 973 2742 et
992 2689 1180 2760 Carthaginem
1192 2687 1273 2738 multo

243 2768 321 2822 altius
333 2773 360 2820 in
378 2771 468 2835 inane,
491 2788 569 2841 quam
581 2771 652 2824 olim.
672 2771 698 2823 Si
711 2773 769 2842 quis
787 2770 857 2824 ultra
872 2773 970 2823 instare
984 2783 1011 2822 et
1028 2769 1185 2822 calumniari
1196 2766 1274 2830 velit,

242 2868 259 2900 a
277 2863 366 2902 monte
378 2869 426 2921 per
444 2851 569 2903 Shavium
582 2852 718 2923 designato
736 2851 770 2903 ad
788 2851 975 2923 Carthaginem
991 2868 1075 2921 usque
1093 2849 1216 2900 locorum
1234 2850 1274 2898 in·

242 2930 380 2982 teruallum
407 2949 464 2984 esse
495 2935 579 3000 majus
603 2933 688 2996 forte,
711 2950 790 3002 quam
813 2945 842 2982 ut
870 2931 953 2984 altero
978 2931 1020 2983 die
1044 2932 1138 2984 AEneas
1164 2928 1274 2980 navibus
1358 2943 1359 2950 ¹

241 3025 394 3079 progressus
407 3013 470 3062 satis
479 3022 583 3066 mature
594 3009 782 3081 Carthaginem
792 3011 930 3082 pervenire
942 3011 1074 3082 potuerit,
1087 3027 1148 3060 eum
1158 3007 1275 3062 dicemus

164 3109 169 3111 ·
239 3100 347 3156 poetam
361 3089 388 3140 in
403 3089 523 3145 ordinem
535 3107 629 3159 cogere
642 3101 667 3142 et
679 3088 796 3146 historiae
815 3090 940 3142 severiori
957 3090 1009 3160 legi
1022 3087 1166 3138 obnoxium
1178 3088 1274 3138 fecere-

240 3166 361 3231 Ceterum
381 3168 476 3224 lineet
497 3169 547 3221 illa.
562 3187 619 3238 sup.
643 3168 678 3220 ad
693 3189 718 3219 v.
735 3171 782 3222 rot
800 3187 858 3240 sqq.
875 3169 966 3240 paullo
988 3167 1110 3222 subtilius
1126 3166 1275 3237 disputasse

239 3264 294 3298 non
301 3248 451 3317 poenitebit,
462 3239 582 3318 inprimis
592 3249 614 3298 si
622 3247 825 3318 descriptionem
834 3246 1038 3320 geographicam
1049 3263 1170 3298 errorum
1179 3245 1274 3306 AEnea,

241 3325 325 3394 qualis
342 3328 392 3396 ipsi
410 3327 520 3399 Vir-gilio
539 3328 682 3381 Burmanni
695 3325 799 3395 prefixa
815 3337 872 3392 est,
892 3323 1161 3396 inspexerit.aliquis;
1175 3324 1203 3373 in
1225 3338 1275 3391 qua

238 3402 421 3472 Nympharum
448 3417 553 3458 antrum
584 3403 661 3465 ultra,
681 3405 806 3456 Mercurii
837 3406 1048 3475 promontorium
1076 3419 1175 3452 versus,
1191 3399 1275 3471 Syrtin

238 3481 383 3545 minorem,
400 3485 568 3554 naufragium
582 3501 645 3534 seco
665 3482 755 3534 classis
774 3483 808 3537 ad
831 3483 920 3554 Syrtin,
932 3485 1077 3552 majorem,
1099 3483 1176 3532 1111
1194 3478 1276 3532 altera

238 3570 314 3624 parte
336 3557 395 3616 ΑΜ
415 3561 444 3613 iu
468 3562 589 3631 paunus
614 3560 824 3620 occidentalibus
844 3563 914 3615 ultra
934 3561 1120 3632 Carthaginem
1150 3573 1277 3628 expressa

240 3644 307 3684 sunt.
