2656 4592
319 328 556 396 eremos
577 331 732 396 niuea
754 281 817 396 iv}
1025 332 1088 422 507

47 453 169 525 AEnean
182 454 378 522 fundantem
389 475 480 520 arces
492 476 530 519 ac
542 469 628 518 tecta
639 471 818 519 novantem
1046 471 1090 520 260

46 559 229 655 Conspicit;
241 581 340 652 atque
353 563 399 626 illi
413 561 559 626 stellatus
572 560 702 649 Iaspide
714 562 808 627 fulva

45 673 140 736 Ensis
153 687 236 749 erat,
250 670 419 760 Tyrioque
432 665 569 732 ardebat
580 669 707 732 murice
719 669 817 748 laena,

46 777 195 841 Demissa
208 799 247 840 ex
259 773 423 839 humeris:
437 771 530 838 dives
543 795 617 862 quae
630 797 767 840 munera
779 773 866 841 Dido

45 886 193 963 Fecerat,
208 899 241 948 ct
253 883 345 952 tenui
356 883 437 947 telae
450 880 650 946 discreverat
662 905 758 963 auro,
846 931 848 936 -

45 992 211 1055 Continuo
224 988 364 1054 invadit:
379 991 433 1055 Tu
446 1012 535 1054 nunc
547 988 752 1077 Carthaginis
764 990 837 1056 altae
1047 1006 1090 1053 265

45 1085 272 1162 Fundamenta
283 1097 387 1175 lonae,
401 1094 642 1186 pulchramque
654 1097 789 1160 uxorius
801 1095 918 1162 urbem

44 1203 209 1266 Exstruis?
221 1201 288 1266 heu
300 1201 393 1289 regni
405 1223 584 1290 rerumque
597 1199 700 1265 oblite
713 1217 842 1266 tuarum
854 1205 860 1264 l

45 1311 121 1399 lpse
134 1307 235 1377 deum
247 1307 307 1372 tibi
318 1330 372 1371 me
385 1307 473 1373 claro
486 1306 630 1372 demittit
642 1306 785 1397 Olympo

43 1521 101 1564 item
116 1516 222 1580 mapalia.
232 1543 264 1553 —
274 1517 326 1564 26⁰.
345 1517 389 1572 tela
400 1533 423 1562 n.
436 1505 474 1564 ed.
488 1519 517 1563 D.
530 1519 609 1566 Heius.
622 1535 747 1582 operarum
758 1522 824 1567 vitio.
834 1545 866 1556 -
876 1519 929 1566 261.
941 1518 1012 1566 acilii
1021 1504 1091 1564 Goth.
1107 1560 1110 1564 .

43 1602 97 1636 tert.
107 1607 114 1644 ;
125 1605 154 1634 an
165 1605 215 1636 ecce
225 1589 259 1635 illi
264 1590 349 1653 ?fuluo
358 1589 405 1634 Eis.
418 1590 445 1634 ln
457 1589 555 1652 reliquis
565 1589 619 1636 libri
629 1590 663 1637 nil
673 1605 770 1638 mutant.
785 1591 832 1637 Sed
841 1591 927 1647 deluit,
944 1591 1055 1647 arbitror,
1068 1601 1092 1636 et

42 1657 80 1704 hie
91 1659 283 1718 manuesecunda
294 1671 383 1722 poetae;
396 1671 419 1704 et
426 1659 503 1704 Tucca
514 1675 568 1706 cum
580 1661 651 1706 Vario
661 1677 740 1708 versut
753 1660 875 1707 inchoatos
886 1672 1092 1721 coagmentamnt;

43 1730 136 1776 finierat
149 1731 210 1777 forte
224 1743 294 1792 poeta
314 1731 414 1777 alterum
430 1730 509 1778 locum
524 1733 549 1778 in
560 1731 681 1795 Compicit.
697 1733 757 1778 Tum
769 1733 827 1780 alter
837 1731 966 1793 adscriptus
978 1742 1040 1776 erat:
1060 1728 1096 1775 illi

43 1799 147 1846 stellatus
158 1803 178 1846 1.
185 1803 208 1864 f
218 1828 250 1838 -
259 1802 311 1848 262.
325 1801 390 1858 lana,
404 1800 470 1856 luna,
481 1800 529 1847 levo
541 1802 649 1864 alienant
658 1805 683 1848 in
694 1802 759 1848 lena.
767 1828 800 1837 —
808 1800 860 1848 263.
868 1801 967 1846 Dimissa
975 1799 1055 1856 multi,
1066 1811 1093 1844 ut

43 1871 127 1918 colent.
139 1873 169 1919 ci.
179 1875 258 1918 Burm.
267 1899 298 1910 -
309 1875 360 1920 265.
372 1875 434 1920 vadit
444 1885 497 1922 tert.
508 1874 617 1920 Rotteud.
628 1891 681 1920 am.
692 1891 728 1937 pr.
738 1901 770 1910 -
777 1875 829 1936 267.
840 1874 955 1920 Camenis
965 1870 1090 1918 Zulichcm.

43 1969 75 1978 —
86 1943 138 1990 268.
151 1943 214 1992 claro
227 1945 267 1991 tibi
276 1962 311 1995 me
320 1947 413 2009 Menag.
426 1963 462 2009 pr.
475 1947 566 1995 dimittit
574 1945 676 2003 multiet¹
684 1946 730 1993 hic.

43 2125 111 2176 urbe
123 2125 176 2176 vid.
200 2144 258 2197 sup.
280 2129 305 2188 l,
330 2129 391 2196 424
409 2128 547 2198 tnesau-
596 2130 720 2183 Sed-libri
734 2131 773 2183 nil
786 2141 898 2182 mutant.
911 2129 968 2179 Nec
980 2143 1035 2178 rem
1049 2142 1094 2176 ex·

44 2204 151 2256 dantem
162 2245 170 2273 ,
193 2207 370 2262 fundamenta
389 2223 545 2281 ponenterm
595 2211 688 2282 pedit,
701 2214 723 2263 si
733 2212 767 2263 ab
778 2209 822 2261 illi
831 2210 865 2262 ad
875 2227 940 2260 auro
952 2205 1094 2280 parenthe-

42 2287 169 2356 proprie,
181 2287 362 2342 fundamentis
368 2292 447 2360 jactis
457 2289 547 2342 inaedi-
596 2293 637 2342 ein
653 2293 746 2343 facias.
767 2288 884 2344 stellatus
902 2288 1030 2359 exquisite
1043 2302 1093 2355 pro

44 2363 265 2430 ficantem,tecta
278 2380 436 2434 novantem,
456 2371 547 2440 priva·
596 2370 736 2424 distinctus
748 2389 780 2423 ac
792 2368 1097 2441 fulgens,sc.incapt·
1159 2369 1165 2374 “

43 2457 87 2495 tas
115 2444 183 2498 aedes
204 2465 288 2500 novas
319 2448 485 2502 educentem.
511 2451 544 2502 cf.
596 2451 624 2503 lo
638 2465 664 2503 et
680 2454 784 2524 vagina.
795 2449 901 2522 jaspide
913 2443 1014 2518 fulva,
1037 2446 1094 2515 epi·
1174 2467 1180 2490 ι

44 2527 189 2578 Burmann.
537 2590 539 2596 Ι
594 2531 687 2584 theton
699 2550 755 2582 non
767 2529 923 2603 urgendum.
948 2526 1093 2578 Nouenim
1128 2579 1131 2590 Ι

82 2605 242 2673 adh-264.
253 2607 394 2679 Conspicit,
404 2618 484 2680 atque
493 2605 544 2660 illi.
594 2612 664 2662 inter
692 2611 889 2682 prestantiores
915 2608 955 2658 sui
989 2605 1093 2677 generis

44 2686 169 2741 offendit
177 2688 233 2742 hec
243 2691 329 2744 oratio
338 2691 547 2763 tanquempaul·
593 2687 1093 2750 fulvaanumerantum.PlinXXXVll,

45 2767 73 2817 lo
84 2769 202 2837 jejunior
213 2785 263 2841 pro
276 2772 323 2826 tali
343 2775 476 2839 carmine,
496 2791 546 2824 nee
596 2772 639 2842 37,
657 2792 737 2844 quem
759 2786 847 2826 tamen
861 2769 954 2842 sulm
973 2766 1095 2838 jaspides

45 2860 173 2900 accurata
184 2849 231 2901 illa
241 2853 351 2902 vestitus
363 2851 507 2924 descriptio
518 2855 547 2904 in
596 2857 705 2906 omnino
738 2871 885 2906 memorare
910 2869 964 2903 non
995 2849 1093 2911 video,

43 2925 136 2978 medio
146 2943 235 2978 rerum
249 2946 328 2981 cursu
341 2932 546 3000 expectabatur,
597 2934 671 3004 quod
683 2946 772 2986 tamen
784 2932 888 2984 Servius
902 2929 1032 2990 affirmat,
1042 2927 1094 2976 nisi

41 3008 389 3074 jejunemanetetiarneic,
402 3010 548 3076 ei'dixerie,
589 3012 673 3083 fulva
696 3030 747 3081 pro
769 3008 900 3062 subviridi
921 3002 1095 3076 accipienda,

43 3085 172 3138 vestitum
198 3085 328 3156 insignem
350 3087 477 3140 Mercurii
499 3107 546 3141 ve·
595 3102 625 3140 ut
635 3091 733 3154 intv,
746 3091 798 3157 309
802 3086 885 3157 fulva
895 3083 974 3137 oliva.
986 3082 1095 3133 ardebat

44 3165 145 3217 nientit
167 3163 260 3216 oculos
281 3166 309 3216 in
326 3183 354 3217 ee
374 3169 545 3220 convertisse.
596 3181 689 3221 ornate
701 3187 751 3240 pro
762 3169 827 3220 erat.
839 3164 903 3217 telus
912 3166 959 3215 int.
971 3164 1093 3214 stamina.

43 3247 93 3298 Est
118 3239 226 3314 quidem
240 3242 294 3295 hoe
310 3245 498 3312 Homericum,
517 3261 548 3298 ut
595 3250 659 3302 Erat
682 3249 762 3318 igitur
787 3249 866 3298 vestis
893 3243 950 3295 hec
982 3259 1096 3307 crassa,
1156 3287 1159 3294 i

44 3337 181 3377 structura
210 3323 319 3395 relique
342 3327 471 3378 orationis
501 3347 547 3381 re·
596 3325 705 3387 Xieire,
730 3327 813 3396 ipsius
836 3323 947 3374 Didonis
970 3323 1098 3376 manibus

45 3405 113 3456 licta
135 3415 272 3456 externam
295 3406 333 3456 rei
360 3405 402 3456 vel
432 3405 547 3460 hominis
596 3419 674 3462 texta.
699 3407 734 3457 ci.
756 3404 853 3456 similet
870 3405 944 3456 locos
970 3405 1018 3456 ini.
1040 3405 1077 3456 XI
1084 3443 1095 3471 ,

46 3485 166 3554 epeciem
182 3483 303 3536 sensibus
318 3485 429 3553 objiciet
450 3499 545 3556 poeta;
597 3489 645 3559 73,
657 3499 683 3538 et
695 3487 746 3552 lll,
761 3488 820 3553 483.

46 3581 140 3614 verum
160 3561 271 3629 horiit,
292 3566 397 3636 quoties
418 3565 546 3638 idipsum
632 3567 692 3622 265.
720 3567 828 3618 invadit.
851 3565 977 3618 Habitum
996 3567 1099 3618 futurae

46 3645 101 3693 vim
112 3642 195 3696 babet
211 3644 247 3696 ad
265 3643 431 3718 augendum,
454 3647 548 3718 ampli·
597 3650 725 3700 orationis
740 3645 855 3698 ostendit
867 3647 936 3697 Serv.
949 3646 1042 3697 Malim
1054 3659 1098 3698 ta·

47 3721 183 3774 licendum
192 3725 234 3776 vel
251 3725 457 3780 illustrandum:
476 3747 549 3780 nune
597 3728 757 3799 mensimpl.
776 3746 826 3799 pro
840 3727 1097 3800 ayqtediturdictis,
1191 3754 1193 3758 >
1231 3723 1234 3732 “

48 3815 139 3855 autem
151 3821 231 3874 quan
240 3805 494 3878 vinheberepotest
504 3806 549 3858 hie
597 3809 757 3882 alloquitur,
765 3807 863 3861 habere
872 3803 981 3858 dictum.
992 3837 1025 3845 —
1033 3807 1095 3858 266.

49 3884 137 3948 ensis,
149 3883 549 3959 haecchlamys‚indesignando
598 3891 705 3942 uxorius
725 3907 785 3940 curn
805 3887 904 3940 dilectu
925 3887 1040 3949 dictum,
1059 3885 1097 3938 ad

48 3963 133 4016 AEneu
141 3977 273 4035 occupato
281 3968 308 4018 in
317 3967 549 4020 aedificanditedi·
598 3970 710 4025 Didonis
718 3967 1096 4034 arbitriumuot-sq-Versus

49 4036 117 4095 bue!
132 4045 208 4096 -Ut
218 4045 312 4102 saltem
332 4057 412 4120 utque
424 4048 546 4106 abesset!
597 4069 628 4104 ex
645 4049 721 4105 lliad.
739 4064 768 4111 a,
790 4063 849 4101 201.
874 4043 945 4097 claro
970 4041 1095 4114 Olympo.
