2742 4586
260 269 318 337 ιφ
608 245 866 331 excursus
888 248 919 312 x

258 371 402 426 exJunonis
414 367 481 420 odiis
494 368 520 418 in
533 367 578 419 illa
589 369 648 438 ipsa
660 382 765 421 terraer
777 370 854 434 urbe,
868 388 925 440 quae
932 367 986 421 deae
996 381 1134 442 tantopere
1144 392 1212 426 curae
1222 393 1273 428 cor·

257 455 341 524 dique,
351 462 422 514 erat,
440 448 621 518 impendente,
640 450 844 502 sollicitudinem
860 451 948 500 faciat.
962 449 1012 500 Sed
1023 465 1103 520 poete
1118 453 1197 504 aliam
1210 457 1274 506 uiam

257 545 296 584 est
313 536 451 602 ingressus.
465 531 503 580 Ne
516 532 608 580 AEneas
621 529 703 581 ullum
718 532 745 580 in
760 530 800 580 his
817 531 882 580 iocis
900 530 1045 598 periculum
1062 533 1155 597 adeat,
1170 535 1274 583 mittitur

256 611 401 661 Mercurius
414 606 447 656 ad
459 608 597 656 Poenorum
608 607 771 678 Didonisque
781 609 899 678 inprimis
910 610 1009 658 animos
1021 611 1141 679 placidos
1152 624 1179 661 et
1190 613 1274 680 propi·

255 692 306 742 tios
323 685 481 740 efficiendos.
500 686 559 752 Quo
578 687 664 750 facto,
677 705 735 738 cum
747 701 834 739 tamen
850 688 891 738 vel
908 690 945 738 sic
962 690 1050 740 Venus
1065 688 1192 753 haberet,
1208 687 1275 758 quod

255 769 365 819 Junonis
376 764 437 816 odia
447 778 472 815 et
481 767 533 816 iras
545 778 686 832 metueret,
698 767 834 838 Cupidinis
844 786 904 817 mox
913 767 959 818 iila
967 771 1049 819 utitur
1060 768 1118 838 (inf.
1132 770 1185 837 670
1195 769 1275 838 sqq.),

255 858 285 896 ut
291 845 401 899 Didonis
414 846 528 894 animum
538 861 626 896 amore
635 846 663 894 in
673 847 780 896 AEneam
790 845 947 912 inflammet,
960 864 1012 916 quo
1020 849 1105 896 minus
1113 847 1159 897 ilia
1171 848 1275 896 Junonis

256 924 346 992 aliquo
358 923 459 972 monitu
475 921 617 974 indiverso
633 924 743 974 consilia
754 925 866 996 impulsa
877 925 903 976 in
916 926 971 992 ejus
983 925 1126 993 pernicicm
1137 926 1276 992 conspiret.
1355 969 1356 974 ,

255 1004 357 1052 Interea
368 1001 452 1061 June,
464 999 526 1050 dum
537 999 577 1052 his
585 1003 640 1069 jam
654 1001 730 1051 malis
743 1001 818 1054 aliter
828 1004 930 1052 occurri
944 1020 996 1050 non
1008 1017 1085 1071 posse
1094 1002 1167 1052 videt
1179 1003 1217 1068 (v.
1228 1003 1277 1065 lv,

256 1097 290 1148 9⁰
302 1095 359 1148 sqq.
370 1080 398 1150 ),
412 1077 463 1128 hoc
480 1081 537 1146 ipso
551 1079 662 1130 Didonis
680 1093 705 1130 et
721 1082 807 1132 AEnere
825 1099 912 1132 aurore
930 1080 964 1131 ad
975 1081 1149 1132 ‘avertendum
1160 1079 1277 1131 abitalia

256 1161 363 1210 AEneam
380 1169 405 1208 et
415 1159 608 1227 intercipienda
626 1158 692 1208 adeo
704 1161 791 1210 Rom‘ae
803 1161 859 1210 fata
869 1163 907 1210 uti
915 1162 1061 1221 constituit;
1075 1160 1122 1212 sed
1132 1178 1185 1229 quo
1195 1161 1276 1210 minus

256 1237 301 1288 illa
313 1255 353 1288 res
368 1239 462 1302 exitum
474 1237 585 1302 habeat,
601 1239 718 1307 Jupiter,
743 1240 786 1288 cui
801 1240 916 1288 fatorum
928 1240 993 1289 ordo
1009 1231 1128 1311 inprimis
1141 1259 1210 1295 curae
1225 1256 1276 1294 esse

256 1315 346 1384 debet,
359 1313 452 1384 cavet(
463 1317 526 1368 ibid.
542 1335 565 1368 v.
578 1334 625 1368 222
640 1335 677 1386 sq.
689 1316 699 1386 )
711 1318 745 1367 cf.
759 1335 817 1388 sup.
830 1317 982 1370 Excurs.1*.

699 1494 837 1506 u—-n-——n

526 1618 882 1707 EXCURSUS
916 1620 1004 1706 XI.

467 1861 470 1872 ¹
501 1790 590 1855 Dido
603 1817 625 1856 a
638 1787 761 1858 Siclzcei
770 1789 883 1882 umbra
897 1791 1028 1856 monita.

290 1939 488 2026 1,353-359.
505 1953 565 2023 Ipse
580 1952 623 2003 sed
637 1952 664 2002 in
678 1952 773 2004 somnis
792 1943 925 2002 inhumati
945 1952 1015 2002 venit
1034 1949 1119 2023 imago
1142 1953 1261 2026 Conjuqie
1269 1987 1278 2019 ,

257 2059 301 2091 ora
318 2035 398 2088 modis
418 2030 537 2084 attollens
557 2029 660 2101 pallida
686 2031 772 2094 miris,
794 2029 906 2082 Crudelis
928 2049 986 2084 uras
1007 2031 1162 2102 traiectaque
1178 2045 1278 2102 pectora
1355 2083 1356 2102 ,

251 2119 325 2189 ferro
343 2110 479 2173 Nuduvit,
498 2125 645 2180 caecumque
657 2109 746 2159 domm
765 2107 846 2160 scelus
864 2127 939 2160 omne
961 2109 1067 2168 retexit;
1083 2111 1150 2159 Tum
1173 2111 1280 2162 celerare
1355 2127 1356 2162 t

252 2199 347 2268 fnqam
366 2191 506 2264 patriaque
525 2189 643 2240 excedere
666 2187 775 2252 suadet,
796 2187 986 2260 Auxiliumque
1011 2189 1059 2239 vioe
1080 2201 1173 2242 veteres
1192 2190 1281 2241 tellure
1355 2199 1356 2250 j

259 2274 367 2327 recludit
382 2271 538 2332 Thesauros,
560 2268 678 2339 iqnotum
703 2267 804 2338 arpenti
822 2268 923 2338 pondus
939 2279 965 2319 et
980 2269 1047 2318 auri.
1060 2269 1123 2334 Quae
1146 2268 1179 2321 de
1196 2273 1281 2321 mariti

256 2357 343 2425 specie
355 2370 403 2421 per
414 2367 533 2400 somnum
546 2347 636 2398 oblata
647 2359 804 2410 narrantur,
822 2365 837 2397 a
848 2347 995 2432 poetaiffp
1008 2348 1137 2400 adornata
1146 2348 1280 2415 sidentur,

216 2497 218 2501 ι
257 2453 306 2485 nec
322 2427 487 2481 incommode
498 2426 533 2478 nd
544 2428 646 2495 epicam
658 2428 767 2496 poesin,
787 2438 816 2476 ut
828 2425 955 2477 miraculo
970 2429 1084 2480 animum
1098 2441 1194 2479 teneat.
1206 2429 1281 2480 Forte

212 2509 215 2523 ‘
257 2524 358 2583 poetae,
372 2521 465 2577 praeter
480 2505 633 2569 historiam,
652 2505 763 2556 debetur
775 2507 853 2556 etiam
869 2506 935 2557 illud
948 2507 981 2558 ad
997 2510 1035 2560 rei
1056 2510 1220 2559 atrocitatem
1237 2509 1281 2560 ad·

255 2595 354 2661 jectum
370 2607 394 2636 v.
413 2587 463 2653 349
480 2595 540 2636 ante
551 2603 614 2635 aras.
636 2585 704 2636 Nam
716 2585 808 2656 vulgo,
830 2605 890 2636 cum
900 2600 1023 2638 venatum
1039 2589 1159 2654 exiisset,
1174 2607 1191 2639 a
1202 2590 1280 2639 fratre

257 2670 345 2721 uxoris
365 2665 466 2716 insidiis
488 2667 585 2735 petitus
610 2667 737 2716 interiisse
763 2665 876 2716 Siehaeus
900 2667 1032 2718 traditur:
1053 2667 1112 2718 vide
1134 2667 1281 2720 Cedrenum

258 2769 285 2820 p.
306 2749 354 2814 140
371 2750 399 2798 B.
417 2760 443 2799 et
461 2749 502 2797 Jo.
522 2744 646 2796 Malalam
662 2745 861 2816 Chronograph.
881 2765 908 2817 p.
928 2747 961 2799 68
974 2745 1016 2818 (p.
1038 2747 1087 2798 206
1101 2746 1142 2798 ed.
1160 2748 1280 2820 Oxou),

258 2833 304 2902 qui
320 2830 436 2882 Servium
451 2827 523 2880 adh.
541 2826 558 2877 l.
578 2827 732 2896 descripsit,
746 2826 805 2890 sed,
823 2840 853 2877 ut
870 2837 996 2898 apparet,
1017 2813 1099 2878 multo
1113 2829 1283 2898 integriorem

258 2928 337 2980 quarn
349 2907 453 2980 qualem
465 2925 534 2957 nunc
550 2906 685 2956 habemus.
705 2907 869 2959 ef.Eustath.
894 2909 928 2958 ad
946 2909 1052 2979 Dionys.
1072 2910 1170 2979 Perieg.
1184 2925 1208 2960 v.
1226 2908 1280 2976 195.
1355 2941 1356 2950 .

246 2989 323 3054 sed,
352 3002 381 3040 ut
407 3000 487 3058 poeta
509 2998 568 3038 ante
588 3003 645 3037 aras
670 2986 698 3036 id
724 2988 823 3037 iactum
843 2986 950 3054 mallet,
979 2990 1144 3040 occasionem
1167 2987 1284 3059 fingendi

226 3120 229 3125 ,
256 3069 373 3140 praebere
384 3069 469 3139 potuit
479 3067 544 3130 hoc,
558 3065 629 3134 quod
643 3067 751 3116 maritus
763 3066 873 3116 Didonis
888 3066 1035 3117 sacerdotio
1048 3066 1167 3117 Herculis
1177 3068 1282 3118 functus

258 3164 313 3199 esse
328 3157 488 3198 memoratur
506 3145 540 3194 ef.
564 3145 658 3193 Justin.
682 3145 783 3207 XVIII,
799 3145 826 3209 4.
839 3146 898 3196 Jam
910 3147 994 3196 somni
1010 3145 1094 3195 visum
1109 3157 1197 3214 potest
1218 3143 1283 3194 iliud

258 3226 364 3296 quidem
377 3227 414 3276 ita
425 3226 523 3293 accipi,
533 3235 561 3272 ut
573 3225 658 3291 ipsum
672 3225 774 3274 facinus
785 3227 937 3276 somniantis
951 3226 1128 3296 auimo'fuerit
1140 3224 1281 3292 objectum,

257 3311 294 3360 ita
314 3320 343 3358 ut
361 3305 407 3358 illa
427 3297 478 3376 ipsi
500 3303 564 3370 cardi
584 3306 727 3368 interesse,
752 3324 809 3356 eam
828 3305 883 3357 fieri
902 3297 1038 3370 cerneret,
1061 3307 1171 3374 poeticae
1195 3319 1282 3356 tamen

256 3387 353 3436 rationi
373 3386 455 3454 magis
478 3395 696 3448 consentaneum,
716 3376 760 3445 ut,
785 3402 840 3453 quae
858 3383 976 3435 aSichaei
996 3383 1090 3433 umbra
1112 3381 1200 3432 verbis
1223 3395 1282 3434 sunt

219 3494 221 3500 ·
257 3467 391 3535 exposita,
408 3477 533 3533 tanquam
556 3475 630 3534 gesta
650 3463 798 3526 nudentur,
815 3466 995 3523 enuntientur-3
1014 3474 1043 3513 ut
1060 3464 1087 3512 in
1107 3464 1178 3512 notis
1202 3479 1282 3532 expo-

257 3547 363 3596 suimus.
382 3542 503 3596 Similiter
519 3541 613 3595 umbra
629 3541 721 3592 Sichni
741 3561 800 3591 mox
815 3543 918 3594 abditos
934 3543 1071 3593 thesauros
1092 3541 1208 3604 indicat,
1230 3559 1281 3610 quo
1355 3547 1356 3564 ³

257 3624 317 3673 loco
335 3624 444 3673 renositi
461 3623 526 3683 sint,
538 3633 567 3670 ut
579 3621 681 3670 itineris
703 3619 847 3670 subsidium
861 3640 890 3672 ac
908 3623 1033 3672 viaticum
1055 3619 1153 3670 Didoni
1172 3619 1281 3690 fugienti
1355 3665 1356 3668 ,

257 3704 309 3752 sint
340 3700 382 3751 Sio-
406 3701 525 3749 Hectoris
552 3697 646 3748 umbra
670 3697 716 3747 inf.
737 3698 773 3764 11,
795 3716 844 3768 297
865 3699 944 3769 essert
961 3717 1051 3764 sacra,
1072 3697 1210 3753 efferenda
1227 3714 1279 3748 esse

257 3792 331 3852 gestu
341 3771 476 3850 s'g'nificati
495 3777 622 3826 Thesauri
638 3777 747 3827 Didonis
765 3778 852 3832 adhue
864 3782 977 3833 Neronis
992 3793 1110 3849 tempore
1122 3777 1209 3829 lusum
1222 3795 1279 3828 ava·

257 3861 321 3912 ritiae
333 3860 420 3911 fecere
441 3873 465 3905 v.
482 3857 564 3906 Tacit.
578 3854 670 3908 dunel.
684 3857 758 3922 XVI,
770 3875 809 3927 pr.
