2690 4594
221 309 285 394 4η
472 311 507 374 P.
530 307 763 374 VIRGlLll
786 306 1018 372 MARONIS

175 464 178 473 =
221 434 264 499 Et
276 433 450 524 Phrygiam
459 433 598 498 Ascanio
611 429 834 522 chlamydem3
847 453 909 496 nec
921 429 1009 497 cedit
1020 429 1166 506 honori;

220 543 472 632 Textilibusque
485 557 600 607 onerat
612 539 722 620 donis,
735 563 773 606 ac
785 540 860 604 talia
872 540 1003 604 faturz‘
1203 554 1204 563 ¹
1232 543 1276 602 485

221 648 347 738 Adcipe
360 665 393 713 et
404 647 490 728 haec,
502 671 663 714 manuum
674 647 735 712 tihi
747 669 821 736 quae
833 660 1048 710 monumenta
1060 664 1220 707 mearum

221 756 306 834 Sint,
319 779 417 843 puer,
431 772 464 819 et
476 755 613 844 longum
621 751 864 818 Andromachae
876 768 1039 816 testentur
1049 771 1222 827 amorem,

222 860 380 950 Conjugis
394 863 577 927 Hectoreae.
591 862 679 950 Cape
692 857 780 926 dona
791 873 937 923 extrema
948 873 1100 936 tuorum,

222 1039 292 1084 etiam
301 1035 326 1082 h.
338 1034 457 1094 1.-484.
467 1033 569 1084 Ausonio
578 1037 648 1084 Goth.
658 1049 710 1084 tert.
724 1053 737 1083 a
748 1053 784 1100 pr.
796 1053 827 1082 m.
841 1034 975 1102 chlamyden
986 1033 1046 1080 alter
1054 1030 1159 1078 Mentel.
1169 1045 1212 1076 nec
1221 1030 1274 1076 sedit

222 1108 319 1156 honore:
331 1112 364 1156 sic
375 1111 475 1156 Scaurus
486 1110 579 1173 legebat
594 1109 657 1173 apud
670 1111 788 1166 Serrium,
804 1111 852 1156 sive
867 1112 888 1154 is
899 1112 1010 1154 intereos
1021 1107 1082 1160 luit,
1098 1107 1143 1167 qui
1156 1102 1274 1150 AEneidem

221 1193 402 1236 recensuerunt,
413 1185 461 1229 sive
477 1183 538 1228 hanc
553 1194 664 1244 tanquam
678 1184 840 1244 grammaticus
855 1179 1042 1227 emendationem
1056 1179 1194 1240 proposuit.
1207 1175 1274 1220 Venit

221 1267 249 1296 ea
263 1251 333 1296 lectio
344 1253 369 1296 in
384 1252 529 1307 Cadianum,
545 1253 642 1314 probata
657 1253 753 1298 Heinsio
766 1251 871 1314 mihique
883 1266 932 1296 non
946 1253 1024 1296 minus
1035 1265 1081 1311 pro
1092 1263 1149 1295 vera
1161 1245 1272 1292 hahetur:

221 1323 269 1367 sive
279 1332 305 1365 ut
316 1322 349 1366 sic
358 1323 472 1383 accipias:
484 1337 524 1368 nec
533 1323 592 1367 cedit
601 1320 682 1368 honore
691 1337 723 1368 ac.
733 1322 871 1377 verborum,
883 1321 913 1367 ad
922 1321 1030 1383 conjugis
1039 1316 1178 1379 exemplum
1187 1332 1210 1361 v.
1222 1312 1273 1375 474.

222 1391 295 1450 Quem
304 1389 383 1438 Phoebi
391 1396 499 1458 interpres
508 1392 578 1440 molto
589 1392 708 1457 compellat
716 1392 797 1440 honore
803 1412 813 1448 ,·
828 1396 875 1440 sive
887 1406 914 1439 ut
925 1408 979 1440 cum
988 1393 1089 1445 Scauro,
1102 1391 1147 1452 qui
1156 1390 1189 1433 ita
1202 1383 1274 1447 expli·

222 1463 302 1509 rabat:
316 1479 365 1509 non
376 1464 439 1511 cedit
448 1465 538 1512 Heleno
550 1465 690 1512 liberalitate
702 1477 725 1512 et
734 1465 902 1512 munificientia.
919 1463 949 1510 ci.
961 1465 1077 1525 Pompon.
1088 1461 1144 1507 sah.
1157 1461 1273 1505 Heuman-

221 1549 266 1580 nus
276 1533 332 1580 olim
344 1547 418 1582 totum
429 1536 601 1584 hemistichium
614 1536 728 1583 abalienat
737 1553 808 1583 manu
817 1551 867 1583 esse
879 1536 991 1598 putabat;
1006 1547 1030 1580 et
1038 1532 1186 1580 scandet-ant
1194 1530 1219 1575 id
1228 1532 1273 1591 jam
1335 1531 1336 1540 ¹

222 1604 262 1652 alii
274 1617 327 1651 ante
342 1606 456 1663 Cerdam3
473 1623 517 1653 nec
533 1609 587 1670 ipse,
599 1607 628 1653 ab
640 1609 669 1653 iis
680 1609 807 1664 dissentio;
823 1607 893 1654 rideo
905 1608 974 1653 etiam
989 1605 1137 1652 Bruuehium
1150 1600 1274 1654 accedere;
1335 1639 1336 1666 3

222 1677 300 1738 potuit
315 1692 410 1740 quoque
424 1689 486 1724 totus
502 1678 567 1724 locus
583 1690 678 1740 apoeta
693 1679 790 1725 affectus
806 1689 911 1733 tantum,
928 1692 976 1722 non
992 1689 1071 1722 autem
1086 1675 1153 1719 curis
1168 1669 1274 1717 secundis
1335 1667 1336 1702 l

223 1744 355 1792 elaboratus
366 1762 414 1793 esse
421 1763 426 1793 ε
434 1749 642 1810 apposueratforte
649 1749 697 1794 duo
707 1747 853 1799 hemistichia
860 1765 866 1803 ;
874 1759 1012 1810 poteratque
1022 1761 1104 1792 versus
1111 1746 1146 1789 sic
1156 1751 1273 1788 constare:

221 1817 254 1861 Et
264 1815 384 1881 Phryqiam
397 1819 496 1865 Ascanio
510 1829 605 1873 vestem;
618 1829 665 1865 tum
680 1818 734 1864 talia
742 1820 820 1884 famr.
836 1821 863 1864 ln
879 1818 977 1865 Mentel.
989 1835 1025 1880 pr.
1036 1828 1105 1863 erant
1115 1826 1210 1860 tantum
1221 1810 1274 1857 illa:

222 1901 264 1931 nee
279 1887 344 1932 cedit.
361 1889 388 1933 ln
401 1906 427 1934 re
443 1902 490 1935 tam
503 1893 592 1936 incerta
604 1903 696 1952 praestat
711 1889 747 1934 nil
760 1905 862 1936 movere.
871 1915 904 1926 -
914 1887 967 1944 485.
983 1885 1104 1933 Testilibas
1116 1887 1144 1931 in
1155 1876 1274 1928 nonnullis

223 1959 343 2019 scriptum.
353 1975 397 2028 que
409 1961 474 2007 deest
486 1962 560 2007 Graer.
572 1987 603 1996 -
614 1960 668 2024 487.
681 1960 848 2006 Andromacha>
856 1961 935 2006 Heins.
948 1977 961 2005 e
971 1959 1063 2020 scriptis
1074 1970 1099 2004 et
1112 1954 1273 2018 grammaticis.

222 2029 256 2072 Eo
266 2025 374 2075 alludunt
386 2031 472 2079 Medic.
486 2031 575 2078 etalii:
592 2031 757 2077 Andromache.
776 2030 853 2092 Vulgo
865 2027 1043 2076 Andromaches.
1058 2023 1132 2072 wall.
1147 2023 1275 2070 Androma-

222 2096 286 2143 chen.
296 2100 349 2148 Dua
360 2103 439 2150 Burro.
451 2111 569 2160 testantur,
578 2115 625 2150 tres
637 2102 677 2149 alii
689 2102 794 2150 honorem
803 2101 901 2164 proclivi
913 2100 988 2164 lapsu.

222 2249 296 2320 picto
324 2268 405 2320 opere
436 2255 567 2326 accipias,
599 2254 722 2306 dubitare

223 2329 318 2398 possis.
338 2332 407 2383 Nam
426 2346 540 2404 utroque
553 2334 633 2386 modo
649 2334 723 2405 picta

224 2408 297 2460 vestis
311 2408 422 2473 dicitur;
435 2413 570 2466 interdum
582 2413 650 2465 adeo
661 2415 723 2464 sim·

223 2485 330 2556 pliciter
340 2509 396 2559 pro
411 2490 537 2545 distincta
548 2493 684 2544 coloribus
696 2503 723 2542 et

223 2568 367 2636 variegata.
378 2569 405 2620 Si
418 2569 451 2621 de
461 2571 545 2622 textili
556 2591 636 2642 opere
650 2573 722 2623 acci-

223 2646 265 2713 pis
275 2667 280 2692 :
293 2646 425 2700 subtemen
433 2667 544 2700 aureum
551 2651 659 2721 proprie
668 2650 723 2700 dic·

224 2734 280 2774 tum
293 2737 346 2786 est3
361 2738 387 2777 et
407 2726 526 2800 Phrygia
542 2726 660 2798 chlamys
672 2746 722 2779 acu

221 2804 308 2871 pictam
323 2816 399 2858 vestes
408 2819 580 2859 autemerunt
590 2808 721 2878 stragulae.

223 2883 268 2936 Sin
289 2885 372 2955 pictas
392 2905 459 2953 acu,
485 2888 586 2940 scilicet
609 2888 723 2960 Phrygio

224 2983 320 3036 opere,
332 2980 418 3019 vestes
430 2969 551 3039 accipere
565 2971 661 3020 mavis:
673 2971 723 3020 erit

223 3046 251 3096 in
259 3045 311 3096 illis
322 3047 385 3118 ipsis
393 3047 512 3120 Phrypia
520 3046 638 3118 chlamys
643 3070 652 3108 ,·
662 3049 722 3100 suh·

226 3133 309 3176 temen
327 3138 415 3178 autem
432 3127 588 3198 simpliciter
598 3145 649 3196 pro
661 3125 722 3195 filo;

169 3277 171 3282 Ι
224 3217 251 3256 et
269 3205 369 3258 textilia
381 3208 450 3259 dona
464 3207 475 3278 (
487 3227 518 3260 ex
530 3210 672 3260 Homerico
686 3209 724 3258 ia-

223 3285 292 3336 &irni
303 3285 329 3333 θ’
346 3283 467 3357 iocaris)
485 3306 547 3338 mox
566 3287 598 3338 ab
619 3287 660 3340 his
680 3287 722 3339 di-

210 3365 300 3416 ‘versa
312 3378 381 3416 sunt.
395 3398 428 3405 —
442 3368 501 3434 484
523 3385 570 3420 nec
589 3369 657 3419 cedit
676 3367 723 3419 ho-

222 3445 298 3508 nori,
312 3448 334 3496 si
346 3445 450 3498 Servius
464 3449 578 3519 explicat
591 3459 664 3500 tanta
678 3449 723 3498 dat

225 3541 335 3574 munera
343 3563 351 3589 ‚
365 3538 464 3598 quanta
476 3529 625 3578 merehatur
641 3527 722 3578 Asca-

225 3603 298 3653 nius:
313 3603 360 3656 hoc
372 3607 443 3657 enim
457 3618 494 3659 est
503 3606 600 3658 honori
610 3626 664 3657 non
678 3627 722 3658 ce-

224 3680 302 3746 dere,
313 3700 404 3752 parem
414 3704 464 3738 esse
475 3686 574 3736 meritis
589 3685 722 3755 occipien-

225 3761 271 3819 tis‚·
283 3763 369 3814 minus
389 3764 485 3816 durum
505 3768 571 3816 erit:
590 3783 644 3815 non
655 3765 724 3817 aedit

227 3840 321 3892 honori
333 3861 369 3894 sc.
389 3863 544 3908 munerum,
561 3862 613 3913 quo
630 3863 723 3913 prose-

227 3933 324 3988 quutus
338 3935 394 3973 erat
403 3923 519 3974 Helenus
532 3921 679 3984 Anchisem
692 3936 722 3974 ut

226 3999 411 4055 Andromache
423 4003 565 4055 Ascanium
577 4021 648 4055 nuno
666 4021 722 4056 non

770 2254 859 2316 minus
874 2249 1022 2304 honorifice
1041 2246 1199 2300 muneribus
1216 2242 1276 2294 hos-

771 2333 899 2402 pitalibus
920 2331 1064 2402 impertiat.
1087 2327 1176 2378 Possis
1195 2324 1277 2376 etiam
1335 2379 1336 2388 ἦ

772 2413 908 2464 verborum
928 2411 1053 2463 honorem
1070 2407 1125 2460 huc
1143 2406 1277 2458 advocare

772 2511 804 2545 cx
815 2511 840 2543 v.
856 2492 920 2562 474;
934 2504 1075 2544 esttamen
1093 2488 1147 2539 hoc
1169 2485 1276 2555 longius

771 2574 893 2647 petitum.
912 2571 963 2624 Sed
978 2591 1002 2621 v.
1016 2571 1088 2622 Lect.
1105 2587 1162 2620 rar.
1175 2568 1275 2618 Locum

772 2665 833 2705 ante
846 2651 938 2702 oculos
949 2651 1046 2702 habuit
1055 2661 1082 2702 et
1093 2665 1196 2718 magna
1206 2647 1278 2716 inge·

771 2733 809 2783 nii
832 2730 934 2781 luxurie
959 2730 1080 2780 oneravit
1103 2729 1131 2778 in
1156 2724 1276 2776 discessu

771 2811 859 2862 AEneae
879 2810 912 2861 ab
932 2809 1001 2860 Anio
1018 2805 1098 2859 Ovid.
1113 2806 1179 2856 Met.
1197 2803 1276 2868 XIII,
1335 2845 1336 2870 ζ

772 2891 825 2943 680
838 2883 876 2960 sq.

808 2971 964 3039 486-491.
984 2967 1175 3019 Reminiscitur
1194 2975 1223 3016 et
1233 2962 1276 3016 hic

771 3064 857 3102 mater
882 3049 1032 3110 dulcissimi
1062 3048 1155 3118 pueri,
1192 3046 1277 3096 atroci

772 3143 856 3182 morte
867 3131 918 3180 sibi
931 3131 1025 3200 erepti.
1034 3129 1122 3184 Locus
1130 3129 1202 3178 inter
1212 3143 1278 3196 pau·

773 3229 818 3264 cos
831 3210 978 3264 dulcissimi
989 3211 1119 3272 affectus,
1130 3209 1213 3259 etiam
1221 3224 1277 3257 sen·

771 3291 914 3343 tertiarum
939 3307 970 3340 ac
989 3289 1136 3339 verborum
1159 3287 1277 3350 dilectu,

771 3373 893 3442 inprimis
916 3369 1043 3438 adjuncta
1062 3368 1276 3431 declarantium,

771 3451 893 3516 etmulto
906 3450 989 3520 magis
1002 3450 1025 3498 si
1034 3450 1157 3519 parentis
1171 3465 1276 3500 sensum

771 3543 798 3582 et
810 3531 938 3587 affectum
947 3527 1058 3579 habeas.
1076 3545 1208 3577 manuum
1220 3545 1277 3576 mo-

771 3619 898 3660 numenta
909 3623 1044 3670 mearam,
1056 3623 1119 3656 cum
1129 3603 1277 3676 dignitate,

770 3708 821 3760 pro
848 3707 976 3740 manuum
996 3705 1120 3737 mearum
1144 3705 1227 3756 opere
1247 3705 1277 3738 ex

770 3769 821 3820 Od.
837 3789 860 3827 a,
875 3769 923 3820 126
933 3761 1104 3831 Mirifi‘Enirnr
1112 3765 1204 3834 χειροῖν·
1215 3778 1276 3830 eto,

772 3850 817 3920 qui
838 3848 913 3899 locus
931 3845 1051 3918 virgilio,
1069 3846 1274 3898 obversabatur.

770 3959 806 3968 -
816 3929 875 3996 488.
885 3929 954 3980 dona
964 3939 1081 3979 extrema
1088 3937 1204 3980 ,tuarum
1209 3966 1219 3993 ‚
1232 3945 1276 3998 po·
1292 3981 1295 3988 Ι

743 4051 745 4056 .
770 4007 905 4080 pulariutn
935 4019 962 4060 et
994 4008 1154 4060 amicorum.
1186 4025 1274 4078 super,

997 4221 1008 4252 l
