2742 4586
332 325 567 390 nunrnos
591 327 745 390 niusa
769 329 817 392 11.
1031 331 1093 415 245

44 445 148 516 Tunc⁴
159 452 260 516 etiarn
272 451 346 514 fatis
358 451 464 538 aperit
476 449 655 516 Cassandra
667 452 787 516 futuris

45 557 128 636 Ora,
144 557 201 622 dei
209 557 304 647 jussu
316 579 384 622 uon
397 580 544 646 unquam
556 555 680 622 credita
691 559 840 623 Teucris.

47 666 116 728 Nos
130 663 271 728 delubra
284 663 384 728 deum
397 664 522 744 miseri,
537 663 657 752 quibus
670 665 805 729 ultimus
818 682 903 730 esset

49 769 110 832 llle
124 769 211 848 dies,
226 771 310 834 festa
321 771 469 834 velamus
481 768 601 834 fronde
613 792 674 860 per
685 769 812 868 UPQ·

49 876 202 940 Vertitur
213 876 338 940 interea
350 877 481 956 caelum,
497 877 607 941 struit
620 899 744 941 occano
757 875 843 955 Nox,

49 982 230 1046 Involvens
243 981 360 1046 umbra
371 1005 502 1071 magna,
516 1000 719 1072 terramque,
734 982 930 1071 polumque,

48 1085 370 1175 Myrmidonumque
383 1085 477 1151 dolos
490 1110 496 1149 :
510 1089 576 1152 fusi
588 1111 648 1177 per
659 1089 781 1153 moenia
792 1089 914 1154 Teucri

50 1193 269 1272 Conticuere3
282 1215 383 1280 sopor
395 1195 499 1258 fessos
511 1195 743 1283 complectitur
754 1210 854 1260 artus.

95 1299 138 1360 Et
146 1297 218 1388 jam
231 1299 350 1386 Argiva
361 1299 504 1388 phalanx
516 1301 683 1366 instructis
695 1301 834 1366 navibus
847 1299 915 1365 ibat

50 1403 370 1485 ATened0‚tacitae
383 1429 445 1494 per
456 1407 561 1470 amica
573 1408 703 1472 silentia
714 1406 816 1486 lunas,
1060 1421 1103 1468 255

81 1599 136 1658 247.
151 1597 216 1644 Male
230 1598 259 1644 ab
271 1597 322 1644 aliis
334 1599 363 1644 ad
374 1613 450 1646 antec.
469 1618 481 1646 r
544 1604 552 1646 i
570 1601 608 1646 dci
619 1605 699 1664 jussu,
720 1612 801 1646 mouet
812 1601 891 1644 Bur-m.
905 1604 971 1662 jusso
984 1600 1106 1664 Oblongus

48 1669 180 1714 Pierianus.
189 1693 221 1702 -
229 1667 280 1728 249.
290 1683 332 1729 per
343 1668 409 1715 urbes
419 1670 478 1716 alter
564 1697 605 1715 .-
612 1671 664 1717 253.
672 1669 815 1733 amplectitur
823 1681 870 1716 tres
881 1684 918 1731 ap.
926 1671 1004 1716 Burin.
1012 1697 1044 1707 -
1052 1672 1105 1729 254.

48 1740 142 1801 Atjttm
153 1755 200 1784 sec.
213 1739 298 1784 Mores.
304 1739 404 1802 firlanx,
420 1739 530 1805 phalam,
549 1741 609 1788 male
620 1745 645 1786 iu
658 1741 723 1788 libris
735 1758 741 1787 :
754 1741 816 1787 dant
826 1740 917 1804 aliquot
928 1741 992 1804 apud
1002 1743 1107 1790 Pierium

46 1827 106 1856 cum
117 1811 225 1866 Donato,
240 1821 264 1854 et
274 1811 359 1872 probat
370 1814 487 1860 Heinsius.
499 1838 531 1848 -·
544 1815 595 1860 255.
610 1815 675 1859 tacite
688 1813 737 1858 duo
750 1811 820 1858 Geth.

86 1972 151 2039 246.
170 1971 286 2041 247.1)ο
304 1973 457 2028 Cassandra
476 1989 555 2041 vate,
606 1973 697 2040 dolos,
717 1991 798 2045 quam
818 1974 955 2046 ingeniose
975 1955 1109 2043 adiectum

48 2055 95 2104 cui
107 2071 144 2104 ne
161 2071 234 2105 nunc
246 2053 355 2124 quidem
365 2054 510 2122 crediturn',
531 2070 558 2108 et
607 2067 634 2108 et
647 2073 709 2106 vere
728 2057 837 2105 tamen!
855 2071 905 2124 per
922 2052 1019 2104 maenia
1036 2071 1108 2106 nunc

46 2130 118 2182 fides
142 2130 257 2196 habita,
282 2135 417 2204 copiosius
441 2135 557 2202 Quintus
608 2147 648 2186 est
670 2153 719 2205 per
743 2133 837 2184 urbem
868 2132 982 2202 dispersi
1004 2154 1010 2182 :
1033 2151 1110 2204 sopor

48 2211 110 2263 Cal.
130 2211 197 2276 Xll,
218 2210 270 2264 516
290 2231 348 2284 sqq.
368 2214 514 2288 Tryphiod.
532 2235 557 2267 v.
603 2213 684 2284 fessos
718 2208 902 2282 complectitur
932 2221 1011 2262 artus.
1047 2213 1110 2262 Non

47 2292 104 2357 346
115 2309 177 2361 sqq.
187 2292 281 2344 Tzetza
292 2293 456 2346 Posthomer.
466 2315 492 2365 p.
511 2296 558 2349 168
609 2304 729 2344 moratur
740 2303 820 2362 poeta
833 2291 861 2340 in
877 2291 1110 2342 comissationibus

46 2374 78 2423 in
90 2372 160 2423 Tab.
174 2371 256 2424 Iliaca
268 2392 294 2423 n.
313 2391 362 2444 99,
380 2377 407 2426 in
423 2373 561 2446 qua'Pria·
610 2373 807 2444 rojanorum,
832 2387 898 2441 quas
918 2369 1031 2442 adtingit
1052 2384 1110 2422 tan-

46 2468 111 2501 mus
134 2468 194 2501 eam
215 2451 351 2512 retrahere
367 2452 472 2506 videtur
491 2478 496 2506 :
518 2443 567 2507 ἀεί’
609 2467 666 2506 turn
677 2473 702 2506 v.
718 2452 777 2506 265.
788 2452 823 2504 At
832 2451 893 2504 vide
904 2453 1018 2522 ineptias
1027 2453 1115 2520 Quin-

38 2534 146 2602 jussu,
171 2518 323 2600 Apollinis3
351 2535 426 2603 cujus
456 2553 559 2587 amores
609 2537 630 2585 ti
641 2533 698 2586 Gal.
712 2533 774 2584 Xlll
785 2551 827 2603 pr.

47 2611 98 2661 illa
121 2607 262 2660 eluserat:
283 2628 325 2662 res
349 2624 424 2663 nota.
447 2613 499 2665 Adi
517 2613 560 2666 rel
645 2613 705 2681 254.
729 2609 789 2666 255.
815 2609 940 2662 Phalanx
961 2609 1040 2664 docte
1060 2630 1112 2683 pro

47 2691 175 2743 Servium
188 2688 216 2740 h.
229 2690 247 2740 l.
264 2705 326 2742 tunc
347 2692 427 2743 etiam
443 2694 491 2745 int.
506 2713 557 2766 pro
610 2693 713 2754 classe;
734 2690 819 2742 tacitoe
837 2707 887 2762 per
905 2689 993 2740 amica
1007 2689 1113 2744 silentia

46 2772 231 2822 etiamtunc:
245 2769 441 2843 aliaslanguet
606 2772 689 2822 Lunoe
707 2781 802 2821 ornate
818 2786 868 2839 pro
888 2781 978 2819 noctu.
998 2767 1113 2820 Silentia

87 2849 151 2915 248.
168 2849 227 2918 249.
248 2847 342 2902 Velare
354 2853 493 2922 proprium
505 2852 557 2906 hac
606 2850 690 2902 noctis
705 2867 774 2919 saepe
796 2847 870 2918 apud
887 2859 998 2916 poetas;
1019 2847 1113 2899 eadem

48 2933 77 2982 in
87 2949 135 2990 re;
148 2930 294 2999 suspensis,
305 2946 386 3000 super
395 2931 557 3002 templorum
607 2929 708 2993 tacita,
734 2925 834 2990 silens,
865 2925 1004 2975 tacituma.
1033 2927 1112 2977 Nunc

48 3009 194 3082 postibus,
209 3011 315 3060 coronis
326 3028 357 3061 ac
372 3013 463 3077 sertis,
478 3015 559 3064 etiam
608 3005 734 3078 Virgilius
747 3002 853 3057 silentia
863 3001 898 3054 ad
910 3004 1015 3054 Lunam
1027 3015 1115 3056 trans·

48 3088 220 3154 frondibus,
248 3089 401 3160 infulisque.
430 3091 560 3143 Traduxit
609 3082 952 3154 tulit3quodmagisetiam
961 3083 1112 3152 poeticum

46 3171 111 3222 aliis
130 3169 199 3219 locis
217 3180 300 3239 pocta
322 3168 358 3220 ad
379 3169 561 3242 quodcunque
612 3182 749 3236 quumque
760 3160 953 3216 silentialunoe
961 3179 1011 3232 per
1022 3181 1050 3214 se
1060 3162 1114 3216 dici

47 3246 207 3301 coronandi
224 3266 323 3319 genus,
344 3251 422 3300 etiam
443 3251 562 3302 victima·
611 3256 683 3295 recte
695 3243 801 3313 possint
813 3259 862 3311 pro
875 3252 960 3306 nocte,
973 3243 1027 3294 sive
1040 3243 1115 3294 Luna

47 3337 128 3386 rum,
145 3318 191 3369 vel
203 3319 391 3385 sacerdotum,
409 3320 562 3391 supplicum
611 3323 728 3394 fulgeat,
740 3323 795 3373 sive
807 3321 904 3380 lateat;
925 3333 1006 3390 poeta
1024 3334 1114 3375 tamen

49 3417 182 3471 quoque,
190 3398 248 3451 sola
260 3417 370 3464 corona,
381 3399 423 3450 vel
433 3399 519 3450 infula
531 3417 562 3450 ac
611 3421 690 3455 versu
699 3401 761 3467 340,
770 3397 853 3452 oblati
861 3417 910 3470 per
920 3399 1025 3452 Lunam
1032 3439 1040 3466 ,
1051 3405 1115 3454 satis

49 3481 132 3529 vitta.
614 3481 765 3534 declarasse
777 3479 899 3546 videtur,
911 3497 939 3532 se
950 3478 1043 3532 lunam
1056 3499 1117 3534 cum

90 3555 147 3609 250
162 3583 197 3597 ···
212 3555 271 3608 253.
311 3557 429 3608 Vertitur
461 3554 563 3608 coelum.
614 3562 718 3612 ratione
730 3559 868 3630 posuisse,
884 3557 1013 3630 adoptata
1024 3579 1118 3614 eorum

49 3638 230 3690 Circumacto
245 3636 329 3702 coelo,
350 3636 409 3706 (ad
426 3636 567 3689 oculorum
617 3641 765 3710 opinione,
781 3640 827 3709 qui
845 3639 954 3710 Trojam
967 3641 1117 3712 plenilunio

49 3715 184 3770 fraudem
195 3715 299 3785 judicio
311 3717 402 3781 facto,
421 3719 498 3788 quasi
514 3717 566 3768 hoc
618 3720 733 3770 excisam
747 3716 932 3770 tradiderant:
950 3738 974 3771 v.
993 3721 1084 3772 laudd.
1102 3741 1119 3773 a

51 3796 171 3868 singulis
191 3795 316 3847 noctibus
330 3795 396 3859 liat;
412 3815 436 3847 v.
456 3797 565 3848 Excurs.
616 3800 784 3861 Burmann0;
806 3801 927 3870 inprimis
947 3819 1011 3854 vero
1035 3803 1067 3852 V.
1093 3815 1120 3855 et

50 3880 76 3928 ll
85 3877 124 3929 ad
133 3875 209 3926 hunc
221 3873 346 3948 librum);
361 3876 423 3942 ruit,
437 3877 566 3950 exquisite
617 3878 705 3931 Schol.
718 3881 867 3952 Euripidae,
887 3883 988 3935 llecub.
1007 3885 1075 3956 9133
1093 3896 1120 3936 et

51 3975 107 4028 pro
123 3955 217 4014 venit,
233 3949 336 4027 surgit:
351 3957 443 4006 umbra
459 3975 566 4028 magna,
616 3962 722 4013 Patron.
744 3962 795 4030 89,
814 3961 856 4029 54.
875 3961 917 4017 55.
938 3965 1067 4019 Praeclare
1086 3964 1120 4017 de

51 4056 79 4088 v.
90 4033 130 4088 ad
137 4033 238 4108 Georg.
251 4036 285 4104 ll,
295 4034 356 4089 338.
367 4036 568 4102 Myrmidonum
616 4037 644 4092 h.
657 4041 676 4092 l.
696 4041 750 4114 egit
767 4042 855 4094 Burni.
875 4037 949 4095 Nihil
965 4044 1120 4116 expedierat

113 4143 140 4177 2.
