2718 4598
384 304 445 368 ΑΙ)
469 301 668 366 LIBRUM
690 304 739 366 II.
1015 307 1073 372 331

19 429 68 484 'eo
82 428 185 484 fabula
198 437 353 478 ornamenta
370 425 500 479 nonnulla
516 428 578 478 satis
597 426 735 490 recondita
752 437 842 478 narrat
861 425 895 479 ad
908 425 935 478 h.
952 426 970 476 l.
985 446 1009 477 v.
1029 443 1077 494 aot

31 511 163 573 Servius,
174 521 201 560 et
212 525 244 560 ex
255 525 288 558 eo
295 543 304 572 ,
322 518 402 577 puto,
415 518 540 578 corrupte
553 519 655 573 tamen,
671 509 798 577 Pompon.
811 505 871 560 sah.
884 507 1000 562 Omnino
1019 510 1080 578 qui-

33 589 100 639 dem
111 586 312 657 Euphorionem
321 585 427 636 fabulas
437 587 565 653 Trojanas
575 603 623 636 suo
635 603 708 637 more
718 598 844 637 tractasse
862 598 887 637 et
898 603 1036 652 narrasse,
1048 604 1081 639 ex

32 670 66 718 iis
88 679 183 737 patet,
202 684 259 736 quse
279 685 339 716 eum
355 664 389 716 de
400 665 532 732 Laodice,
544 667 640 718 Priami
662 665 730 729 lilia,
752 665 854 718 diverse
873 666 906 720 ab
925 668 1040 722 Homero
1055 677 1083 717 et

32 747 159 798 Leseheo
179 741 217 798 eir
235 743 305 798 attin
317 742 397 804 εἰκότι,
411 763 533 798 narrasse
549 748 692 800 Pausanias
709 745 800 815 prodit
815 747 861 800 lib.
874 747 915 811 X',
929 746 962 798 26
977 765 1004 816 p.
1019 745 1080 811 864,

32 827 129 876 Potuit
149 839 237 878 autern
258 825 291 878 de
303 826 456 876 Laocoonte
476 843 554 896 agere
570 824 740 895 Euphorion,
755 826 782 876 in
799 822 1022 895 opere(Moisrtie
1040 823 1083 874 vel

31 899 150 958 'Aram
160 907 315 975 inscriptum
327 903 399 974 erat)
410 923 463 974 quo
476 904 618 957 reconditae
628 917 655 958 et
666 905 785 958 obscurae
797 923 828 957 ex
840 917 896 956 tota
907 903 1022 956 fabulari
1031 901 1086 954 his-

33 986 110 1035 toria
122 984 221 1036 fabulae
231 1002 285 1036 non
297 1001 372 1035 secus
391 996 470 1052 atque
484 1003 500 1034 a
513 983 678 1036 Callimacho
691 987 718 1035 in
735 982 818 1040 eiricus
831 996 858 1036 et
869 982 1042 1053 Lycophrona
1055 985 1083 1033 in

33 1061 194 1114 Cassandra
207 1075 282 1114 erant
294 1064 426 1132 exposita.
437 1059 464 1112 ἰ.
478 1081 535 1133 sup.
550 1063 585 1114 ad
597 1064 650 1115 Ecl.
664 1066 715 1128 Vi,
729 1081 770 1131 72.
787 1064 816 1116 ln
829 1065 921 1134 quinto
934 1062 1019 1124 libro,
1037 1063 1084 1131 qui

34 1141 141 1193 Chilias
154 1144 297 1213 inscriptus
307 1154 378 1206 erat,
390 1144 480 1212 prisca
495 1141 621 1206 oracola',
632 1162 777 1212 eorumque
789 1156 911 1207 eventus,
924 1142 1068 1217 collegerat¹
1074 1179 1083 1206 ,

35 1221 163 1292 adeoque
176 1235 202 1274 et
214 1242 261 1286 ea,
275 1240 332 1293 quae
344 1222 489 1275 exscidium
499 1222 585 1292 Trojae
596 1236 801 1291 antecesserant,
814 1241 961 1274 memorare
974 1223 1085 1274 debuit:

33 1315 65 1352 ut
73 1308 134 1370 jam
144 1320 202 1372 sup.
213 1303 275 1354 Exc.
286 1303 298 1352 1
309 1303 439 1356 monitum
449 1315 498 1354 est.
841 1317 844 1323 '
1045 1307 1051 1318 ‘

71 1382 99 1430 N
101 1400 138 1430 on
154 1400 224 1436 vana
239 1381 301 1436 hinc
313 1383 430 1452 suspicio
443 1384 508 1433 oriri
519 1394 623 1452 potest,
635 1382 834 1452 Euphorionem
844 1384 923 1434 etiam
933 1381 1044 1451 Virgilio
1055 1383 1085 1431 in

35 1459 90 1512 hac
104 1461 200 1514 tabula
213 1474 273 1514 ante
288 1461 379 1514 oculos
391 1463 508 1530 positum
519 1462 610 1512 fuisse.
622 1462 705 1525 Nam,
718 1480 798 1531 quarn
810 1461 947 1532 magnifice
959 1460 1084 1531 Virgilius

37 1539 71 1589 de
88 1555 122 1590 eo
141 1552 223 1609 poeta
242 1543 367 1604 senserit,
385 1558 417 1592 ex
432 1540 533 1610 Egloge
551 1541 602 1603 Vl,
623 1558 654 1608 7²
675 1553 701 1590 et
716 1541 758 1608 X,
775 1539 808 1591 50
824 1539 994 1610 intelligitur3
1012 1539 1084 1589 unde

38 1621 123 1670 etiam
138 1620 265 1684 Quinctil.
283 1622 321 1684 X,
341 1637 369 1683 1,
388 1619 421 1671 56
433 1619 522 1685 Quid?
540 1618 738 1690 Euphorionem
752 1619 934 1670 transibimus?
944 1636 1021 1688 quem
1034 1616 1086 1668 nisi

34 1699 171 1772 probasset
185 1699 211 1751 V
211 1698 312 1769 irpilius
321 1737 329 1763 ,
348 1699 415 1752 idem
435 1715 573 1770 nunquam
589 1707 655 1749 certe
667 1696 831 1748 conditorum
846 1694 993 1748 Chalcidico
1012 1713 1086 1746 uenu

36 1779 191 1830 carminum
207 1779 313 1848 fecisset
334 1779 361 1830 in
380 1777 511 1830 Bucolicis
527 1778 694 1830 mentionem.
714 1780 748 1829 Et
771 1778 879 1830 omnino
900 1775 1086 1830 Alexandrinis

37 1859 128 1926 poetis
142 1858 262 1926 inprimis
275 1869 383 1928 operam
396 1857 500 1910 dedisse
511 1857 651 1928 Virgilium
660 1870 791 1919 nostrum,
802 1874 834 1908 ex
846 1858 930 1925 iisque
940 1857 1086 1926 profecisse

38 1940 65 1988 in
81 1937 206 1988 doctrina
215 1940 337 2008 poetica,
350 1956 404 2007 qua
414 1937 534 2001 excellit,
547 1937 711 2002 admirabili,
725 1950 750 1988 et
765 1939 792 1990 in
806 1936 974 2006 simplicitate
987 1937 1087 1986 oratio-

39 2020 81 2067 nis
95 2034 181 2086 pura,
196 2029 265 2068 tersa
276 2035 306 2068 ac
318 2017 418 2081 nitida,
431 2019 475 2067 cui
487 2016 642 2088 dignitatem
659 2029 749 2070 tamen
761 2029 788 2067 et
799 2017 970 2086 gravitatem,
984 2031 1037 2082 qua
1048 2012 1088 2064 illi

41 2107 153 2156 carent,
166 2113 197 2146 ex
207 2096 325 2168 Tragicis
334 2135 342 2162 ,
351 2108 472 2165 utsupra
483 2096 665 2165 exposuimus,
678 2096 788 2164 petitam
799 2092 895 2161 adjecit
904 2092 1085 2160 ,conjicimus
1165 2115 1178 2132 ι·

41 2175 122 2227 Certe
135 2191 167 2224 ex
179 2173 231 2226 illis
249 2176 335 2244 poetis
348 2186 405 2226 tota
418 2175 546 2244 Augustei
562 2173 651 2224 saculi
663 2173 794 2243 elegantia
806 2190 837 2226 ac
849 2173 920 2224 nitor
931 2169 1034 2222 ilusisse
1046 2171 1087 2220 vi-

41 2255 139 2319 detur,
153 2266 179 2305 et
190 2255 278 2306 Rome
295 2255 329 2306 ab
342 2254 549 2326 elegantioribus
561 2253 713 2314 hominibus
730 2251 921 2306 Alexandrinos
937 2248 997 2300 illos
1009 2251 1087 2301 unice

42 2337 181 2406 frequenti
194 2335 308 2388 lectione
325 2337 400 2386 tritos
420 2337 515 2398 fuisse,
533 2334 575 2386 vel
593 2353 624 2386 ex
641 2333 769 2386 Cicerone
786 2351 914 2402 apparere
926 2344 992 2402 puto
1008 2332 1086 2381 'susc⁴

43 2419 97 2484 Qu.
110 2417 163 2479 111,
179 2432 223 2484 19,
236 2416 282 2468 ubi
295 2417 409 2468 Ennium
420 2417 453 2466 ab
473 2414 512 2466 itis
529 2413 707 2485 Euphorionis
722 2413 869 2466 cantoribus
884 2410 929 2480 (h.
943 2431 966 2463 e.
980 2412 1028 2474 iis,
1041 2412 1087 2480 qui

44 2515 107 2547 eum
119 2494 161 2546 vel
173 2495 258 2546 latine
268 2494 423 2558 redderent,
436 2508 466 2548 ut
484 2493 622 2548 Cornelius
636 2493 742 2552 Gallus,
755 2492 797 2546 vel
816 2511 875 2545 eum
889 2491 1034 2545 imitatione
1046 2508 1089 2544 se-

45 2586 193 2645 querentur
205 2586 252 2626 aot
263 2575 370 2626 omnino
392 2573 469 2626 valde
486 2574 703 2644 frequentarent)
715 2573 849 2626 contemni
862 2574 910 2632 ait;
923 2571 1024 2624 seilicet
1035 2583 1088 2622 ter·

45 2658 146 2706 siorem
158 2665 184 2703 et
196 2654 332 2722 puriorem
343 2652 522 2723 Euphorionis
537 2655 685 2707 orationem
693 2651 851 2721 judicabant
860 2652 988 2703 Enniana.
1001 2651 1088 2701 Etiam

45 2734 185 2804 Tiberium
194 2730 324 2784 Cererem
336 2731 548 2802 Euphorionem,
560 2733 708 2796 Rhianum,
721 2745 747 2785 et
759 2730 930 2786 Parthenium
944 2729 1089 2782 admodum

46 2813 191 2884 probasse,
208 2825 278 2864 utet
294 2831 386 2864 eorum
398 2815 545 2868 imitatione
560 2815 679 2868 carmine
692 2819 777 2884 graina
794 2812 935 2876 scriberet,
948 2832 961 2863 e
980 2809 1089 2862 Sueton.

45 2893 107 2944 Tib.
126 2907 161 2960 70
173 2903 285 2942 constat.
302 2892 363 2944 Non
381 2893 461 2962 igitur
472 2895 529 2946 veri
546 2893 613 2948 adeo
626 2892 752 2947 dissimile
768 2892 853 2944 videri
869 2903 972 2961 potest,
986 2891 1011 2940 si
1031 2889 1089 2956 quis

46 2968 247 3040 Euphorionem
259 2987 276 3020 a
286 2970 397 3040 Virgilio
414 2971 441 3020 in
457 2970 509 3022 hac
525 2970 619 3024 fabula
630 2987 784 3040 expressum
803 2986 859 3022 esse
876 2979 996 3030 senseat,
1010 2984 1087 3027 cum,

47 3069 107 3122 quae
129 3067 145 3100 a
165 3049 255 3102 Servio
275 3067 307 3101 ex
329 3067 361 3100 eo
387 3063 648 3114 commemorentur,
669 3051 820 3121 Virgilianis
842 3051 898 3102 iere
919 3047 1086 3099 conveniant.

45 3130 122 3182 ldem
140 3129 168 3179 in
184 3127 278 3180 fabula
290 3126 322 3179 de
337 3126 450 3180 Coroebo
466 3140 558 3180 auctor
571 3128 683 3198 Virgilio
696 3131 778 3182 luisse
788 3126 957 3198 perhibetur:
975 3125 1023 3176 inf.
1036 3121 1087 3172 Ει-

47 3225 119 3260 curs.
139 3207 172 3258 X.
428 3230 432 3234 ·

82 3289 154 3338 Tota
172 3299 260 3337 tamen
278 3285 361 3350 ratio,
383 3303 436 3353 qua
456 3297 537 3354 poeta
554 3284 607 3340 hoc
626 3285 776 3356 episodinm
797 3287 936 3350 tractarit,
959 3286 1089 3356 tragicum

47 3369 139 3438 potius
150 3367 272 3436 spiritum
281 3365 482 3434 orationemque
493 3366 636 3420 affectibus
646 3385 752 3436 gravem
763 3379 789 3418 et
800 3380 921 3418 ornatam
930 3365 1043 3436 prodere
1054 3368 1091 3414 vi-

46 3447 136 3498 detur.
151 3444 250 3496 Debuit
261 3455 348 3497 autem
363 3444 390 3492 iri
403 3443 492 3494 multis
505 3445 639 3515 tragoediis
652 3445 742 3516 grans
754 3443 909 3512 latinisque,
922 3463 1033 3514 quarum
1046 3463 1090 3494 ar·

46 3535 176 3596 gumenta
188 3521 318 3574 excidium
328 3522 474 3590 Troianum
491 3526 666 3593 respicerent,
679 3523 734 3576 haec
756 3525 872 3576 narratio
886 3542 1033 3575 occurrere.
1046 3525 1089 3573 ln-

46 3603 143 3672 primis
154 3612 242 3652 tamen
254 3599 350 3653 nobilis
361 3601 424 3652 olim
437 3603 488 3654 fuit
501 3601 635 3674 Sophoclis
652 3602 794 3674 tragoedia,
807 3602 926 3656 Laocoon
942 3604 1088 3672 inscripta,

46 3704 60 3735 e
74 3699 132 3752 qua
143 3697 239 3748 versus¹
247 3681 349 3750 aliquot
359 3683 474 3736 servavit
484 3683 591 3754 Dionys.
605 3683 690 3738 Helie.
706 3684 734 3748 l,
746 3683 779 3749 48
792 3682 889 3754 (quem
902 3683 982 3752 vide)
996 3696 1021 3735 et
1035 3683 1088 3734 duo
1107 3727 1110 3732 .

46 3762 116 3814 alios
129 3760 324 3830 Harpocration
336 3763 364 3814 in
381 3761 476 3826 ripensis.
489 3762 527 3814 Ex
543 3762 636 3816 eadem
647 3781 704 3816 esse
721 3762 838 3822 videtur,
850 3779 905 3831 quo
921 3761 1040 3813 Eustath.
1054 3762 1090 3814 ad

46 3840 141 3911 odyss.
151 3859 180 3910 p.
197 3840 262 3910 1496
272 3841 288 3891 l.
303 3841 336 3894 36
349 3861 364 3894 a
376 3841 507 3914 Sophocle
517 3843 620 3913 Equum
630 3845 774 3914 Trojanum
783 3843 918 3914 eleganter
929 3839 1026 3894 ὕπουλον
1036 3841 1090 3892 dic-

49 3934 108 3972 tum
118 3933 256 3976 memorat.
269 3921 311 3974 An
329 3941 360 3976 ex
369 3923 415 3978 illa
426 3923 578 3995 Sophoclis,
591 3927 696 3990 neseio,
709 3925 756 3980 sed
767 3943 799 3980 ex
815 3925 905 3996 aliqua
916 3935 986 3976 certe
1005 3921 1090 3990 Greci
