2690 4594
146 345 150 354 ·
203 329 265 412 455
555 323 823 388 excursus
848 324 886 422 ¹¹.

202 452 299 506 estatis
313 451 410 502 exitum
427 447 484 499 hec
496 463 553 498 esse
572 445 726 510 referenda,
739 464 771 498 ex
786 444 828 497 his
840 457 928 516 patet:
947 445 1030 498 Ludis
1050 447 1127 518 apud
1143 447 1258 522 Erycem

202 532 286 584 altero
299 532 333 582 ab
343 529 496 582 escensione
508 527 551 578 die
563 525 573 596 (
585 529 623 591 Ἴ,
637 528 669 594 40
681 529 691 598 )
703 526 810 578 indictis
826 527 935 578 inferias
947 525 957 595 (
969 529 1006 592 V,
1019 528 1177 601 ela—103)
1198 529 1256 581 die-

203 629 255 682 que
273 627 346 662 nono
359 608 437 659 ludos
450 605 573 675 faciunt(
589 607 637 673 104
655 625 714 678 sqq.
729 609 755 678 ):
770 604 823 657 hoc
838 605 932 658 eodem
951 606 995 659 die
1015 608 1108 659 classis
1126 621 1253 660 cremata.

202 690 245 742 Ad
257 708 316 742 eam
328 687 498 740 reficiendam
517 700 543 740 et
561 705 658 738 novam
676 688 771 739 urbem
792 685 984 759 designandam
1001 706 1099 739 novem
1119 687 1179 740 dies
1200 687 1256 740 dati

202 787 228 820 v.
240 770 299 839 762.
313 770 435 820 Proximo
445 769 488 821 die
501 767 642 820 discedunt
655 786 678 819 v.
693 769 743 837 763
756 786 815 838 sqq.
1218 778 1223 788 '

238 847 304 915 Quae
315 860 423 919 poetam
435 847 616 918 impellerent,
630 860 659 898 ut
670 850 698 899 in
710 847 800 918 plures
811 865 895 900 annos
905 846 1070 918 dispesceret
1078 849 1170 900 AEneae
1183 865 1256 900 erro·
1331 863 1332 886 ³

203 943 262 990 res,
275 929 321 998 qui
333 928 481 980 secundum
492 926 701 979 historiae·fldem
718 927 801 979 altero
820 927 862 979 vel
875 929 953 979 tertio
973 945 1045 979 anno
1066 927 1185 979 absoluti
1198 929 1258 979 fue·

117 1004 119 1011 ’
204 1020 280 1072 runt,
293 1027 352 1060 meo
365 1009 545 1080 qualicunque
555 1009 657 1078 judicio
667 1008 792 1061 videntur
802 1011 884 1061 fuisse
894 1010 980 1080 plura.
996 1009 1114 1059 Primum
1128 1007 1256 1079 quidem,

206 1088 280 1160 quod
290 1091 417 1158 majorem
426 1091 492 1144 facit
502 1089 703 1142 admirationem
715 1102 741 1140 et
752 1089 908 1161 ipsumhoc,
919 1088 993 1159 quod
1002 1107 1057 1140 non
1070 1107 1126 1139 nno
1138 1089 1256 1140 alterove

206 1187 277 1220 anno
287 1169 334 1221 sed
345 1189 394 1241 per
406 1183 508 1240 septem
528 1187 611 1222 annos
627 1171 768 1222 continuos
786 1170 866 1223 heros
881 1172 977 1222 AEnens
994 1170 1057 1222 fatis
1074 1169 1194 1221 adversis
1206 1170 1257 1218 fnit

203 1249 333 1318 jactatum
346 1248 483 1300 aemulatus
495 1267 577 1320 porro
590 1261 630 1302 est
641 1261 723 1320 poeta
739 1267 842 1302 errores
859 1250 973 1321 Ulyssis;
987 1261 1014 1302 et
1025 1260 1135 1319 poterat
1147 1249 1257 1298 omnino
1331 1273 1332 1314 3

205 1328 335 1394 majorem
347 1345 435 1380 rerum
447 1347 612 1399 casuumque
626 1331 782 1380 varietatem
798 1331 868 1380 iutra
879 1328 932 1379 tale
951 1339 1057 1398 ternpus
1072 1345 1222 1397 congerere
1234 1337 1260 1376 et
1331 1333 1332 1366 ἲ

207 1404 354 1467 includere;
367 1407 452 1460 multa
463 1426 495 1460 ex
506 1407 620 1460 historia
630 1409 677 1460 πεῖν
686 1405 793 1468 Nineue,
807 1407 841 1460 de
853 1408 959 1459 casibus
970 1407 1148 1470 Achivorum,
1161 1407 1259 1456 seriore

207 1484 398 1538 nonnullorum
417 1487 445 1538 in
463 1489 578 1558 patriam
597 1487 702 1552 reditu,
721 1487 822 1539 infelici
842 1486 1049 1558 Agamemnonis
1072 1485 1146 1547 feto,
1168 1481 1261 1554 Pyrrhi

207 1562 280 1615 crede
292 1575 318 1614 et
330 1565 424 1618 Heleni
436 1586 518 1638 regno
531 1569 667 1638 Epirotico
677 1566 744 1636 (ΙΙΙ,
759 1566 809 1638 295
819 1567 911 1638 sqq),
921 1566 955 1618 de
968 1566 1082 1617 coloniis
1095 1563 1260 1615 Achivorum
1331 1565 1332 1626 j

207 1643 236 1696 in
248 1643 329 1695 ltaliae
342 1645 433 1710 litore,
447 1663 595 1699 memorare
608 1667 662 1698 non
677 1649 820 1718 potuisset,
834 1650 886 1699 nisi
898 1649 985 1699 AEneae
997 1663 1104 1698 errores
1116 1647 1145 1695 in
1159 1645 1262 1715 aliquot
1331 1669 1332 1698 ς

210 1740 293 1776 annos
310 1723 465 1796 dispertitus
478 1741 554 1780 esset.
568 1728 688 1780 Tandem
704 1727 756 1780 hoc
769 1729 827 1799 ipso
840 1729 948 1779 invento
961 1729 1032 1779 cavit
1044 1739 1143 1797 poeta,
1155 1743 1190 1776 ne
1207 1744 1261 1776 rem
1331 1717 1332 1738 ³

208 1821 305 1873 perum
324 1805 492 1874 probabilem
509 1825 619 1860 narrare
637 1807 786 1872 videretur,
810 1809 857 1877 qui
875 1809 976 1859 factum
995 1818 1079 1871 esset,
1103 1823 1160 1876 qno
1177 1805 1262 1855 minus
1331 1827 1332 1830 ¹

209 1881 321 1951 Trojaui
339 1885 376 1935 in'
386 1885 503 1938 Achivos
520 1885 758 1938 domumvreduces
777 1885 938 1950 inciderent,
959 1887 1006 1956 qui
1027 1897 1120 1948 tamen
1132 1896 1161 1936 et
1178 1884 1231 1953 ipsi
1248 1901 1263 1932 a

211 1962 292 2030 Troja
304 1964 435 2020 solventes
447 1967 589 2020 Threciam
600 1969 748 2037 petierant,
762 1980 820 2031 aut,
840 1986 873 2018 ne
885 1967 984 2039 Ulyssis
1004 1966 1121 2018 navibus
1142 1983 1264 2016 occurre·

211 2053 285 2105 rent,
298 2060 356 2114 quse
368 2058 457 2100 tamen
471 2046 567 2101 eodem
577 2048 659 2113 mari,
672 2045 767 2100 iisdem
783 2045 932 2113 erroribus,
945 2045 980 2099 ad
997 2045 1096 2102 eedem
1107 2046 1167 2099 fere
1186 2043 1263 2099 litora

210 2119 374 2180 terebantur.

665 2289 805 2307 *-

412 2382 415 2387 ’
490 2427 979 2522 exeussusrn.

640 2571 842 2695 Polydorus.¹

249 2761 302 2827 m,
320 2760 362 2830 49.
375 2759 416 2814 De
427 2758 560 2831 Polydoro
570 2764 689 2815 narratio
702 2763 738 2815 ab
755 2763 846 2834 aliquo
858 2757 952 2814 Nicaei
965 2762 1099 2831 scriptore
1112 2761 1267 2823 inventa,.1
1331 2753 1332 2760 ἵ

212 2841 332 2913 Tragieis
344 2843 395 2894 fuit
407 2855 515 2908 ornata,
527 2844 607 2896 variis
620 2842 729 2915 quidem
740 2843 844 2908 modis,
862 2855 893 2894 ut
907 2843 949 2894 vel
962 2860 993 2894 ex
1005 2841 1101 2894 Servio
1117 2843 1154 2894 ad
1169 2843 1197 2894 h.
1212 2840 1230 2892 l.
1242 2853 1268 2894 et
1331 2841 1332 2854 ¹

213 2921 317 2994 Hygino
330 2923 385 2975 fan.
403 2941 452 2995 ¹⁰9
461 2924 631 2997 intelligitur:
646 2943 762 2996 namque
775 2924 931 2976 adllionem
941 2941 1064 2975 sororem
1072 2923 1267 2996 Polymnestori

212 3005 329 3071 nuptam
335 3003 444 3056 missum
452 3023 512 3056 eum
523 3003 691 3056 educandum
700 3003 871 3065 illinarran13
882 3021 963 3074 porrn
975 3021 991 3054 a
1000 3021 1065 3074 rege
1077 3003 1177 3074 ignaro
1188 3000 1266 3053 lilium

214 3099 246 3134 ex
257 3082 341 3136 Ilione
354 3097 506 3156 susceptum
519 3086 601 3138 luisse
613 3098 738 3138 necatum
749 3103 799 3155 pro
811 3083 952 3157 Polydoro.
965 3101 990 3134 v.
1004 3083 1118 3134 Excurs.
1136 3083 1224 3134 xxiv
1236 3079 1268 3132 ad

212 3161 260 3216 lib.
275 3163 295 3214 l.
310 3165 442 3217 Homerus
451 3167 544 3236 utique
556 3165 646 3232 aliter,
659 3163 735 3236 apud
745 3183 825 3237 quem
836 3163 983 3236 Polydorus
996 3162 1032 3214 ab
1043 3161 1154 3215 Achille
1168 3161 1268 3214 occidi-

212 3251 257 3293 tur
268 3241 344 3294 Iliad.
355 3265 383 3311 c,
401 3245 456 3314 407
474 3263 532 3316 sqq.
552 3245 678 3317 Virgilius
698 3256 759 3298 ante
779 3243 872 3295 oculos
887 3243 986 3294 habuit·
1000 3241 1146 3294 Hecubam
1165 3240 1271 3310 Euripi·

214 3317 307 3386 deam,
319 3321 347 3374 in
355 3324 421 3394 ipsis
434 3322 502 3378 adeo
513 3323 615 3391 verbis,
628 3325 716 3378 statim
728 3342 745 3376 a
757 3323 900 3396 principio.
915 3323 950 3374 cl.
963 3321 1027 3373 Not.
1039 3319 1077 3375 ad
1085 3339 1112 3373 v.
1129 3338 1164 3374 aa
1177 3339 1217 3392 sq.

496 3585 986 3738 excursus1v‚

658 3801 713 3867 De
728 3801 824 3870 Delo.

248 3941 298 4008 111,
312 3941 432 4015 73-77.
454 3945 493 3998 De
504 3941 580 4001 Delo.
592 3942 742 4016 gratissima
754 3942 831 3998 tellio
846 3941 992 3996 Nereidum
1005 3941 1090 3992 matrs*
1100 3951 1130 3993 et
1144 3941 1273 4014 Neptuno

214 4023 315 4099 'AEyoeo-
328 4023 487 4100 Appellatur
496 4025 536 4078 ita
548 4041 604 4093 non
615 4024 785 4098 simpliciter,
797 4037 929 4098 quatenus
944 4022 1047 4088 insultu
1059 4025 1100 4078 ita
1112 4024 1189 4079 enim
1200 4023 1273 4077 locus
