2694 4574
5 261 7 360 J
88 279 1120 336 „mmmmmmmmmm

335 524 815 688 orsQursrrro
853 562 876 662 1

576 786 634 844 DE

209 951 457 1066 ulamma
482 971 638 1042 arico
663 973 994 1049 VIRGILIANO.
1096 1039 1097 1042 γ

5 1397 6 1406 ,
88 1317 159 1420 De
180 1353 329 1416 comune
352 1353 442 1436 epiro
470 1351 621 1414 universe
648 1351 752 1416 multa
772 1351 952 1441 disputare,
977 1375 1124 1428 cuntot

5 1461 7 1496 l
87 1455 264 1520 habeamus
290 1455 410 1534 libros,
433 1456 467 1518 in
490 1455 609 1542 quibus
630 1457 762 1543 copiose
790 1473 823 1522 et
842 1479 991 1526 accurate
1019 1463 1060 1528 de
1083 1489 1123 1530 eo

5 1595 6 1610 κ
86 1579 288 1650 praeceptum
301 1578 363 1640 est,
380 1577 501 1624 etcum
515 1560 611 1648 pauci
626 1559 705 1640 sint,
721 1562 840 1650 quibus
855 1566 1020 1654 expediat,
1038 1571 1123 1634 utin

87 1669 259 1756 praeceptis
285 1666 342 1731 diu
364 1665 585 1745 detineantur,
610 1667 726 1736 inutile
747 1691 817 1734 esse
839 1671 988 1740 arbitror.
1008 1676 1123 1764 Neque

5 1837 6 1840 ,
85 1773 182 1838 etiam
196 1774 271 1837 talis
291 1771 470 1860 disputatio
487 1772 587 1836 ullam
605 1770 648 1836 ad
668 1771 913 1840 adolescentum
927 1779 1052 1849 animos
1066 1780 1124 1846 ha-

5 1915 6 1966 3
85 1879 163 1948 bere
184 1895 298 1966 potest
316 1878 381 1941 vim
402 1875 459 1941 aut
479 1877 598 1944 afferre
620 1879 807 1959 utilitatem,
829 1882 891 1950 nisi
910 1907 978 1948 uno
990 1885 1058 1974 jam
1072 1887 1125 1950 vel

5 1981 6 2000 ¹
84 1985 188 2050 altero
209 1983 354 2063 carmine
374 1982 468 2070 epico
489 1983 638 2070 perlecto·
656 1981 841 2070 diligenter,
865 2004 897 2052 et
917 1988 1013 2056 docte
1031 2013 1123 2056 enar-

5 2139 6 2158 1
84 2109 172 2171 rato,
191 2114 235 2155 ne
254 2114 342 2156 nunc
361 2089 444 2154 illud
464 2111 634 2171 moneam,
653 2095 825 2177 praeceptis
844 2095 912 2158 istis
929 2113 962 2160 et
976 2097 1122 2183 disputa-

84 2197 235 2262 tionibus
254 2197 388 2260 omnino
409 2196 484 2282 plus
502 2195 649 2280 promitti
670 2217 770 2281 quam
787 2194 942 2283 praestari.
965 2200 1123 2288 Pleraque

86 2301 194 2378 enim,
217 2322 287 2387 quse
307 2298 483 2364 utilitatem
503 2297 641 2377 babent,
666 2297 742 2363 talia
762 2315 854 2378 sunt,
879 2317 915 2364 ut
931 2301 972 2364 ab
990 2303 1122 2390 ingenio

84 2404 285 2483 liberaliore,
294 2403 360 2466 ·ubi
374 2425 460 2467 unus
474 2403 527 2466 vel
539 2404 621 2467 alter
632 2420 730 2490 poeta
743 2405 906 2491 perlectus
921 2406 1032 2486 fuerit,
1053 2410 1123 2488 rel,
1229 2445 1232 2452 s

85 2512 219 2576 nemine
232 2525 403 2587 monente,
419 2508 514 2572 facila
528 2507 844 2588 animadvertentem
859 2511 949 2576 vanis
965 2529 1074 2576 autem
1090 2534 1122 2578 et

86 2617 238 2684 inanibus
257 2614 490 2681 subtilitatibus
508 2632 541 2680 et
560 2617 693 2702 argutiis
715 2633 790 2680 aetas
812 2617 866 2680 ill'a
885 2619 1002 2682 melius
1024 2636 1120 2684 earet.

5 2793 6 2796 ,
85 2725 172 2788 Tum
187 2722 323 2800 utilitas,
342 2743 441 2810 quarn
459 2736 626 2807 praestant,
646 2721 730 2787 intra
744 2719 907 2809 judicium
926 2722 967 2788 de
983 2725 1122 2790 aliorum

5 2823 6 2832 ’
85 2828 295 2915 ingeniorum
306 2827 527 2892 monumentis
538 2825 766 2913 qualecunque
779 2825 952 2890 Ferendum
962 2810 1121 2911 subsistit;

5 2965 6 3014 3
84 2949 122 2994 ut
134 2933 158 2994 ii
171 2955 266 3010 vero,
282 2932 339 3019 qui
353 2931 475 3018 ingenii
488 2931 538 2994 sui
552 2931 637 2998 vires
648 2931 711 3018 ipsi
726 2931 890 3020 experturi
904 2949 993 3011 sunt,
1008 2958 1046 2998 ex
1059 2937 1122 3001 illis

5 3081 6 3088 κ
81 3036 361 3125 preceptionibus
380 3036 491 3124 paullo
510 3036 583 3123 plus
599 3059 697 3124 quam
712 3059 750 3098 ex
763 3057 831 3098 uno
847 3036 900 3099 vel
914 3037 1015 3101 altero
1033 3039 1122 3104 bono

85 3143 237 3230 exemplo
251 3141 440 3229 proficiant,
460 3141 622 3227 expectari
636 3163 702 3208 non
714 3155 831 3227 potest.
847 3141 912 3204 Eos
926 3157 1049 3222 tamen,
1065 3147 1123 3231 qui

5 3257 6 3282 ³
83 3247 351 3314 adolescentibus
374 3262 487 3335 poetas
515 3247 785 3334 interpretantur,
811 3245 971 3312 librorum
991 3247 1124 3313 illorum

5 3417 6 3446 ,
83 3353 236 3420 doctrina
255 3353 400 3418 imbutos
420 3375 490 3418 esse
509 3352 608 3416 velim
626 3375 725 3440 quam
742 3352 899 3431 maxime;
920 3375 995 3417 nam
1009 3353 1052 3417 ita
1067 3353 1123 3418 de·

83 3483 194 3538 mum,
212 3458 270 3523 ubi
289 3459 351 3546 ipsi
369 3458 515 3522 virorum
534 3456 707 3521 doctorum
721 3454 1122 3543 disputationes‘accurate

82 3565 301 3652 cognoverint
317 3580 350 3626 et
372 3563 483 3628 animo
502 3579 650 3641 teneant,
670 3549 704 3628 in
726 3577 859 3648 promtu
879 3560 1062 3640 habebunt,
1087 3563 1122 3626 in

83 3671 221 3757 singulis
238 3668 336 3734 rebus
352 3684 384 3734 et
403 3670 524 3734 caussis
537 3690 672 3732 monere
687 3664 859 3732 commode
875 3682 908 3730 at
923 3675 999 3731 cum
1012 3669 1121 3734 fructu

5 3801 7 3870 p
85 3795 236 3840 enarrare
263 3797 320 3853 ea,
348 3797 421 3862 quae
446 3773 691 3839 adolescentum
716 3771 846 3860 ingenia
872 3771 1120 3860 alere-,judicia

5 3903 6 3906 ¹
82 3901 217 3960 acuere,
233 3879 402 3967 elegantiae
417 3895 450 3944 et
463 3878 590 3944 virtutis
607 3898 740 3944 sensum
753 3893 810 3942 aut
825 3875 981 3942 instillare
995 3893 1051 3943 aut
1069 3897 1122 3939 es-

922 3995 932 4029 1
938 4015 943 4027 .
