2718 4598
239 329 301 400 272
487 292 1032 379 nvmemnulaonls'

236 437 336 514 Exiit,
350 436 582 525 oppositasque
596 437 692 500 evicit
704 437 830 524 gurgite
843 436 963 517 molae,
1162 520 1165 526 Ι

236 547 354 608 Fertur
366 544 399 606 in
411 565 487 607 arva
500 543 612 606 furens
625 543 773 622 cumulo,
787 565 988 632 camposque
999 566 1061 630 per
1072 542 1182 608 omnis

237 653 320 714 Cum
332 649 466 715 stabulis
479 665 625 713 armenta
637 649 746 713 trahit.
760 648 837 713 Vidi
850 651 919 738 ipse
933 651 1098 715 furentem

236 755 333 822 Caede
346 756 614 843 Neoptolemum,
628 755 844 844 geminosque
857 757 891 819 in
904 756 1017 820 limine
1030 755 1172 823 Atridas.
1235 769 1282 818 508

171 941 173 946 Ι
234 863 311 928 Vidi
324 863 508 942 Hecubam,
522 879 723 952 centumque
736 885 853 942 nurus,
867 865 1101 954 Priamumque
1113 887 1176 952 per
1186 887 1260 929 aras

234 969 396 1057 Sanguine
410 967 602 1048 foedantem,
618 991 701 1058 quos
714 970 786 1058 ipse
798 986 992 1049 sacraverat,
1006 970 1101 1057 ignis.

135 1080 140 1092 ’
233 1075 476 1164 Quinquaginta
490 1075 537 1136 illi
550 1075 699 1155 thalami,
715 1098 789 1163 spes
802 1092 891 1140 tanta
904 1093 1078 1164 nepotum,

159 1167 161 1172 Ι
232 1183 404 1250 barbarico
416 1199 528 1270 postes
540 1205 620 1247 auro
634 1183 816 1274 spoliisque
828 1183 979 1271 superbi,
1125 1161 1127 1176 Ι

232 1289 452 1356 Procubuere.
466 1290 598 1352 Tenent
611 1290 811 1378 Danai,qua
824 1289 936 1354 deficit
948 1290 1042 1377 ignis·
1237 1305 1280 1352 sot

261 1475 316 1538 497.
325 1477 390 1538 eJ'ecit
400 1475 460 1519 Ven.
473 1475 547 1536 erupit
557 1473 660 1518 Macrob.
673 1473 703 1529 V,
716 1473 738 1518 5.
750 1472 819 1518 ualuit
827 1474 854 1518 de
863 1488 888 1538 q.
901 1473 1014 1519 Scheffer.
1026 1489 1054 1518 ex
1062 1489 1084 1518 v.
1097 1473 1152 1534 1599.
1167 1477 1277 1537 oppositos

231 1537 312 1594 evincit
326 1544 396 1590 Goth.
410 1555 464 1588 tert.
474 1541 568 1602 ⁴498.
581 1558 646 1588 orma
655 1542 703 1588 duo
714 1543 778 1606 apud
794 1544 872 1588 Burm.
892 1541 977 1588 tumulo
986 1542 1024 1588 ed.
1036 1543 1097 1588 Vcn.
1110 1568 1143 1579 -
1154 1541 1209 1604 [499.
1222 1549 1278 1606 rapit

230 1621 323 1677 Meuag-
333 1630 383 1677 pr.‚
393 1625 419 1658 ut
429 1625 452 1658 et
464 1612 520 1657 alibi
531 1625 679 1674 permutatur
688 1629 742 1658 cum
753 1612 828 1658 trabit.
840 1623 908 1677 parat
919 1613 1003 1659 llamb.¹
1016 1629 1062 1658 sec.
1073 1613 1213 1674 frenantem
1222 1615 1277 1659 Par-¹

231 1690 305 1744 rhea,
315 1686 381 1749 quod
389 1686 498 1748 praeleras
507 1684 647 1746 postfurens
658 1684 712 1744 498.
722 1711 752 1719 —
763 1686 816 1732 500.
829 1702 873 1749 que
885 1686 950 1731 abest
961 1687 1036 1748 Bigot.
1047 1685 1141 1730 Atrides
1150 1701 1187 1746 pr.
1196 1686 1275 1731 llamb·

216 1750 220 1756 .
231 1786 262 1796 -
275 1757 327 1806 503.
342 1757 369 1815 Q.
383 1759 444 1802 intus
455 1755 485 1801 th.
499 1755 568 1800 Goth.
579 1772 629 1817 pn,
639 1771 689 1800 non
697 1755 766 1802 male.
776 1772 827 1820 spes
837 1756 875 1801 illa
884 1757 965 1818 legunt
973 1755 1082 1802 nonnulli
1091 1752 1156 1817 apud
1165 1758 1277 1810 Pieriam,

231 1843 254 1875 et
266 1832 298 1874 eie
310 1827 367 1874 edit.
379 1828 444 1871 Junt.
455 1841 505 1889 spes
514 1835 600 1889 quanta
609 1841 670 1872 unus
680 1828 763 1881 Pierii,
774 1827 803 1872 ab
815 1827 991 1890 interpolatore.
1009 1824 1086 1888 ampla
1094 1825 1183 1872 Medic.
1194 1828 1262 1873 Pierii
1269 1840 1280 1881 ‚¹

231 1900 292 1946 oud.
305 1899 342 1945 ed.
353 1899 413 1943 Ven.
424 1914 476 1943 cum
489 1896 559 1942 Goth.
573 1913 619 1944 sec.
629 1894 676 1942 alta
688 1897 801 1945 Schelfer.
1098 1903 1099 1906 ’

230 2047 728 2120 liussuoquemore.Expendesingula.
777 2069 838 2100 rum
853 2048 929 2100 lliad.
950 2050 976 2116 ξ,
998 2047 1048 2114 ²⁴l3
1068 2059 1130 2098 sunt
1148 2047 1177 2097 in
1196 2045 1280 2098 domo'
1348 2077 1349 2088 .

225 2130 316 2200 fertur
331 2128 438 2180 cumulo
455 2147 525 2199 aqua
544 2128 686 2180 cumulata.
702 2148 727 2180 v.
778 2131 874 2182 Priami
885 2131 914 2180 L.
928 2127 1037 2194 θάλαμοι
1049 2125 1165 2178 filiorum
1182 2138 1209 2178 et
1220 2127 1278 2177 xit.-

230 2229 288 2281 sup.
310 2209 358 2262 105
376 2210 523 2282 insequitur
538 2207 645 2260 cumulo
662 2225 729 2280 pru-
777 2210 906 2262 filiarum:
920 2208 968 2260 sed
979 2215 1064 2280 poete
1076 2206 1217 2271 licuithaec
1229 2226 1277 2258 suo

230 2301 321 2361 ruptus
342 2306 417 2361 aquoe
439 2307 520 2340 mons.
535 2287 642 2360 -499.
667 2288 726 2339 500.
778 2309 851 2342 more
868 2289 1018 2360 perhibere.
1038 2286 1154 2338 thalami
1165 2288 1205 2346 illi
1218 2298 1278 2340 sunt

227 2369 273 2418 tat
290 2365 327 2419 air
348 2369 475 2436 φυτουργὸν
494 2365 642 2435 Πρίαμον-
651 2367 728 2418 saiada
776 2388 832 2441 spes
847 2380 988 2440 nepotum,
1007 2367 1034 2418 h.
1053 2384 1086 2418 ex
1101 2367 1133 2417 iis
1141 2395 1153 2432 ,v
1167 2370 1214 2438 qui
1232 2386 1277 2420 eos

228 2448 253 2496 θ’
263 2442 319 2499 iiior
326 2447 425 2511 iuuerit
435 2441 497 2498 nori
505 2445 681 2512 maoqa'yirr'
692 2445 726 2520 ἐφ’
776 2449 977 2513 inhabitabant,
988 2448 1128 2518 progenies
1136 2461 1202 2499 nata
1211 2459 1275 2500 erat.

228 2527 292 2595 iptio
304 2527 369 2594 πυρᾷ
379 2527 470 2596 Eurip.
485 2525 583 2577 Troad.
602 2527 650 2592 481
667 2544 726 2596 sqq.
775 2529 947 2581 Barbaricum
971 2545 1085 2591 aurum,
1105 2526 1133 2578 h.
1153 2547 1175 2579 e.
1197 2527 1277 2598 Phry-

229 2607 335 2658 -bot
349 2609 457 2657 Centum
476 2624 558 2658 nurus
576 2606 655 2658 latius
674 2607 729 2678 die·
775 2610 866 2680 glum,
886 2620 916 2658 ut
935 2625 1003 2678 saepe
1024 2618 1123 2678 poetae3
1146 2619 1174 2660 et
1196 2607 1275 2658 modo
1347 2631 1348 2655 1

229 2685 726 2756 tum,quinquagintaeuimerantfiliae‚
776 2687 892 2752 Ennius,
919 2704 999 2755 quem
1033 2686 1109 2734 Maro
1138 2685 1274 2754 expressit.
1343 2749 1346 2758 .

229 2764 341 2816 totidem
347 2764 463 2815 filiorum
472 2782 566 2834 uxores
575 2783 621 2817 seu
633 2782 725 2817 nurus
775 2755 865 2834 (Vide
886 2765 929 2816 vel
946 2763 1061 2816 Cerdam
1077 2773 1104 2813 et
1124 2761 1276 2829 Guellium,

228 2846 332 2896 -502.
350 2846 380 2895 lu
399 2856 456 2894 toto
475 2844 539 2896 loco·
553 2859 614 2897 ante
633 2844 726 2896 oculos
776 2863 897 2916 quosque
914 2845 1056 2896 Burmann.
1074 2840 1206 2894 laudavit.
1219 2845 1230 2915 )
1242 2845 1274 2895 cf.

227 2923 724 2994 EnnianaillaapudCiceronemTusc.
775 2925 877 2988 infixi,
886 2924 946 2993 769.
956 2939 1015 2993 770.
1025 2919 1277 2989 opuyiaaavaiiuara
1346 2921 1347 2924 ’

226 3005 278 3072 Qu..
291 3005 303 3054 Ι
309 3042 318 3070 ,
332 3002 365 3056 35
378 3022 409 3054 ex
420 2996 628 3055 Andromacha:
645 3003 727 3072 Opa-
775 3003 879 3057 dixerat
889 3005 981 3075 Eurip.
999 3000 1098 3054 Troad.
1117 3002 1159 3052 18:
1175 3002 1210 3054 de
1226 3003 1276 3054 hoc

228 3094 266 3134 ter
273 3089 307 3147 ,¹¹0
317 3081 423 3153 putria!
439 3101 454 3132 ο
466 3082 571 3133 Priami
587 3082 725 3133 domus-
774 3085 834 3154 ipso
847 3103 922 3136 auro.
935 3085 991 3135 Nec
1001 3085 1029 3134 in
1041 3099 1073 3133 eo
1087 3082 1276 3152 argutandum,

193 3167 202 3188 '¹
228 3163 291 3216 Vidi
299 3181 346 3234 eqo
356 3173 380 3212 te
388 3162 525 3227 ,adstante
534 3179 582 3232 ope
591 3158 726 3212 barbarica
775 3164 849 3234 quod
859 3163 887 3214 b.
901 3163 918 3214 l.
931 3162 1014 3214 verba
1026 3161 1136 3230 Trojani
1146 3160 1194 3212 illa
1207 3174 1275 3222 sunu

225 3239 277 3311 (ut
288 3241 332 3292 hic
346 3259 370 3291 v.
390 3239 461 3312 504)
480 3240 564 3292 Tectis
574 3237 672 3290 coelatt's
688 3235 725 3288 la·
774 3247 858 3294 utitur
869 3245 940 3295 enim
952 3242 996 3294 ille
1009 3259 1131 3292 sermone
1144 3241 1276 3308 Romano,

225 3321 341 3392 queatis,
353 3319 442 3386 Auro,
459 3322 548 3386 ebore,
567 3319 724 3370 instructum
774 3321 896 3392 adeoque
912 3333 990 3372 usum
1009 3322 1064 3388 ejus
1083 3322 1215 3392 sermonis
1235 3339 1277 3372 se-

225 3399 329 3472 rcqifice
337 3431 373 3440 -·-
384 3401 447 3452 Hoec
455 3399 545 3451 omnia
556 3398 610 3449 vidi
619 3398 725 3473 inflam-
775 3401 1045 3471 quitur.Petiereeum
1051 3415 1128 3449 usum
1134 3399 1251 3452 Romani
1262 3419 1278 3452 a

225 3482 339 3545 marier,
358 3481 466 3532 Priamo
479 3482 505 3531 vi
518 3480 599 3530 vitam
612 3478 723 3542 evitari,
774 3483 886 3549 Graecis,
906 3481 1003 3551 quibus
1017 3481 1144 3549 Trojani,
1168 3494 1195 3531 et
1214 3481 1276 3532 hinc

223 3560 297 3612 Jovis
313 3575 391 3626 aran,
405 3560 533 3632 sanquine
551 3558 661 3628 turpari·
673 3556 725 3624 soe·
773 3563 902 3634 Phryges,
923 3562 1044 3632 inprimis
1068 3559 1136 3610 dicti·
1156 3560 1276 3612 barbari.

224 3639 329 3689 dantem
350 3639 411 3709 plus
428 3657 508 3708 quam
530 3648 721 3688 cruentantem.
771 3654 854 3713 postes
865 3639 955 3712 spoliis
966 3639 1088 3708 superbi,
1102 3640 1206 3705 ornati,
1221 3643 1278 3692 Ro-'

223 3730 381 3784 sacraverat,
400 3718 558 3770 accenderat
575 3716 625 3766 diis
642 3719 724 3767 Pena·
772 3739 913 3790 manorum
929 3719 1068 3770 notissimo
1083 3720 1206 3769 moressv.
1227 3721 1274 3770 inf.

223 3799 303 3850 tibus.
772 3801 835 3865 Vll,
863 3797 1019 3851 183-«186.
1045 3797 1147 3848 Tenent
1165 3797 1258 3848 Danai
1264 3815 1278 3861 ,¹

259 3876 417 3930 503-505.
448 3873 649 3944 Quinquaginta
681 3872 723 3925 illi
771 3877 797 3928 h.
812 3898 835 3929 e.
851 3889 983 3948 occupata
998 3874 1100 3927 habent
1118 3875 1196 3943 loca,
1217 3881 1279 3948 quai

224 3956 350 4020 thalami,
361 3955 400 4007 illi
411 3967 465 4006 tam
474 3950 608 4022 magnifici
617 3966 722 4004 extruc-
772 3958 840 4027 ignis
850 3954 971 4016 nondum
984 3954 1114 4028 pervadit.

223 4039 257 4103 ti,
275 4033 403 4106 prostrati
419 4034 516 4099 Jacent.
532 4029 611 4100 Apud
623 4033 722 4086 Homed
