2742 4586
434 281 769 364 inmenens.

314 631 677 730 EXCURSUS
710 640 891 731 XIX&

234 812 289 878 De
300 809 529 878 Amazonibus
541 815 707 880 auxilium
719 813 976 901 nuptiantibus.

119 968 146 1037 l,
158 971 219 1040 490.
232 971 316 1023 Ducit
324 970 519 1022 Amazonidum
529 969 628 1024 lunatis
639 972 753 1044 aqmino'
757 971 835 1043 peltis
845 973 1009 1032 Penthesilea
1012 978 1107 1048 furens
1114 993 1128 1048 '9

82 1049 230 1123 mediisque
240 1048 269 1100 in
282 1046 400 1101 miiiihus
407 1051 495 1113 ardet,
505 1047 593 1101 Aureo
604 1050 755 1102 subnectens
763 1063 855 1104 exerte
869 1053 977 1126 singulo
986 1074 1125 1126 mammo,

82 1129 229 1196 Beliunix,
242 1129 372 1200 audetque
388 1129 451 1181 uiris
461 1147 613 1182 eunoun-ere
629 1130 710 1202 uirqo.
727 1130 792 1198 Quae
803 1132 886 1205 mythi
899 1133 933 1186 de
949 1135 1125 1190 Amazonibus

84 1213 202 1283 origines
216 1211 330 1274 fuerint,
342 1210 472 1261 incertum
488 1223 544 1262 est:
559 1211 641 1262 fuisse
653 1221 743 1262 tamen
754 1210 867 1264 fundum
886 1213 1001 1285 aliquem
1016 1208 1126 1270 histoii-

85 1311 161 1357 eum,
171 1293 272 1343 famam
284 1290 437 1360 antiquam,
449 1289 533 1341 multa
542 1301 665 1362 arguunt.
678 1291 777 1341 Verum
789 1288 823 1342 de
834 1290 876 1343 his
888 1292 1042 1365 disputandi
1051 1296 1127 1350 loeus

82 1371 194 1424 hicnon
205 1369 332 1422 est-Vide
344 1381 437 1421 notata
447 1369 481 1422 ad
490 1370 615 1441 Apollod.
628 1371 666 1435 Il,
680 1371 711 1436 5,
723 1389 748 1440 9.
762 1372 823 1422 Not.
836 1391 863 1443 p.
874 1371 924 1443 372
936 1392 975 1446 sq.
989 1376 1054 1443 Qum
1065 1397 1127 1428 cum

83 1450 233 1523 virgiliano
244 1449 305 1500 loeo
318 1451 461 1518 conjuncta
469 1459 544 1512 sunt,
556 1449 655 1519 partim
666 1467 681 1499 e
692 1448 757 1502 belli
768 1449 1016 1518 Trojani'historiis,
1029 1457 1126 1524 partim

84 1548 117 1583 ex
129 1529 292 1582 Amazonum
303 1528 392 1598 speeie
404 1538 430 1579 et
439 1526 534 1579 habitu
543 1538 671 1596 repetam.

119 1605 282 1660 induxerant
296 1605 441 1658 Amazones
450 1606 479 1656 in
489 1604 554 1658 helli
565 1606 674 1674 Trojaui
686 1603 811 1658 historias
827 1603 927 1676 poete,
937 1609 984 1678 qui
995 1622 1057 1679 post
1072 1611 1127 1661 Ho-

83 1700 189 1743 merum
201 1690 343 1758 scripsere,
354 1700 380 1740 et
389 1667 417 1739 ih
426 1684 467 1738 hia
479 1685 582 1757 primo,
592 1698 621 1736 ut
633 1687 769 1756 suspicor,
780 1687 843 1738 loeo
853 1688 977 1739 Arctims
988 1690 1017 1740 in
1026 1689 1129 1742 AEthio·

84 1773 303 1844 pide,'quantum
315 1787 346 1820 er
357 1767 452 1819 Procli>
462 1766 586 1840 colligere
594 1767 669 1833 licet,
683 1764 831 1832 (Biblioth.
842 1768 867 1819 d.
880 1789 905 1820 a.
915 1771 977 1821 Lista
986 1771 1017 1822 Ρ.
1026 1772 1049 1822 1.
1056 1791 1083 1842 p.
1093 1771 1128 1824 33

84 1852 160 1905 Iued.
167 1854 185 1921 )
198 1850 261 1919 qnia
273 1847 423 1916 antiquiore
439 1844 529 1917 alique
541 1847 614 1899 fama
626 1845 765 1898 celebrate
777 1859 853 1899 eraut
865 1847 1026 1902 Amfflnum
1038 1852 1129 1920 irrup-

84 1934 175 1984 tiones'
192 1929 221 1979 in
238 1926 328 1976 Asiam
346 1927 475 1977 minorem
495 1926 586 1991 faeta,
603 1926 724 1995 inprimis
744 1926 773 1976 in
794 1925 905 1999 Lydiam
928 1940 955 1980 et
974 1927 1127 2002 Phrygiam

86 2025 201 2084 quamn
213 2007 306 2058 unuin
322 2007 419 2056 Priami
442 2018 571 2075 tempora·
581 2004 726 2058 inciderat:
746 2005 825 2072 llsp,
841 2009 905 2077 riq.
927 2009 1043 2063 intulere
1064 2010 1128 2062 hina

83 2095 232 2145 Amamnes
249 2087 277 2136 in
292 2083 404 2136 heroum
418 2095 539 2155 tempora
555 2095 581 2136 et
600 2085 674 2136 faeta
688 2083 788 2155 Gyelici
804 2099 915 2157 propter
929 2089 968 2140 rei
983 2081 1129 2141 novititem

86 2167 233 2226 admodum
246 2165 372 2226 licenter;
385 2175 535 2216 memorate
549 2163 617 2217 adeo
631 2165 794 2216 Amazonum
809 2183 905 2237 pugnae
924 2179 985 2218 sunt
1001 2171 1028 2220 in
1044 2169 1130 2240 Argo-
1183 2181 1187 2188 ·

85 2251 216 2312 nauticis,
235 2244 382 2309 Heraclea,
401 2243 546 2308 Theseide,
565 2245 645 2295 etiam
657 2244 685 2294 in
696 2244 794 2296 Bacchi
808 2245 975 2315 profectione
988 2247 1022 2298 ad
1032 2246 1128 2298 Indos:

86 2352 147 2406 quie
170 2328 261 2381 omnia
277 2327 353 2376 fuere
375 2337 517 2394 poetarum
534 2334 697 2384 commentum
722 2335 750 2374 at
770 2323 850 2388 illud,
873 2325 947 2395 quod
967 2328 994 2378 in
1012 2329 1129 2379 Homero

86 2422 263 2468 memoratum
271 2416 342 2470 erat,
352 2423 368 2456 a
375 2405 448 2456 fama
455 2403 613 2475 profectum.
624 2404 744 2455 Priamus
750 2403 875 2456 adversus
886 2425 930 2458 eas
941 2425 1016 2460 arma
1023 2408 1129 2469 telerna

86 2510 115 2550 at
125 2487 293 2548 Penthesilea
304 2485 403 2538 auxilio
414 2485 536 2554 Trojanis
548 2485 600 2536 fuis
612 2486 706 2538 accita.
719 2487 781 2536 Post
790 2503 850 2551 eos,
864 2488 910 2556 qui
920 2490 1038 2558 periere,
1052 2507 1132 2560 expo-

84 2581 126 2632 nit
136 2573 297 2648 cyclicomm
310 2576 418 2618 nauata
427 2559 542 2633 Quintus
556 2565 602 2618 lib.
615 2567 636 2617 1.
649 2579 676 2619 et
687 2564 817 2637 pleraque
828 2585 861 2618 ex
875 2586 909 2619 eo
922 2569 1014 2622 Tnetza
1026 2572 1054 2622 iu
1064 2572 1130 2622 Pos-

85 2650 241 2712 thomerieis
252 2665 294 2719 pr.

122 2732 228 2806 Virgilii
243 2728 318 2780 loeus
331 2725 452 2796 inprimis
464 2723 579 2777 disertus
598 2726 684 2776 estin
705 2723 793 2795 speeie
813 2737 841 2777 et
855 2719 951 2778 habitu
969 2727 1132 2780 Amazonum

87 2810 235 2870 reddendo.
249 2807 317 2859 Satis
326 2817 395 2856 note
408 2816 469 2856 sunt
481 2823 572 2857 eurum
588 2801 667 2875 peltoe
681 2802 788 2880 lunatae.
801 2803 882 2872 Quod
893 2823 925 2856 ex
940 2807 1014 2879 equis
1027 2825 1132 2880 pugne·

85 2883 163 2958 runi,
175 2905 231 2942 non
241 2887 336 2957 attigit.
346 2885 382 2935 At
391 2901 535 2936 mammam
547 2883 647 2934 nudam
658 2896 796 2936 memorat.
1029 2913 1031 2920 ›
1090 2885 1093 2890 “

120 2973 221 3026 Dextra
234 2968 286 3019 fuit
302 2981 473 3029 sumamma,
490 2962 590 3014 fabulis
607 2975 634 3016 et
651 2975 708 3015 arte
725 2963 872 3028 celebrium
891 2964 991 3016 fabulis
1008 2963 1132 3035 quidem,

87 3049 163 3124 quod
174 3057 263 3100 exusto
274 3045 356 3096 fuisse
368 3045 467 3112 fertur,
480 3053 551 3104 arte,
565 3039 638 3112 quod
656 3061 689 3095 ea
698 3051 785 3093 exerta
797 3055 849 3108 est,
867 3061 922 3094 non
938 3037 1043 3107 exusta,
1059 3044 1133 3114 quod

85 3133 147 3184 visu
156 3129 289 3200 ingratum
298 3133 436 3193 respuerat
449 3139 501 3174 ars.
513 3121 613 3172 Verum
623 3131 649 3172 et
661 3122 720 3190 ipsa
732 3138 774 3174 res
787 3120 884 3174 dooere
898 3129 1001 3190 potest,¹
1014 3121 1133 3174 dextram

85 3199 185 3272 fuisse',
198 3223 256 3278 qua
270 3216 437 3267 exureretur,
448 3219 483 3252 ne
499 3202 573 3252 moui
586 3199 750 3252 intendendo
760 3212 787 3252 et
795 3196 954 3252 remittendo
967 3211 1056 3250 tumor
1065 3214 1134 3253 esset

86 3289 287 3362 impedimento.
309 3285 360 3336 lnf.
377 3284 428 3349 xl,
446 3281 507 3350 649.
527 3279 644 3332 Amazon
662 3279 736 3332 diota
758 3278 871 3332 Camilla
886 3290 927 3331 eat
944 3297 1028 3330 unum
1046 3290 1134 3332 exerta

87 3367 257 3440 laaa,⁴quod
267 3365 345 3418 Silius
357 3365 474 3416 imitatus
486 3361 533 3412 lib.
543 3362 583 3428 Il,
596 3377 638 3432 79.
649 3358 739 3412 reddit
747 3360 953 3412 dextrum‘nuda
963 3357 1038 3411 lutus.
1122 3385 1126 3396 ·

121 3453 162 3504 De
172 3453 335 3502 Amazonum
347 3445 435 3516 speeie
447 3444 475 3495 in
487 3443 580 3512 priseae
591 3443 659 3494 'artis
672 3442 850 3492 monumentis
866 3440 959 3505 obvia,
972 3441 1050 3514 plura
1062 3460 1133 3495 nune

86 3533 115 3584 in
126 3529 223 3602 vulgus
233 3529 406 3579 innotuerunt
415 3541 495 3594 quam
504 3521 556 3574 illis
569 3524 660 3587 annis,
673 3539 733 3573 eum
741 3519 876 3592 prioribus
883 3521 987 3572 vicibus
997 3539 1133 3576 commen·

86 3609 213 3663 tahamur
224 3609 252 3658 in
264 3617 380 3677 poetam.
398 3604 439 3655 Ne
478 3621 493 3654 e
508 3600 576 3653 adeo
587 3611 696 3654 necesse
708 3613 763 3666 est,
780 3617 851 3650 nunc
867 3598 952 3652 multa
970 3598 1133 3654 commemo-

86 3707 157 3741 rare.
167 3687 304 3758 Attingam
314 3695 417 3736 tentum
427 3619 533 3758 phqiora
539 3717 548 3745 ,
555 3691 621 3751 'quse
630 3681 676 3745 iis,
698 3697 813 3751 quorum
826 3678 914 3732 studia
926 3681 954 3730 in
968 3699 1000 3732 ea
1018 3682 1134 3751 antiqui·

86 3766 151 3820 tatis
174 3775 252 3836 parte
273 3761 406 3815 collocata
422 3758 497 3834 haud
515 3761 606 3825 inere,
628 3759 756 3831 prodesse
769 3771 899 3830 possunt.
923 3761 1047 3829 Antiqua
1070 3762 1133 3812 artis

85 3847 214 3914 frequens
226 3843 278 3894 fuit
291 3852 475 3914 argumentum
484 3841 540 3910 jum
550 3838 647 3891 iudea
664 3837 772 3907 Phidia,
792 3837 925 3908 sculptum
943 3840 972 3890 in
990 3849 1066 3889 scuto
1084 3837 1134 3890 Mi-

87 3921 318 3989 nervaehthenis,
330 3924 493 3974 Ammonum
504 3912 628 3994 pqoehum
644 3918 733 3988 (Plio.
751 3919 878 3984 XXXVI,
897 3920 928 3986 4,
940 3919 957 3984 4
970 3921 980 3988 )
992 3929 1019 3969 et
1033 3920 1061 3968 in
1075 3917 1134 3968 basi

91 4001 229 4058 simulacri
239 4003 313 4057 iovis
324 4001 440 4076 Olympii
453 3999 587 4072 (Panion.
600 4000 734 4072 V,·rr.·p.
749 3999 800 4069 4⁰²
813 4000 831 4071 )·
845 4000 876 4052 ln
890 3997 975 4050 lorice
987 4005 1076 4050 autem
1088 4011 1135 4048 seu
