2656 4592
1056 281 1117 347 513
1183 221 1194 236 '¹

365 239 603 376 uncinos
627 276 781 341 arnan
805 278 879 344 iv„

67 399 226 478 Lumina,
241 414 274 462 et
286 397 425 462 obnixus
438 421 551 463 curam
563 398 624 464 sub
637 399 738 466 corde
750 400 930 490 premebat.

67 504 222 569 Tandem
234 527 339 592 pauca
351 505 468 569 refert:
482 507 552 593 Ego
565 521 612 584 te,
628 531 701 596 quae
714 509 856 596 plurima
868 506 969 572 fando
1024 570 1027 580 ,

68 611 275 698 Enumerare
288 612 390 691 vales,
404 635 591 700 uunquam,
605 615 743 699 Regina,
758 614 885 702 negabo

67 719 302 782 promeritam:
316 739 378 782 nec
391 741 444 782 me
457 719 646 783 meminisse
659 719 784 807 pigebit
797 720 925 800 Elissae;
1075 734 1118 788 335

65 827 161 888 Dum
173 847 302 890 memor
313 827 383 914 ipse
395 827 476 904 mei,
491 824 571 890 dum
584 829 717 915 spiritus
730 827 790 892 hos
804 831 887 916 regit
898 846 997 895 artus.
1107 839 1109 842 ’

66 936 135 996 Pro
145 933 182 997 re
195 957 299 1021 pauca
311 935 568 1023 loquar.=Neque
582 958 643 1022 ego
656 934 741 1000 hanc
753 935 957 1016 abscondere
969 941 1059 1004 furto

66 1040 218 1128 Speravi,
232 1065 275 1105 ne
288 1041 389 1130 finge,
404 1043 533 1130 fugam3
547 1066 609 1108 nec
621 1043 771 1132 conjugis
780 1068 932 1134 unquam
1011 1077 1014 1082 ·

65 1147 233 1210 Praetendi
245 1147 359 1226 taedas,
372 1165 429 1214 aut
441 1149 512 1214 haec
525 1151 561 1211 in
573 1148 699 1214 foedera
712 1151 797 1214 veni.

65 1254 126 1316 Me
139 1254 166 1316 si
178 1253 244 1318 fata
255 1255 337 1318 meis
350 1271 541 1341 paterentur
554 1254 676 1320 ducere
688 1257 789 1321 vitam
835 1304 839 1314 .

66 1361 249 1448 Auspiciis,
265 1375 298 1423 et
310 1376 428 1446 sponte
440 1383 514 1423 mea
526 1383 727 1449 componere
741 1385 852 1427 curas:

66 1466 197 1530 Urbem
208 1465 388 1554 Trojanam
401 1466 546 1552 primum
559 1464 732 1555 dulcisque
744 1490 896 1531 meorum

65 1574 236 1663 Reliquias
250 1572 409 1648 colerem;
423 1572 543 1634 Priami
555 1587 640 1636 tecta
652 1572 717 1636 alta
729 1590 918 1651 manerent,
984 1607 987 1617 ν

98 1750 153 1798 332.
171 1750 259 1797 tenebat
275 1750 334 1796 alter
352 1749 491 1812 Hamburg„
503 1750 545 1796 sed
559 1750 608 1796 vid.
621 1748 661 1795 lib.
672 1751 695 1805 l,
716 1765 768 1796 211.
781 1775 811 1786 -
822 1749 876 1796 335.
893 1765 934 1796 nee
945 1759 965 1796 te
977 1753 1041 1799 Serv.
1061 1751 1091 1796 ad
1109 1753 1120 1796 l

8 1867 9 1872 ,
63 1825 118 1868 AEn.
130 1821 167 1884 7l4.
178 1820 259 1866 Elissae
270 1821 350 1866 Heius.
363 1836 416 1866 eum
426 1820 534 1866 Mediceo
544 1832 567 1866 et
578 1820 730 1876 melioribus;
743 1833 765 1866 et
777 1823 809 1866 sic
820 1821 905 1867 Grecis
914 1813 1019 1868 Ἐλισσα.
1032 1822 1118 1886 Vulqg⁴

65 1893 143 1939 Elisa.
155 1919 187 1928 -
197 1893 249 1938 336.
267 1889 329 1936 Dum
341 1894 465 1936 meminisse
476 1892 547 1938 Wall.
561 1895 616 1956 repit
631 1893 710 1957 lleins.
724 1909 737 1938 e
748 1893 835 1938 Medic.
853 1905 876 1938 et
890 1893 948 1939 aliis.
957 1892 1035 1957 Vulgo
1045 1904 1119 1958 repet,

64 1963 136 2027 quod
151 1965 176 2008 in
185 1963 289 2024 pedestri
299 1977 407 2007 sermone
421 1961 548 2008 dicendum
558 1975 629 2018 esset;
642 1961 682 2007 alii
696 1971 765 2026 repat.
782 1974 835 2009 tert.
852 1964 937 2009 Mor-et.
948 1967 1012 2027 repes.
1022 1990 1055 1999 -
1065 1963 1119 2026 337„

64 2035 116 2079 Pro
127 2042 146 2078 te
158 2033 196 2078 ed.
208 2034 267 2077 Dan.
281 2032 383 2088 lleinsii,
394 2031 461 2077 male.
474 2032 522 2077 vid.
535 2033 613 2078 Burm.
627 2031 707 2096 loquor
715 2047 761 2078 sec.
773 2032 883 2077 llottend.
897 2044 921 2078 et
932 2044 978 2078 tres
989 2035 1068 2078 Burm.
1081 2049 1121 2096 eqo

64 2108 136 2154 deest
150 2105 237 2150 ibidem
251 2107 276 2150 in
287 2102 416 2149 nonnullis.
423 2103 508 2166 fartim
525 2122 560 2167 pr.
578 2106 675 2161 Moret„
688 2117 714 2150 ut
726 2103 790 2150 alibi.
805 2106 867 2150 coni.
878 2107 957 2150 Burni.
968 2131 1000 2140 -
1014 2103 1066 2151 338
1079 2121 1120 2150 nec
1192 2097 1197 2104 ’

56 2180 126 2242 finqe
138 2189 183 2223 tres
191 2178 269 2221 Burm.
281 2191 335 2221 eum
345 2175 413 2220 Goth.
427 2187 480 2221 tert.
494 2191 522 2220 ne
530 2180 588 2240 conj.
601 2179 655 2222 Exc.
667 2178 746 2222 Burm.
758 2198 790 2212 -
802 2177 854 2238 339.
869 2175 931 2222 baud
941 2175 988 2223 bec
998 2176 1067 2222 Goth.
1080 2193 1118 2238 pr.

8 2309 10 2314 ,
63 2275 98 2285 —
111 2246 163 2302 340.
178 2245 300 2292 voluissent
309 2246 332 2292 d.
345 2261 405 2291 unus
417 2247 497 2291 Pierii.
509 2272 541 2282 -
554 2247 607 2305 341.
619 2255 661 2298 aut
674 2255 752 2309 sponte
764 2246 846 2292 llamb.
861 2246 901 2294 alt.
915 2262 975 2293 meas
989 2245 1051 2291 idem
1065 2261 1121 2290 cum

58 2318 159 2380 ¹aliquot
170 2317 228 2364 aliis.
241 2319 352 2380 deponere
366 2316 461 2362 Vratisl.
472 2343 505 2354 -
516 2317 569 2375 343.
582 2328 605 2364 et
619 2331 673 2366 ante
683 2320 770 2364 Priami
783 2319 912 2364 secundnm
928 2317 997 2364 codd.
1013 2318 1083 2362 Pierii
1096 2327 1120 2362 et

8 2521 9 2536 ἶ
61 2467 143 2518 vultu
162 2481 292 2538 argueret.
314 2468 391 2520 Unde
412 2469 473 2538 369.
493 2469 567 2520 Num
614 2473 662 2539 jux
683 2487 776 2520 essem.
797 2469 831 2519 Et
851 2469 888 2518 sic
907 2469 963 2535 jam
984 2463 1119 2516 Guellium

8 2539 10 2545 ’
53 2547 132 2625 fletu
141 2546 452 2618 inpemuitnostroi’num
462 2547 568 2599 lumina
619 2551 753 2621 accepisse
767 2549 855 2600 video.

53 2626 160 2704 flexit?
170 2645 262 2692 curam
272 2665 279 2691 ,
291 2627 319 2678 lr.
333 2628 350 2679 l.
365 2626 493 2681 dolorem.
510 2638 567 2678 tan·

8 2717 9 2724 ’
62 2707 124 2758 dem
126 2744 143 2770 ,
165 2702 206 2772 iii
218 2703 247 2757 di
256 2709 286 2760 dn
297 2710 478 2763 Homericum.

8 2790 11 2819 ³
103 2783 163 2838 335.
182 2785 346 2858 Comparant
362 2789 438 2842 lliad.
455 2805 492 2854 χ,
506 2789 566 2859 387.

63 2865 127 2918 388.
147 2867 229 2917 verba
247 2867 358 2920 Achillis
376 2869 410 2919 de
434 2869 566 2920 Patroclo.

8 2955 9 2962 ¹
62 2943 167 2994 -336.
182 2942 247 2994 sieie’
256 2943 332 3011 siderali
342 2947 378 2998 'Er
388 2945 502 2997 minian
511 2944 567 3015 μίνῃ

8 3059 9 3062 ,
61 3022 251 3086 Homericum,
272 3036 303 3074 ut
323 3023 399 3075 lliad.
425 3047 449 3086 ι,
470 3025 522 3076 605
542 3037 568 3076 et

9 3139 10 3142 ¹
64 3101 143 3154 alibi.
359 3161 361 3166 ,

9 3207 10 3214 κ
102 3180 154 3234 338
181 3199 236 3251 seq.
259 3182 392 3234 Proetendi
411 3184 566 3252 accipiunt,

8 3281 9 3310 ς
63 3261 182 3332 pratuli..
193 3261 335 3324 Sanenota
345 3280 387 3314 res
400 3273 439 3313 est
446 3257 474 3312 ei
484 3263 567 3328 iaica-

8 3358 12 3388 r
64 3341 115 3406 χιῖν
128 3343 157 3391 in
168 3343 277 3412 nuptiis.
290 3340 342 3393 Sed
353 3359 409 3391 non
421 3342 477 3410 ipse
488 3359 566 3411 spon·

8 3441 11 3470 ,·
65 3439 110 3472 sus
123 3423 196 3473 iaces
207 3423 268 3488 ieri.
281 3420 375 3474 Malim
384 3438 416 3471 eo
430 3425 508 3472 seusu
519 3439 566 3493 po-

8 3516 13 3548 22
64 3505 226 3574 situm,quo
245 3522 269 3553 v.
293 3519 340 3571 ¹7²
360 3511 501 3574 praetexere
509 3524 518 3562 ,·
536 3514 566 3551 ut

8 3589 11 3634 i
64 3600 93 3634 se
101 3601 239 3654 nunquam
254 3582 343 3654 taedai,
351 3583 435 3651 justas
447 3583 564 3650 nuptias,

10 3677 13 3688 ‘
60 3664 247 3734 praetendisse,
268 3681 322 3734 prae
335 3681 364 3714 se
384 3660 490 3726 tulisse,
511 3679 564 3712 suae

8 3761 13 3785 τ
64 3761 127 3794 cum
146 3743 251 3807 Didone
262 3741 449 3795 consuetudini
466 3759 565 3792 nomen

8 3871 9 3874 ,
61 3824 129 3891 justi
142 3825 304 3892 matrimonii
316 3819 565 3893 nunquamtribuis·

61 3921 109 3966 se,
126 3900 198 3953 dicat
210 3923 217 3963 ;
229 3922 279 3955 nec
296 3903 350 3954 boec
371 3903 398 3953 in
406 3901 524 3972 foederu,
537 3898 563 3950 b.

8 4008 12 4036 .»
62 4002 87 4038 e.
104 3984 132 4034 in
144 3981 193 4034 has
211 3983 299 4056 leges,
310 3986 446 4050 consensi,
459 3995 488 4034 ut
501 3999 566 4034 con-

139 4085 164 4122 2.

653 2629 816 2695 340-344,
839 2628 1002 2698 Comparant
1021 2625 1117 2698 Odyss.

617 2729 653 2774 n,
669 2710 717 2776 148
728 2727 767 2779 sq.
777 2708 841 2759 meis
851 2707 990 2778 auspiciis,
1004 2724 1043 2776 sq.
1057 2724 1117 2758 meo

618 2789 718 2856 ductu,
738 2789 809 2841 idem
830 2787 904 2860 quod
927 2798 1018 2858 sponte
1039 2805 1117 2850 mea,

618 2869 665 2923 sed
683 2871 818 2933 ornatius,
838 2886 896 2919 meo
916 2865 1003 2917 lubitu
1023 2885 1054 2918 ac
1073 2884 1118 2916 vo·

616 2948 727 3002 luntate.
745 2963 899 3018 componere
915 2963 989 2996 curas
997 2981 1008 3008 ,
1027 2947 1119 3015 exqui-

616 3029 682 3092 site,
699 3045 741 3078 res
754 3025 894 3076 ordinare:
908 3043 970 3075 nam
982 3040 1051 3074 curse
1066 3043 1117 3094 pro

617 3105 728 3170 studiis,
741 3105 871 3176 negotiis,
885 3115 911 3153 et
929 3102 963 3152 de
973 3121 998 3152 v.
1012 3121 1117 3172 compo·

616 3201 676 3234 nere
689 3186 723 3238 cf.
737 3201 796 3256 sup.
811 3181 883 3246 adl,
898 3181 956 3250 249.
968 3179 995 3235 Si
1006 3180 1071 3230 mihi
1080 3184 1119 3232 vi-

616 3280 677 3315 vere
696 3264 803 3328 liceret,
823 3261 871 3312 ubi
894 3261 1006 3326 vellem,
1027 3274 1117 3312 tamen

615 3341 657 3394 vel
670 3343 708 3393 sie
720 3343 814 3394 ceteris
828 3340 951 3392 omnibus
962 3341 1116 3411 praeferrem

614 3421 682 3486 boc,
695 3435 724 3472 ut
735 3421 825 3472 locum
836 3421 933 3473 veteris
944 3422 1030 3491 Trojte
1042 3425 1116 3474 inco·

615 3501 697 3554 lerem
716 3501 862 3571 urbemque
883 3518 1001 3552 eversam
1020 3501 1115 3554 reiice-

615 3600 671 3632 rem
680 3602 687 3642 ;
700 3593 803 3632 tantum
814 3581 905 3645 abest,
915 3592 945 3630 ut
954 3579 1114 3654 Carthagine

614 3661 696 3711 vitam
713 3662 815 3732 exigere
834 3660 933 3712 malim.
951 3660 1115 3732 Argutantur

614 3744 780 3812 interpretes.
794 3736 930 3811 Reliquias
940 3758 1056 3790 meorum
1069 3742 1116 3793 ali·

594 3852 597 3865 ·
610 3835 654 3882 ¹ter
665 3824 709 3873 vix
721 3821 868 3894 intelligas,
880 3840 961 3890 quam
973 3823 1074 3874 cineres
1087 3834 1113 3874 et

615 3920 691 3968 ossa,
712 3901 833 3973 adeoque
852 3901 913 3952 loca
930 3919 961 3949 ac
974 3901 1112 3970 sepulcra,

614 3983 751 4062 inquibus
768 3982 815 4038 illa
827 3981 938 4039 condita
955 3992 1023 4030 sunt.
1037 3979 1114 4031 Pria.

899 4064 932 4118 33
