2694 4574
165 245 231 308 DE
256 244 476 308 CARMINE
499 244 644 309 EPICO
666 245 970 314 VIRGILIANO.
1049 267 1090 311 nr

53 364 166 432 Iliadis
172 369 310 453 exempl
308 393 362 432 um
368 368 520 452 ,ficetum
532 388 602 432 esse
611 362 728 456 'negari
741 373 866 459 nequit.
880 373 998 437 Efficti
1002 370 1093 435 eninr

54 492 177 536 errores
191 476 311 536 AEneae
330 472 372 536 ad
394 473 570 561 exemplun
590 475 728 568 Ulyssis,
755 493 788 540 et
811 500 947 558 eorum,
963 499 1035 566 quae
1056 478 1092 540 in

7 565 141 640 Italia
163 576 206 640 ab
233 581 335 643 AEnea
368 597 544 666 geruntur,
576 603 693 667 magna
726 604 800 668 pars
832 581 1024 647 adumbrata
1049 579 1094 644 ad

54 682 240 769 exemplum
261 683 410 763 Iliadis;
409 707 512 771 pauca
533 707 666 774 quoque
689 687 848 751 carminis
863 688 987 751 lumina
1005 686 1090 750 loca·

7 753 9 830 l
55 807 116 872 que
140 787 337 875 insigniora,
363 806 395 852 et
420 812 531 852 rerum
554 791 777 880 orationisque
803 808 994 856 ornamenta
1021 797 1091 855 ess'e
1192 835 1194 844 .

7 891 8 898 ’
54 888 203 970 arbitror,
231 916 305 981 quae
324 918 343 958 a
364 895 502 983 Virgilio
521 897 592 959 sine
605 897 762 985 'exemplo
784 897 936 977 inuenta,
960 915 993 961 et
1019 914 1092 962 tum

54 994 193 1080 primum
219 1019 259 1060 ex
283 1000 353 1086 ipsa
377 1022 488 1064 rerum
515 1018 630 1065 natura
655 1002 846 1067 adumbrata
872 1021 905 1067 et
930 1001 1104 1090 descripta

56 1121 139 1179 esse,
151 1101 312 1167 affirmari
326 1127 422 1192 posse
440 1123 565 1193 putem.
590 1108 686 1172 Certe
700 1110 895 1196 paucissima
919 1109 1014 1176 exiis
1038 1130 1096 1172 oe·-

56 1226 182 1270 currere
195 1211 350 1290 memini,
373 1234 516 1300 quorum
530 1236 613 1292 non,
631 1230 687 1277 aut
699 1214 861 1302 exempla,
881 1230 938 1278 aut
952 1215 1090 1292 semina,

56 1327 108 1374 aut
120 1315 274 1379 materias
287 1315 512 1410 modo-rudes,
522 1318 623 1410 modo
636 1319 804 1411 inchoatas
811 1343 849 1385 ac
856 1321 1091 1409 praeformatas

57 1438 93 1478 ex
107 1417 223 1484 Graeco
244 1420 356 1510 aliquo
375 1441 477 1510 poeta
493 1426 632 1489 excitare
653 1425 770 1515 aliquis
796 1427 908 1514 possit.
930 1425 1030 1514 Atqui
1054 1447 1093 1487 ex

57 1521 173 1588 Graecis
195 1528 302 1613 poetis
321 1545 387 1591 tarn
410 1531 506 1617 pauci
532 1529 579 1625 ad
598 1553 657 1595 nos
676 1548 915 1619 pervenerunt,
939 1528 1041 1620 quid?
1067 1530 1094 1592 si

56 1626 161 1712 plures
175 1649 285 1697 essent
300 1636 509 1722 superstites,
530 1637 670 1701 maxime
680 1636 914 1729 Alexandrini?
928 1659 984 1711 eos
1005 1636 1094 1698 enim
1158 1689 1161 1706 ,

56 1733 216 1820 inprimis,
238 1739 329 1826 quod
353 1743 518 1828 suspicor,
543 1742 699 1830 Virgilius
721 1742 852 1807 assidue
871 1743 1032 1820 tractavit,
1061 1758 1094 1805 et

57 1840 207 1906 orationis
235 1843 382 1936 colorem
405 1846 483 1911 inde
510 1846 611 1911 duxit.
636 1850 751 1936 Neque
779 1848 845 1912 dici
872 1864 997 1936 potest,
1025 1870 1093 1911 non

55 1943 175 2024 studio,
196 1947 255 2012 sed
276 1973 366 2030 casu,
387 1968 444 2016 aut
463 1955 671 2032 necessitate,
690 1955 843 2019 Graecum
860 1970 893 2018 et
907 1957 1093 2018 Romanum

56 2067 200 2135 poetam,
232 2053 313 2118 dum
345 2058 489 2122 eundem
515 2082 625 2122 rerum
656 2075 688 2122 et
716 2061 952 2123 sententiarum
979 2058 1094 2122 orbem

55 2153 158 2221 libero
170 2160 287 2226 mentis
300 2180 410 2227 meatu
420 2180 654 2251 pervagantur,
669 2162 804 2243 inidem
817 2163 1025 2250 phantasma,
1039 2177 1096 2224 aut

56 2283 188 2325 sensum
208 2281 238 2327 et
256 2264 381 2331 dietum
401 2268 548 2334 incidere
567 2269 713 2356 potuisse
728 2290 765 2332 ac
783 2266 946 2331 debuisse.
960 2259 1096 2330 Factum

55 2363 118 2430 hoc
136 2369 250 2458 utique
269 2389 302 2435 et
321 2395 419 2461 saepe.
440 2376 509 2438 Nee
534 2374 691 2452 alterum,
713 2371 805 2460 quod
828 2373 914 2435 forte
937 2393 1094 2450 monensi,

56 2474 163 2560 negari
185 2493 311 2563 potest,
332 2479 436 2543 multa
453 2479 574 2566 passim
591 2477 632 2541 ab
652 2479 787 2556 Ursino,
805 2476 951 2555 Guellio,
971 2476 1093 2563 Cerda,

7 2581 8 2586 ’
56 2578 197 2660 Clarkio,
214 2582 300 2648 forte
311 2600 344 2648 et
354 2585 492 2664 abaliis,
506 2607 567 2672 pro
577 2584 710 2647 imitatis
724 2599 756 2647 et
768 2562 999 2647 adumbratisa
1002 2581 1097 2645 fferri

57 2699 176 2750 temere
184 2711 285 2776 ,quae
301 2691 420 2777 partim
442 2687 691 2754 similitudinem
713 2704 855 2767 tantum,
876 2687 1043 2752 interdum
1063 2705 1095 2756 et

57 2787 137 2856 hanc
150 2794 227 2857 satis
243 2794 433 2874 obscuram,
449 2795 607 2874 habeant,
625 2794 743 2882 partim
757 2793 833 2857 talia
846 2793 923 2873 sint,
944 2809 981 2855 nt
997 2814 1094 2856 sanus

61 2898 194 2985 quisque
212 2916 246 2963 ct
264 2923 376 2964 rerum
391 2900 577 2987 intelligens
592 2893 714 2978 homo,
732 2899 759 2962 si
777 2896 909 2961 easdem
925 2891 977 2960 re's
996 2914 1094 2982 expo-¹

58 3018 124 3084 nat,
143 3004 262 3068 iisdem
279 3004 385 3070 modis
401 3029 439 3070 ac
457 3005 581 3084 verbis,
602 3002 721 3068 iisdem
741 3002 891 3066 sensibus
905 3024 946 3090 ac
963 3017 1093 3064 senten·
1147 3027 1149 3035 ⁴

59 3110 106 3175 tiis
133 3133 259 3186 ,usurus
283 3111 341 3190 sit,
371 3109 557 3200 cujusmodi
589 3109 692 3173 multa
721 3131 741 3171 a
774 3129 828 3169 me
854 3107 972 3169 omissa
999 3099 1098 3190 sunt,
1178 3107 1182 3116 '

57 3216 210 3282 nonnulla
237 3239 278 3281 eo
306 3216 443 3280 consilio
469 3215 635 3303 apposita,
666 3230 702 3277 ut
732 3211 976 3299 comparatione
1009 3211 1094 3275 facta

7 3391 8 3402 .
57 3321 165 3385 saltem
177 3320 353 3386 delectent.
365 3321 494 3385 Maroni
505 3339 616 3384 tamen
629 3319 810 3398 innumeris
822 3318 856 3381 in
871 3316 951 3380 locis
965 3304 1103 3397 Graeca,
1130 3307 1134 3310 ”

7 3433 8 3450 ’
56 3428 189 3492 Homeri
208 3427 377 3514 inprimis,
397 3444 473 3490 ante
497 3427 610 3490 oculos
630 3425 746 3504 fuisse,
766 3422 907 3513 probant
922 3422 1033 3510 plura,
1061 3438 1094 3486 et

7 3569 8 3622 3
53 3535 195 3620 primum
218 3531 355 3620 quidem
379 3535 473 3596 totius
503 3534 658 3596 carminis
684 3529 855 3614 descriptio
879 3527 920 3590 ab
945 3528 1097 3593 Homero

53 3640 167 3725 petita,
191 3653 241 3703 tot
257 3661 371 3702 versus
389 3636 431 3702 ad
453 3637 591 3702 verbum
614 3623 714 3700 la'tine
740 3635 906 3712 conversi,
935 3649 982 3698 tot
1003 3635 1094 3708 loca,

53 3767 120 3844 quae
140 3743 391 3834 exquisitiorem
408 3743 533 3808 cultum
551 3760 765 3820 stornatum,
791 3740 843 3804 vel
860 3761 1015 3817 acumen,
1039 3737 1092 3802 vel

7 3837 8 3840 ¹
53 3833 250 3933 doctrinam,
278 3866 334 3915 aut
356 3849 446 3914 aliud
469 3847 551 3938 quid
577 3847 755 3916 reconditae
781 3863 905 3914 naturae
927 3839 1092 3934 produnt,
1177 3854 1181 3864 ·
