2724 4580
388 271 621 338 euersos
644 271 795 338 mese
818 273 842 336 r.
1074 287 1134 360 ηρ

100 413 104 423 ·
142 395 245 475 Dixit,
260 411 294 460 et
305 411 454 460 avertens
466 418 558 477 rosea
571 396 696 461 cervice
709 374 849 472 refulsit,

31 517 33 576 t
102 501 348 590 Ambrosiaeque
361 523 463 566 comae
475 500 624 565 divinum
636 500 757 565 vertice
770 498 906 563 odorem

30 613 32 690 i
101 607 288 694 Spiravere3
301 605 403 692 pedes
414 607 513 672 vestis
526 605 661 671 defluxit
671 605 713 671 ad
725 605 827 685 imos,

29 697 31 762 l
102 713 140 776 Et
151 734 230 776 vera
241 712 372 776 incessu
383 712 489 799 patuit
501 711 571 776 deo.
586 711 733 791 Ille,uhi
745 726 882 775 matrem
1091 719 1139 776 lot

28 821 29 826 ’
103 816 279 904 Adgnovit,
293 817 349 880 tali
361 817 541 906 fugientem
553 833 601 882 est
612 838 693 881 voce
705 829 853 881 secutus:

101 919 187 1002 Quid
199 938 315 986 natum
325 923 436 1001 totieS,
451 921 592 986 erudelis
605 937 642 986 tu
654 943 803 1010 quoque,
817 918 904 982 falsis

101 1024 202 1090 Ludis
215 1026 432 1113 imaginibus?
443 1049 503 1091 eur
513 1025 635 1090 dextrae
643 1026 783 1114 jungere
796 1021 942 1087 dextram

101 1131 173 1194 Non
186 1128 297 1209 datur,
310 1153 451 1196 asseras
463 1129 578 1195 audire
590 1146 623 1194 et
635 1128 774 1194 reddere
787 1129 904 1193 voces?

101 1234 236 1300 Talibus
249 1236 390 1314 incusat,
404 1255 620 1324 gressumque
631 1234 673 1298 ad
685 1235 805 1298 moenia
817 1230 931 1298 tendit.
1094 1243 1139 1300 41⁰

99 1341 139 1406 At
150 1339 265 1403 Venus
278 1339 419 1404 obscuro
432 1337 611 1426 gradientis
622 1361 697 1402 aere
709 1340 831 1426 saepsit,

100 1443 140 1508 Et
152 1443 260 1507 multo
273 1442 403 1510 nebulae
415 1445 539 1510 circum
552 1442 614 1519 dea
625 1443 711 1507 fudit
722 1445 859 1507 amictu:

98 1609 163 1674 quod
175 1608 286 1672 equidem
294 1609 517 1670 dieeremvulgariur
528 1623 584 1657 esse.
594 1611 661 1656 ducet
669 1610 773 1655 edVen.
780 1609 845 1670 dqrr't
853 1605 942 1654 zulich.
951 1612 988 1653 υὶα
996 1609 1058 1654 deecit
1065 1609 1138 1671 Bigot.

97 1679 171 1742 dalye
180 1678 243 1723 Gud.
256 1689 279 1724 et
290 1678 356 1723 Rom.
366 1676 456 1734 —dum
466 1679 583 1725 odvmens
592 1677 674 1725 llamb.
684 1695 730 1726 sec.
743 1677 907 1736 male-403.
917 1679 938 1722 Α
948 1681 1028 1724 vertice
1037 1691 1089 1725 octo
1101 1682 1138 1740 ap}

97 1752 175 1796 Burm-
188 1749 253 1812 quod
268 1749 351 1811 probat
359 1752 396 1796 vir
404 1749 549 1798 doctissimus
560 1765 657 1814 propter
666 1747 693 1798 el
703 1761 813 1799 avertens.
824 1750 870 1797 Sed
882 1766 972 1814 semper
983 1750 1099 1796 lubricum
1114 1753 1140 1796 in

97 1820 183 1866 talibus
190 1819 322 1882 iuditium
331 1822 422 1883 poetica
434 1823 496 1868 enin
507 1837 580 1886 eaque
593 1825 729 1886 exquisitior
740 1826 799 1870 ratio
808 1824 995 1886 praepositionem
1004 1825 1106 1885 respuit;
1117 1835 1141 1868 et

97 1901 175 1937 tamen
186 1889 294 1954 plurimis
303 1891 361 1937 locis
372 1903 447 1954 poetes
458 1891 548 1955 vulgari
557 1897 648 1941 retione
663 1908 761 1944 utuntur
765 1913 773 1952 ς
784 1908 825 1950 ut,
839 1894 880 1942 ubi
892 1910 918 1941 ea
934 1910 947 1939 a
956 1893 1052 1940 librario
1062 1897 1140 1956 potius

97 1977 167 2023 quam
177 1977 191 2007 a
202 1972 272 2024 poeta
278 1961 381 2024 profecte
391 1964 433 2019 sit,
443 1963 508 2010 dictu
517 1966 547 2010 sit
556 1965 659 2012 difficile.
667 1967 758 2024 -406,
768 1967 873 2014 estaleest
881 1965 973 2026 Meneg.
983 1981 1019 2026 pr.
1028 1964 1145 2010 etllamlr¹⁴

97 2045 142 2078 see.
154 2030 354 2097 malefitq'oentem
364 2031 406 2078 toli·
412 2043 446 2080 est
455 2051 477 2079 v.
495 2049 514 2080 s.
526 2036 673 2097 longobard.
683 2039 761 2084 Pierii.
773 2061 805 2073 -·
815 2036 868 2092 los.
878 2036 968 2082 dextros
984 2034 1091 2082 llottend.
1103 2051 1139 2096 pr.

96 2102 199 2148 meum
208 2105 222 2148 ι’.
233 2104 320 2150 dextroe
330 2104 411 2150 llamh.
421 2122 457 2170 pr.
466 2131 498 2140 -
509 2105 562 2167 409.
574 2117 615 2154 aut
625 2123 690 2156 veros
701 2108 760 2154 alter
769 2106 878 2154 Rottend.
896 2115 919 2151 et
933 2121 954 2149 v.
967 2115 1020 2150 tert.
1034 2103 1102 2149 Goth.
1113 2119 1140 2148 ao

97 2174 188 2220 reddere
195 2189 235 2221 sec
244 2175 325 2220 llemb.
336 2185 359 2221 et
366 2185 430 2223 notas
438 2178 516 2223 audire
524 2193 551 2237 oe
561 2178 686 2226 r.Parrlns.
693 2195 721 2225 ex
727 2179 769 2234 Vl,
774 2175 913 2238 (idq-dre.
923 2177 989 2220 vertit
996 2175 1070 2234 Biqot.
1080 2173 1143 2219 auctr

97 2246 177 2308 ΡΨ(-
187 2271 219 2282 ···
230 2245 257 2303 l!
265 2261 284 2291 ¹·
295 2249 431 2311 qradltntem
440 2249 522 2294 llamb.
537 2265 583 2296 sec:
593 2253 671 2314 soepet't
678 2253 792 2312 scriptura
805 2260 838 2294 est
847 2246 949 2292 Medieei
961 2257 985 2292 et
995 2245 1099 2290 Romani.
1110 2269 1141 2280 -

96 2314 150 2371 lta.
157 2315 241 2378 fiendi!
248 2317 323 2379 sigor.
330 2316 402 2380 fulsit
410 2317 528 2384 Walliau.¹

131 2455 192 2522 4⁰²·
211 2457 318 2510 Numen
339 2477 416 2511 suum
433 2463 522 2514 Venus
544 2463 594 2514 sub
644 2461 779 2525 illorsum,
791 2453 1078 2530 quoalegiturlliado,
1089 2453 1141 2506 3¹5
1161 2497 1168 2507 ,

97 2532 243 2587 discessum
259 2537 364 2608 prodit,
379 2528 453 2592 more
465 2531 594 2606 deorum,
643 2538 741 2592 elram
753 2540 846 2604 φαεινοῦ
861 2533 963 2601 πτύγμα
977 2546 1003 2587 et
1020 2533 1070 2586 338
1084 2531 1143 2598 ’ap-

98 2615 143 2682 qui
174 2615 291 2684 speciem
316 2616 460 2670 humanam
476 2609 595 2672 'mentiti
643 2619 733 2688 θρανίον
752 2615 907 2678 ledolraeo,
922 2612 943 2668 ὅν
957 2611 975 2664 οἱ
990 2610 1083 2681 Xdpmr
1098 2611 1141 2662 tol-

96 2693 237 2746 mortalem
263 2695 379 2764 aliquem
402 2711 592 2751 convenerunt.
640 2719 684 2764 μοι
695 2699 778 2751 ιυήί.
793 2697 914 2750 habiturn
925 2697 1015 2764 itaque
1028 2691 1083 2744 dete
1095 2692 1142 2743 de·

69 2827 73 2834 ι
97 2769 254 2824 Declaratur
273 2785 362 2826 autem
378 2775 468 2829 divina
485 2779 595 2828 Veneris
643 2781 742 2840 clarat,
755 2779 878 2830 incessum
898 2786 986 2826 autem
1004 2770 1142 2842 cogitele·

97 2849 184 2902 forma
202 2870 251 2920 per
275 2868 403 2904 summam
419 2854 595 2925 pulchritudi·
643 2853 703 2912 rem
715 2859 789 2910 illum
802 2869 827 2908 et
842 2854 942 2905 volatui
956 2851 1080 2914 similem,
1093 2866 1140 2900 eo·

98 2945 157 2980 nem
170 2930 294 3015 cepitis,
307 2950 396 2986 comas
407 2935 541 2987 ambrosia
549 2935 595 2988 de·
643 2937 794 2988 lumborum
805 2937 897 2985 instar.

98 3005 195 3058 libutus
208 3020 234 3059 et
246 3009 356 3063 odorem
368 3014 421 3065 late
431 3027 595 3087 spargentes,
680 3019 739 3085 407.
754 3014 834 3066 toties.
850 3011 948 3080 Saepius
961 3009 1041 3078 igitur
1050 3007 1141 3056 Venus

98 3097 153 3137 tum
165 3106 214 3157 per
230 3089 330 3158 pallam
347 3103 373 3143 et
390 3112 438 3163 per
454 3090 594 3147 incessum.
642 3099 698 3165 jam
710 3105 770 3148 ante
782 3104 846 3144 noto
858 3085 1141 3146 vitafuer³1·Sl⁰AE¹¹¹

98 3165 157 3216 Vid.
177 3167 284 3219 Excurs.
308 3168 343 3220 ad
359 3169 424 3223 h.v.
442 3172 508 3224 siin
525 3191 595 3225 rosea
643 3172 750 3242 11,589
769 3173 856 3241 Quum
872 3167 941 3219 miti
956 3184 994 3234 se,
1010 3182 1063 3216 non
1079 3174 1141 3214 ante

98 3245 195 3296 cervice
211 3263 267 3298 non
285 3259 339 3299 tam
357 3251 461 3303 Horatii
479 3254 490 3302 l
507 3252 593 3304 Carm.
644 3251 726 3306 oculis
738 3263 792 3304 tam
808 3248 894 3314 clara,
906 3245 1043 3298 videndam
1060 3243 1142 3295 Obtu-

102 3326 146 3389 13,
167 3341 176 3374 1
197 3328 397 3394 auctoritatem,
417 3347 498 3401 quem
514 3331 595 3383 ratio·
645 3330 678 3382 lit
686 3369 695 3396 ,
707 3341 809 3400 etpura
817 3346 867 3400 per
877 3336 979 3377 noctem
990 3323 1018 3374 t'n
1031 3321 1089 3374 luce
1101 3340 1141 3374 re-

99 3423 158 3463 nem
171 3403 324 3472 desideras,
347 3421 393 3459 aut
411 3421 476 3479 puta
496 3427 595 3462 roseum
639 3407 806 3480 fulsitAlma
814 3425 909 3479 parens
917 3416 966 3456 etc.
977 3404 1012 3454 el.
1022 3403 1140 3474 Disquis.

98 3500 153 3534 esse
166 3485 276 3536 omnino
288 3503 369 3538 suave
380 3488 422 3538 vel
435 3485 594 3558 pulchrum,
644 3490 681 3554 ll,
694 3508 719 3560 p.
737 3489 825 3540 LXVI.
838 3515 873 3526 --
885 3485 945 3552 408.
957 3482 1016 3552 409·
1030 3499 1060 3532 ac
1070 3499 1142 3532 verat

88 3575 143 3614 ,aut
161 3564 279 3617 colorem
298 3564 422 3618 floridum
440 3568 550 3638 exprimi
567 3569 595 3619 in
644 3567 736 3618 audire
748 3577 773 3616 et
785 3565 887 3617 reddere
894 3580 964 3616 voces
971 3580 1025 3612 uon
1035 3577 1066 3612 ex
1075 3558 1140 3611 alie-

99 3653 189 3696 tenera
217 3657 277 3697 cute
305 3647 385 3697 etiam
408 3644 597 3698 candidissima
645 3666 680 3698 na
696 3662 810 3717 persona
827 3644 941 3707 adscita,
957 3641 1004 3694 sed
1015 3652 1044 3690 ut
1056 3650 1140 3691 mater

98 3722 284 3792 pellueentem.
314 3723 464 3777 Ambrosias
495 3743 594 3791 comas,
645 3726 793 3778 manifesto.
817 3723 857 3776 Cf.
882 3723 963 3774 verba
985 3720 1084 3792 Ulyssis
1106 3717 1141 3769 ad

100 3801 246 3867 ambrosia,
255 3803 365 3856 deorum
373 3803 426 3855 hoe
432 3817 596 3875 unguentum
645 3817 756 3856 matrem
766 3806 835 3856 iuter
846 3802 962 3854 umbras.
977 3799 1028 3852 Od.
1042 3814 1070 3857 s,
1089 3814 1141 3870 ²⁰9

98 3892 151 3944 est,
161 3881 313 3946 delibutas,
326 3882 360 3933 ab
371 3886 486 3933 Homero
496 3882 578 3934 habet
588 3919 597 3946 ,
646 3899 705 3953 sqq.

98 3957 171 4010 lliad.
185 3980 216 4023 e,
231 3960 291 4014 528.
301 3959 378 4032 palla
390 3963 501 4014 Veneris
511 3961 554 4014 rel
566 3980 598 4014 ex
681 3962 740 4028 4¹²·
768 3963 856 4014 Densa
879 3959 949 4010 nube
973 3951 1142 4010 circumfudit
