<?xml version="1.0" encoding="UTF-8"?>
<!DOCTYPE html PUBLIC "-//W3C//DTD XHTML 1.0 Transitional//EN"
    "http://www.w3.org/TR/xhtml1/DTD/xhtml1-transitional.dtd">
<html xmlns="http://www.w3.org/1999/xhtml" xml:lang="en" lang="en">
 <head>
  <title>
</title>
<meta http-equiv="Content-Type" content="text/html;charset=utf-8" />
  <meta name='ocr-system' content='tesseract 3.04.00' />
  <meta name='ocr-capabilities' content='ocr_page ocr_carea ocr_par ocr_line ocrx_word'/>
</head>
<body>
  <div class='ocr_page' id='page_1' title='image "./pvirgiliusmaroq00barbgoog_0536.png"; bbox 0 0 2656 4592; ppageno 0'>
   <div class='ocr_carea' id='block_1_1' title="bbox 206 304 1003 394">
    <p class='ocr_par' dir='ltr' id='par_1_1' title="bbox 206 304 1003 394">
     <span class='ocr_line' id='line_1_1' title="bbox 206 304 1003 394; baseline -0.003 -19"><span class='ocrx_word' id='word_1_1' title='bbox 206 311 270 394; x_wconf 72' lang='lat'><strong>5²4</strong></span> <span class='ocrx_word' id='word_1_2' title='bbox 454 313 489 373; x_wconf 90' lang='lat' dir='ltr'><strong>P.</strong></span> <span class='ocrx_word' id='word_1_3' title='bbox 512 304 743 368; x_wconf 83' lang='lat' dir='ltr'><strong>VlRGlLll</strong></span> <span class='ocrx_word' id='word_1_4' title='bbox 767 305 1003 374; x_wconf 84' lang='lat' dir='ltr'>MARONIS</span> 
     </span>
    </p>
   </div>
   <div class='ocr_carea' id='block_1_2' title="bbox 205 419 1306 947">
    <p class='ocr_par' dir='ltr' id='par_1_2' title="bbox 205 419 1306 947">
     <span class='ocr_line' id='line_1_2' title="bbox 249 419 986 518; baseline -0.003 -20"><span class='ocrx_word' id='word_1_5' title='bbox 249 431 385 498; x_wconf 81' lang='lat' dir='ltr'>Talibus</span> <span class='ocrx_word' id='word_1_6' title='bbox 398 419 525 508; x_wconf 74' lang='lat' dir='ltr'><strong>orabat,</strong></span> <span class='ocrx_word' id='word_1_7' title='bbox 537 429 678 518; x_wconf 80' lang='lat' dir='ltr'><strong>talisque</strong></span> <span class='ocrx_word' id='word_1_8' title='bbox 690 430 873 494; x_wconf 84' lang='lat' dir='ltr'><strong>miserrime</strong></span> <span class='ocrx_word' id='word_1_9' title='bbox 885 430 986 496; x_wconf 80' lang='lat' dir='ltr'><strong>fletus</strong></span> 
     </span>
     <span class='ocr_line' id='line_1_3' title="bbox 205 536 1078 628; baseline 0 -24"><span class='ocrx_word' id='word_1_10' title='bbox 205 543 348 628; x_wconf 84' lang='lat' dir='ltr'>Fertque</span> <span class='ocrx_word' id='word_1_11' title='bbox 360 540 529 626; x_wconf 82' lang='lat' dir='ltr'><strong>refertque</strong></span> <span class='ocrx_word' id='word_1_12' title='bbox 542 559 654 602; x_wconf 86' lang='lat' dir='ltr'><strong>soror:</strong></span> <span class='ocrx_word' id='word_1_13' title='bbox 668 536 726 600; x_wconf 85' lang='lat' dir='ltr'><strong>sed</strong></span> <span class='ocrx_word' id='word_1_14' title='bbox 739 537 838 601; x_wconf 85' lang='lat' dir='ltr'><strong>nullis</strong></span> <span class='ocrx_word' id='word_1_15' title='bbox 851 538 906 602; x_wconf 88' lang='lat' dir='ltr'><strong>ille</strong></span> <span class='ocrx_word' id='word_1_16' title='bbox 919 557 1078 604; x_wconf 84' lang='lat' dir='ltr'><strong>movetur</strong></span> 
     </span>
     <span class='ocr_line' id='line_1_4' title="bbox 206 641 1306 728; baseline -0.005 -16"><span class='ocrx_word' id='word_1_17' title='bbox 206 647 364 724; x_wconf 79' lang='lat' dir='ltr'><strong>Fletibus,</strong></span> <span class='ocrx_word' id='word_1_18' title='bbox 378 663 435 710; x_wconf 83' lang='lat' dir='ltr'><strong>eut</strong></span> <span class='ocrx_word' id='word_1_19' title='bbox 446 665 544 708; x_wconf 85' lang='lat' dir='ltr'><strong>voces</strong></span> <span class='ocrx_word' id='word_1_20' title='bbox 558 643 641 708; x_wconf 81' lang='lat' dir='ltr'><strong>ullus</strong></span> <span class='ocrx_word' id='word_1_21' title='bbox 653 641 830 708; x_wconf 76' lang='lat' dir='ltr'><strong>tractabilis</strong></span> <span class='ocrx_word' id='word_1_22' title='bbox 842 643 951 724; x_wconf 77' lang='lat' dir='ltr'><strong>audit3</strong></span> <span class='ocrx_word' id='word_1_23' title='bbox 1305 723 1306 728; x_wconf 8' lang='grc' dir='ltr'>η</span> 
     </span>
     <span class='ocr_line' id='line_1_5' title="bbox 205 750 1252 840; baseline -0.006 -22"><span class='ocrx_word' id='word_1_24' title='bbox 205 759 282 819; x_wconf 79' lang='lat' dir='ltr'><strong>Fata</strong></span> <span class='ocrx_word' id='word_1_25' title='bbox 296 753 441 830; x_wconf 81' lang='lat' dir='ltr'><strong>obstant,</strong></span> <span class='ocrx_word' id='word_1_26' title='bbox 454 750 669 840; x_wconf 84' lang='lat' dir='ltr'><strong>placidasque</strong></span> <span class='ocrx_word' id='word_1_27' title='bbox 682 752 744 814; x_wconf 87' lang='lat' dir='ltr'><strong>viri</strong></span> <span class='ocrx_word' id='word_1_28' title='bbox 757 750 839 815; x_wconf 83' lang='lat' dir='ltr'><strong>deus</strong></span> <span class='ocrx_word' id='word_1_29' title='bbox 852 751 996 816; x_wconf 88' lang='lat' dir='ltr'><strong>obstruit</strong></span> <span class='ocrx_word' id='word_1_30' title='bbox 1007 755 1110 817; x_wconf 81' lang='lat' dir='ltr'><strong>auris.</strong></span> <span class='ocrx_word' id='word_1_31' title='bbox 1215 767 1252 824; x_wconf 74' lang='lat' dir='ltr'><strong>iio</strong></span> 
     </span>
     <span class='ocr_line' id='line_1_6' title="bbox 205 857 1095 947; baseline -0.003 -22"><span class='ocrx_word' id='word_1_32' title='bbox 205 865 250 925; x_wconf 80' lang='lat' dir='ltr'><strong>Ao</strong></span> <span class='ocrx_word' id='word_1_33' title='bbox 263 861 368 938; x_wconf 86' lang='lat' dir='ltr'><strong>velut,</strong></span> <span class='ocrx_word' id='word_1_34' title='bbox 382 881 509 923; x_wconf 83' lang='lat' dir='ltr'><strong>annoso</strong></span> <span class='ocrx_word' id='word_1_35' title='bbox 521 857 664 921; x_wconf 82' lang='lat' dir='ltr'><strong>validam</strong></span> <span class='ocrx_word' id='word_1_36' title='bbox 677 879 781 945; x_wconf 89' lang='lat' dir='ltr'><strong>quum</strong></span> <span class='ocrx_word' id='word_1_37' title='bbox 795 857 915 922; x_wconf 81' lang='lat' dir='ltr'><strong>robore</strong></span> <span class='ocrx_word' id='word_1_38' title='bbox 928 877 1095 947; x_wconf 86' lang='lat' dir='ltr'><strong>quercum</strong></span> 
     </span>
    </p>
   </div>
   <div class='ocr_carea' id='block_1_3' title="bbox 182 1023 1311 3160">
    <p class='ocr_par' dir='ltr' id='par_1_3' title="bbox 201 1023 1311 2450">
     <span class='ocr_line' id='line_1_7' title="bbox 206 1023 1253 1092; baseline -0.002 -16"><span class='ocrx_word' id='word_1_39' title='bbox 206 1034 244 1076; x_wconf 86' lang='lat' dir='ltr'><strong>tim</strong></span> <span class='ocrx_word' id='word_1_40' title='bbox 254 1045 306 1074; x_wconf 88' lang='lat' dir='ltr'><strong>cum</strong></span> <span class='ocrx_word' id='word_1_41' title='bbox 316 1027 403 1089; x_wconf 77' lang='lat' dir='ltr'>glossa,</span> <span class='ocrx_word' id='word_1_42' title='bbox 413 1027 475 1090; x_wconf 79' lang='lat' dir='ltr'><strong>quod</strong></span> <span class='ocrx_word' id='word_1_43' title='bbox 484 1025 597 1071; x_wconf 82' lang='lat' dir='ltr'><strong>tniht&#39;cunt</strong></span> <span class='ocrx_word' id='word_1_44' title='bbox 606 1027 694 1070; x_wconf 82' lang='lat' dir='ltr'><strong>dederis</strong></span> <span class='ocrx_word' id='word_1_45' title='bbox 702 1023 850 1071; x_wconf 81' lang='lat' dir='ltr'><strong>cumulatum.</strong></span> <span class='ocrx_word' id='word_1_46' title='bbox 858 1028 932 1071; x_wconf 87' lang='lat' dir='ltr'><strong>Porro</strong></span> <span class='ocrx_word' id='word_1_47' title='bbox 940 1033 1055 1074; x_wconf 78' lang='lat' dir='ltr'><strong>remittam</strong></span> <span class='ocrx_word' id='word_1_48' title='bbox 1063 1029 1148 1075; x_wconf 86' lang='lat' dir='ltr'><strong>Heius.</strong></span> <span class='ocrx_word' id='word_1_49' title='bbox 1159 1033 1253 1092; x_wconf 86' lang='lat' dir='ltr'><strong>reposuit</strong></span> 
     </span>
     <span class='ocr_line' id='line_1_8' title="bbox 205 1095 1254 1164; baseline -0.003 -15"><span class='ocrx_word' id='word_1_50' title='bbox 205 1121 218 1150; x_wconf 90' lang='lat' dir='ltr'><strong>e</strong></span> <span class='ocrx_word' id='word_1_51' title='bbox 230 1103 366 1149; x_wconf 84' lang='lat' dir='ltr'><strong>melioribus</strong></span> <span class='ocrx_word' id='word_1_52' title='bbox 378 1103 425 1146; x_wconf 81' lang='lat' dir='ltr'><strong>suis</strong></span> <span class='ocrx_word' id='word_1_53' title='bbox 437 1109 460 1144; x_wconf 91' lang='lat' dir='ltr'><strong>et</strong></span> <span class='ocrx_word' id='word_1_54' title='bbox 472 1099 596 1154; x_wconf 75' lang='lat' dir='ltr'><strong>Pirrisnii;</strong></span> <span class='ocrx_word' id='word_1_55' title='bbox 609 1097 679 1160; x_wconf 71' lang='lat' dir='ltr'><strong>vulgo</strong></span> <span class='ocrx_word' id='word_1_56' title='bbox 691 1095 816 1162; x_wconf 76' lang='lat' dir='ltr'><strong>relinquam</strong></span> <span class='ocrx_word' id='word_1_57' title='bbox 821 1115 830 1152; x_wconf 73' lang='lat'><strong>‚¹</strong></span> <span class='ocrx_word' id='word_1_58' title='bbox 841 1095 882 1144; x_wconf 87' lang='lat' dir='ltr'><strong>sed</strong></span> <span class='ocrx_word' id='word_1_59' title='bbox 895 1111 929 1144; x_wconf 91' lang='lat' dir='ltr'><strong>est</strong></span> <span class='ocrx_word' id='word_1_60' title='bbox 941 1102 1007 1162; x_wconf 85' lang='lat' dir='ltr'><strong>prius</strong></span> <span class='ocrx_word' id='word_1_61' title='bbox 1018 1099 1081 1146; x_wconf 90' lang='lat' dir='ltr'><strong>illud</strong></span> <span class='ocrx_word' id='word_1_62' title='bbox 1094 1103 1211 1164; x_wconf 78' lang='lat' dir='ltr'><strong>exquisite</strong></span> <span class='ocrx_word' id='word_1_63' title='bbox 1220 1115 1254 1162; x_wconf 88' lang='lat' dir='ltr'><strong>pro</strong></span> 
     </span>
     <span class='ocr_line' id='line_1_9' title="bbox 204 1168 1254 1236; baseline -0.001 -18"><span class='ocrx_word' id='word_1_64' title='bbox 204 1173 300 1236; x_wconf 69' lang='lat' dir='ltr'><strong>rqsemm</strong></span> <span class='ocrx_word' id='word_1_65' title='bbox 310 1172 399 1216; x_wconf 86' lang='lat' dir='ltr'><strong>dictum</strong></span> <span class='ocrx_word' id='word_1_66' title='bbox 408 1186 413 1214; x_wconf 92' lang='lat'>:</span> <span class='ocrx_word' id='word_1_67' title='bbox 423 1173 540 1214; x_wconf 82' lang='lat' dir='ltr'><strong>rentissum</strong></span> <span class='ocrx_word' id='word_1_68' title='bbox 549 1168 655 1216; x_wconf 73' lang='lat' dir='ltr'><strong>Perrhae.</strong></span> <span class='ocrx_word' id='word_1_69' title='bbox 666 1182 689 1214; x_wconf 93' lang='lat' dir='ltr'><strong>et</strong></span> <span class='ocrx_word' id='word_1_70' title='bbox 699 1171 779 1230; x_wconf 67' lang='lat' dir='ltr'><strong>Puqet.</strong></span> <span class='ocrx_word' id='word_1_71' title='bbox 787 1171 838 1214; x_wconf 78' lang='lat' dir='ltr'><strong>iarn</strong></span> <span class='ocrx_word' id='word_1_72' title='bbox 846 1168 903 1214; x_wconf 83' lang='lat' dir='ltr'><strong>olim</strong></span> <span class='ocrx_word' id='word_1_73' title='bbox 910 1185 983 1232; x_wconf 80' lang='lat' dir='ltr'><strong>super</strong></span> <span class='ocrx_word' id='word_1_74' title='bbox 990 1171 1063 1234; x_wconf 80' lang='lat' dir='ltr'><strong>hujus</strong></span> <span class='ocrx_word' id='word_1_75' title='bbox 1070 1188 1155 1218; x_wconf 73' lang='lat' dir='ltr'><strong>remus</strong></span> <span class='ocrx_word' id='word_1_76' title='bbox 1164 1171 1254 1218; x_wconf 85' lang='lat' dir='ltr'><strong>lectione</strong></span> 
     </span>
     <span class='ocr_line' id='line_1_10' title="bbox 204 1241 1253 1306; baseline -0.004 -15"><span class='ocrx_word' id='word_1_77' title='bbox 204 1246 335 1292; x_wconf 84' lang='lat' dir='ltr'><strong>dubitatum</strong></span> <span class='ocrx_word' id='word_1_78' title='bbox 349 1243 431 1296; x_wconf 84' lang='lat' dir='ltr'><strong>luisse,</strong></span> <span class='ocrx_word' id='word_1_79' title='bbox 444 1257 471 1285; x_wconf 84' lang='lat' dir='ltr'><strong>ex</strong></span> <span class='ocrx_word' id='word_1_80' title='bbox 483 1243 564 1286; x_wconf 81' lang='lat' dir='ltr'><strong>Servio</strong></span> <span class='ocrx_word' id='word_1_81' title='bbox 579 1253 601 1285; x_wconf 91' lang='lat' dir='ltr'><strong>et</strong></span> <span class='ocrx_word' id='word_1_82' title='bbox 617 1243 747 1302; x_wconf 88' lang='lat' dir='ltr'><strong>Pomponio</strong></span> <span class='ocrx_word' id='word_1_83' title='bbox 758 1242 810 1286; x_wconf 68' lang='lat' dir='ltr'><strong>sih.</strong></span> <span class='ocrx_word' id='word_1_84' title='bbox 826 1253 903 1303; x_wconf 80' lang='lat' dir='ltr'><strong>patet3</strong></span> <span class='ocrx_word' id='word_1_85' title='bbox 918 1241 1045 1288; x_wconf 87' lang='lat' dir='ltr'><strong>lectionem</strong></span> <span class='ocrx_word' id='word_1_86' title='bbox 1061 1243 1163 1306; x_wconf 90' lang='lat' dir='ltr'><strong>quidem</strong></span> <span class='ocrx_word' id='word_1_87' title='bbox 1178 1245 1253 1288; x_wconf 84' lang='lat' dir='ltr'><strong>dederis</strong></span> 
     </span>
     <span class='ocr_line' id='line_1_11' title="bbox 202 1312 1253 1378; baseline -0.002 -16"><span class='ocrx_word' id='word_1_88' title='bbox 202 1319 302 1362; x_wconf 78' lang='lat' dir='ltr'><strong>Tuccam</strong></span> <span class='ocrx_word' id='word_1_89' title='bbox 320 1327 343 1360; x_wconf 93' lang='lat' dir='ltr'><strong>et</strong></span> <span class='ocrx_word' id='word_1_90' title='bbox 355 1315 450 1359; x_wconf 74' lang='lat' dir='ltr'><strong>Varium</strong></span> <span class='ocrx_word' id='word_1_91' title='bbox 462 1312 583 1374; x_wconf 81' lang='lat' dir='ltr'><strong>probasse,</strong></span> <span class='ocrx_word' id='word_1_92' title='bbox 601 1325 701 1375; x_wconf 87' lang='lat' dir='ltr'><strong>uterque</strong></span> <span class='ocrx_word' id='word_1_93' title='bbox 716 1313 798 1367; x_wconf 68' lang='lat' dir='ltr'><strong>tradic</strong></span> <span class='ocrx_word' id='word_1_94' title='bbox 815 1326 837 1358; x_wconf 80' lang='lat' dir='ltr'><strong>at</strong></span> <span class='ocrx_word' id='word_1_95' title='bbox 849 1313 951 1360; x_wconf 83' lang='lat' dir='ltr'><strong>Medieei</strong></span> <span class='ocrx_word' id='word_1_96' title='bbox 964 1315 1054 1360; x_wconf 86' lang='lat' dir='ltr'><strong>codicis</strong></span> <span class='ocrx_word' id='word_1_97' title='bbox 1066 1318 1209 1378; x_wconf 77' lang='lat' dir='ltr'><strong>scripturam</strong></span> <span class='ocrx_word' id='word_1_98' title='bbox 1222 1316 1253 1359; x_wconf 82' lang='lat' dir='ltr'><strong>de-</strong></span> 
     </span>
     <span class='ocr_line' id='line_1_12' title="bbox 204 1382 1253 1448; baseline -0.002 -16"><span class='ocrx_word' id='word_1_99' title='bbox 204 1387 262 1432; x_wconf 80' lang='lat' dir='ltr'><strong>derit</strong></span> <span class='ocrx_word' id='word_1_100' title='bbox 273 1387 407 1448; x_wconf 78' lang='lat' dir='ltr'><strong>Aproniauo</strong></span> <span class='ocrx_word' id='word_1_101' title='bbox 417 1382 511 1436; x_wconf 84' lang='lat' dir='ltr'><strong>deberi,</strong></span> <span class='ocrx_word' id='word_1_102' title='bbox 525 1397 552 1427; x_wconf 84' lang='lat' dir='ltr'><strong>et</strong></span> <span class='ocrx_word' id='word_1_103' title='bbox 564 1383 696 1444; x_wconf 88' lang='lat' dir='ltr'><strong>Pomponio</strong></span> <span class='ocrx_word' id='word_1_104' title='bbox 708 1383 817 1433; x_wconf 80' lang='lat' dir='ltr'><strong>discitur,</strong></span> <span class='ocrx_word' id='word_1_105' title='bbox 828 1387 895 1446; x_wconf 85' lang='lat' dir='ltr'><strong>cujus</strong></span> <span class='ocrx_word' id='word_1_106' title='bbox 908 1395 987 1430; x_wconf 80' lang='lat' dir='ltr'><strong>tomen</strong></span> <span class='ocrx_word' id='word_1_107' title='bbox 999 1385 1072 1430; x_wconf 78' lang='lat' dir='ltr'><strong>verba</strong></span> <span class='ocrx_word' id='word_1_108' title='bbox 1085 1389 1105 1431; x_wconf 84' lang='lat' dir='ltr'><strong>si</strong></span> <span class='ocrx_word' id='word_1_109' title='bbox 1118 1399 1184 1431; x_wconf 84' lang='lat' dir='ltr'><strong>reete</strong></span> <span class='ocrx_word' id='word_1_110' title='bbox 1194 1383 1253 1430; x_wconf 87' lang='lat' dir='ltr'><strong>intel-</strong></span> 
     </span>
     <span class='ocr_line' id='line_1_13' title="bbox 203 1454 1254 1518; baseline -0.004 -13"><span class='ocrx_word' id='word_1_111' title='bbox 203 1458 262 1518; x_wconf 70' lang='lat' dir='ltr'><strong>ligo,</strong></span> <span class='ocrx_word' id='word_1_112' title='bbox 275 1454 413 1503; x_wconf 79' lang='lat' dir='ltr'><strong>ernnulatarn</strong></span> <span class='ocrx_word' id='word_1_113' title='bbox 427 1457 573 1516; x_wconf 76' lang='lat' dir='ltr'><strong>Apronianus</strong></span> <span class='ocrx_word' id='word_1_114' title='bbox 588 1467 611 1500; x_wconf 87' lang='lat' dir='ltr'><strong>et</strong></span> <span class='ocrx_word' id='word_1_115' title='bbox 626 1457 676 1516; x_wconf 81' lang='lat' dir='ltr'><strong>ipse</strong></span> <span class='ocrx_word' id='word_1_116' title='bbox 692 1457 794 1501; x_wconf 84' lang='lat' dir='ltr'><strong>tenuisse</strong></span> <span class='ocrx_word' id='word_1_117' title='bbox 807 1457 914 1511; x_wconf 86' lang='lat' dir='ltr'><strong>videtur,</strong></span> <span class='ocrx_word' id='word_1_118' title='bbox 927 1471 975 1502; x_wconf 92' lang='lat' dir='ltr'><strong>non</strong></span> <span class='ocrx_word' id='word_1_119' title='bbox 989 1458 1125 1513; x_wconf 77' lang='lat' dir='ltr'><strong>cumulata5</strong></span> <span class='ocrx_word' id='word_1_120' title='bbox 1138 1461 1182 1504; x_wconf 86' lang='lat' dir='ltr'><strong>etsi</strong></span> <span class='ocrx_word' id='word_1_121' title='bbox 1193 1459 1254 1502; x_wconf 83' lang='lat' dir='ltr'><strong>intet-</strong></span> 
     </span>
     <span class='ocr_line' id='line_1_14' title="bbox 202 1526 1309 1594; baseline -0.002 -20"><span class='ocrx_word' id='word_1_122' title='bbox 202 1532 303 1594; x_wconf 80' lang='lat' dir='ltr'><strong>pretatio</strong></span> <span class='ocrx_word' id='word_1_123' title='bbox 316 1530 345 1574; x_wconf 83' lang='lat' dir='ltr'><strong>nd</strong></span> <span class='ocrx_word' id='word_1_124' title='bbox 354 1531 431 1590; x_wconf 87' lang='lat' dir='ltr'><strong>ipsum</strong></span> <span class='ocrx_word' id='word_1_125' title='bbox 440 1529 554 1573; x_wconf 75' lang='lat' dir='ltr'><strong>retertur:</strong></span> <span class='ocrx_word' id='word_1_126' title='bbox 564 1526 700 1573; x_wconf 81' lang='lat' dir='ltr'><strong>cumulando</strong></span> <span class='ocrx_word' id='word_1_127' title='bbox 710 1537 787 1574; x_wconf 87' lang='lat' dir='ltr'><strong>morte.</strong></span> <span class='ocrx_word' id='word_1_128' title='bbox 799 1527 933 1574; x_wconf 80' lang='lat' dir='ltr'><strong>Adscribnm</strong></span> <span class='ocrx_word' id='word_1_129' title='bbox 945 1531 1070 1592; x_wconf 83' lang='lat' dir='ltr'><strong>Pomponii</strong></span> <span class='ocrx_word' id='word_1_130' title='bbox 1082 1529 1179 1577; x_wconf 86' lang='lat' dir='ltr'><strong>locum:</strong></span> <span class='ocrx_word' id='word_1_131' title='bbox 1189 1539 1254 1574; x_wconf 79' lang='lat' dir='ltr'><strong>extre·</strong></span> <span class='ocrx_word' id='word_1_132' title='bbox 1308 1567 1309 1572; x_wconf 72' lang='grc'>,</span> 
     </span>
     <span class='ocr_line' id='line_1_15' title="bbox 203 1597 1254 1663; baseline -0.004 -18"><span class='ocrx_word' id='word_1_133' title='bbox 203 1614 263 1646; x_wconf 82' lang='lat' dir='ltr'><strong>mant</strong></span> <span class='ocrx_word' id='word_1_134' title='bbox 273 1599 330 1645; x_wconf 83' lang='lat' dir='ltr'><strong>itanc</strong></span> <span class='ocrx_word' id='word_1_135' title='bbox 339 1603 440 1654; x_wconf 78' lang='lat' dir='ltr'><strong>veniam,</strong></span> <span class='ocrx_word' id='word_1_136' title='bbox 449 1615 501 1653; x_wconf 90' lang='lat' dir='ltr'><strong>oro,</strong></span> <span class='ocrx_word' id='word_1_137' title='bbox 512 1607 538 1643; x_wconf 90' lang='lat' dir='ltr'><strong>ut</strong></span> <span class='ocrx_word' id='word_1_138' title='bbox 546 1601 649 1660; x_wconf 81' lang='lat' dir='ltr'><strong>impetres</strong></span> <span class='ocrx_word' id='word_1_139' title='bbox 658 1597 687 1643; x_wconf 79' lang='lat' dir='ltr'><strong>nb</strong></span> <span class='ocrx_word' id='word_1_140' title='bbox 694 1599 779 1654; x_wconf 84' lang='lat' dir='ltr'><strong>AEnea,</strong></span> <span class='ocrx_word' id='word_1_141' title='bbox 789 1597 851 1644; x_wconf 86' lang='lat' dir='ltr'><strong>idest</strong></span> <span class='ocrx_word' id='word_1_142' title='bbox 859 1597 1008 1660; x_wconf 80' lang='lat' dir='ltr'><strong>beneficium:</strong></span> <span class='ocrx_word' id='word_1_143' title='bbox 1019 1599 1043 1645; x_wconf 85' lang='lat' dir='ltr'><strong>id</strong></span> <span class='ocrx_word' id='word_1_144' title='bbox 1051 1611 1100 1656; x_wconf 86' lang='lat' dir='ltr'><strong>est,</strong></span> <span class='ocrx_word' id='word_1_145' title='bbox 1112 1611 1138 1646; x_wconf 84' lang='lat' dir='ltr'><strong>ut</strong></span> <span class='ocrx_word' id='word_1_146' title='bbox 1146 1598 1254 1663; x_wconf 65' lang='lat' dir='ltr'><strong>protrahat</strong></span> 
     </span>
     <span class='ocr_line' id='line_1_16' title="bbox 202 1669 1255 1735; baseline -0.002 -18"><span class='ocrx_word' id='word_1_147' title='bbox 202 1673 326 1718; x_wconf 60' lang='lat' dir='ltr'><strong>decessum</strong></span> <span class='ocrx_word' id='word_1_148' title='bbox 336 1681 416 1726; x_wconf 80' lang='lat' dir='ltr'><strong>stium,</strong></span> <span class='ocrx_word' id='word_1_149' title='bbox 428 1669 498 1716; x_wconf 76' lang='lat' dir='ltr'><strong>donec</strong></span> <span class='ocrx_word' id='word_1_150' title='bbox 509 1670 593 1715; x_wconf 84' lang='lat' dir='ltr'><strong>dt&#39;scnrn</strong></span> <span class='ocrx_word' id='word_1_151' title='bbox 606 1669 687 1716; x_wconf 80' lang='lat' dir='ltr'><strong>dolere.</strong></span> <span class='ocrx_word' id='word_1_152' title='bbox 704 1671 730 1715; x_wconf 86' lang='lat' dir='ltr'><strong>Si</strong></span> <span class='ocrx_word' id='word_1_153' title='bbox 738 1675 883 1728; x_wconf 72' lang='lat' dir='ltr'><strong>concesserit,</strong></span> <span class='ocrx_word' id='word_1_154' title='bbox 897 1684 1015 1735; x_wconf 87' lang='lat' dir='ltr'><strong>nunquam</strong></span> <span class='ocrx_word' id='word_1_155' title='bbox 1028 1687 1069 1718; x_wconf 84' lang='lat' dir='ltr'><strong>ero</strong></span> <span class='ocrx_word' id='word_1_156' title='bbox 1083 1676 1203 1718; x_wconf 86' lang='lat' dir='ltr'><strong>immemor</strong></span> <span class='ocrx_word' id='word_1_157' title='bbox 1214 1669 1255 1715; x_wconf 80' lang='lat' dir='ltr'><strong>nit&#39;s</strong></span> 
     </span>
     <span class='ocr_line' id='line_1_17' title="bbox 203 1741 1256 1810; baseline -0.002 -21"><span class='ocrx_word' id='word_1_158' title='bbox 203 1743 309 1805; x_wconf 78' lang='lat' dir='ltr'><strong>beneficii.</strong></span> <span class='ocrx_word' id='word_1_159' title='bbox 319 1743 355 1788; x_wconf 81' lang='lat' dir='ltr'><strong>Sic</strong></span> <span class='ocrx_word' id='word_1_160' title='bbox 366 1741 418 1806; x_wconf 74' lang='lat' dir='ltr'><strong>leqit</strong></span> <span class='ocrx_word' id='word_1_161' title='bbox 426 1743 579 1805; x_wconf 77' lang='lat' dir='ltr'><strong>Apronianus.</strong></span> <span class='ocrx_word' id='word_1_162' title='bbox 593 1743 669 1788; x_wconf 82' lang='lat' dir='ltr'><strong>Tucca</strong></span> <span class='ocrx_word' id='word_1_163' title='bbox 680 1750 702 1787; x_wconf 90' lang='lat' dir='ltr'><strong>et</strong></span> <span class='ocrx_word' id='word_1_164' title='bbox 714 1743 812 1799; x_wconf 85' lang='lat' dir='ltr'><strong>Varius,</strong></span> <span class='ocrx_word' id='word_1_165' title='bbox 822 1743 931 1806; x_wconf 74' lang='lat' dir='ltr'><strong>referente</strong></span> <span class='ocrx_word' id='word_1_166' title='bbox 941 1745 1019 1810; x_wconf 73' lang='lat' dir='ltr'><strong>Serqio</strong></span> <span class='ocrx_word' id='word_1_167' title='bbox 1028 1747 1036 1802; x_wconf 96' lang='lat'>(</span> <span class='ocrx_word' id='word_1_168' title='bbox 1045 1745 1161 1804; x_wconf 74' lang='lat' dir='ltr'><strong>Servio),</strong></span> <span class='ocrx_word' id='word_1_169' title='bbox 1172 1743 1256 1789; x_wconf 84' lang='lat' dir='ltr'><strong>dederis</strong></span> 
     </span>
     <span class='ocr_line' id='line_1_18' title="bbox 204 1813 1256 1880; baseline -0.003 -19"><span class='ocrx_word' id='word_1_170' title='bbox 204 1815 295 1880; x_wconf 74' lang='lat' dir='ltr'><strong>lequnt:</strong></span> <span class='ocrx_word' id='word_1_171' title='bbox 305 1817 363 1860; x_wconf 86' lang='lat' dir='ltr'><strong>Cum</strong></span> <span class='ocrx_word' id='word_1_172' title='bbox 373 1813 467 1860; x_wconf 86' lang='lat' dir='ltr'><strong>dederis</strong></span> <span class='ocrx_word' id='word_1_173' title='bbox 478 1818 581 1870; x_wconf 77' lang='lat' dir='ltr'><strong>veniam,</strong></span> <span class='ocrx_word' id='word_1_174' title='bbox 594 1815 734 1861; x_wconf 78' lang='lat' dir='ltr'><strong>cumulatam</strong></span> <span class='ocrx_word' id='word_1_175' title='bbox 748 1828 821 1862; x_wconf 83' lang='lat' dir='ltr'><strong>morte</strong></span> <span class='ocrx_word' id='word_1_176' title='bbox 833 1817 949 1862; x_wconf 78' lang='lat' dir='ltr'><strong>remittam</strong></span> <span class='ocrx_word' id='word_1_177' title='bbox 962 1815 995 1875; x_wconf 92' lang='lat' dir='ltr'><strong>(l.</strong></span> <span class='ocrx_word' id='word_1_178' title='bbox 1007 1816 1144 1880; x_wconf 80' lang='lat' dir='ltr'><strong>relinquam</strong></span> <span class='ocrx_word' id='word_1_179' title='bbox 1155 1818 1175 1874; x_wconf 78' lang='grc'><strong>1,</strong></span> <span class='ocrx_word' id='word_1_180' title='bbox 1187 1817 1256 1867; x_wconf 86' lang='lat' dir='ltr'><strong>idest,</strong></span> 
     </span>
     <span class='ocr_line' id='line_1_19' title="bbox 202 1885 1258 1952; baseline -0.005 -20"><span class='ocrx_word' id='word_1_181' title='bbox 202 1885 327 1950; x_wconf 81' lang='lat' dir='ltr'><strong>relinquunt</strong></span> <span class='ocrx_word' id='word_1_182' title='bbox 340 1895 457 1948; x_wconf 84' lang='lat' dir='ltr'><strong>aecrptum</strong></span> <span class='ocrx_word' id='word_1_183' title='bbox 468 1886 496 1930; x_wconf 84' lang='lat' dir='ltr'><strong>nh</strong></span> <span class='ocrx_word' id='word_1_184' title='bbox 508 1902 534 1932; x_wconf 91' lang='lat' dir='ltr'><strong>eo</strong></span> <span class='ocrx_word' id='word_1_185' title='bbox 546 1885 689 1948; x_wconf 74' lang='lat' dir='ltr'><strong>beneficium,</strong></span> <span class='ocrx_word' id='word_1_186' title='bbox 701 1897 772 1932; x_wconf 85' lang='lat' dir='ltr'><strong>morte</strong></span> <span class='ocrx_word' id='word_1_187' title='bbox 781 1885 931 1942; x_wconf 80' lang='lat' dir='ltr'><strong>curnulando;</strong></span> <span class='ocrx_word' id='word_1_188' title='bbox 944 1891 974 1932; x_wconf 79' lang='lat' dir='ltr'><strong>ito</strong></span> <span class='ocrx_word' id='word_1_189' title='bbox 985 1885 1091 1952; x_wconf 63' lang='lat' dir='ltr'><strong>inteiitqit</strong></span> <span class='ocrx_word' id='word_1_190' title='bbox 1103 1888 1258 1951; x_wconf 81' lang='lat' dir='ltr'><strong>Apronianus:</strong></span> 
     </span>
     <span class='ocr_line' id='line_1_20' title="bbox 203 1956 1258 2022; baseline -0.001 -20"><span class='ocrx_word' id='word_1_191' title='bbox 203 1956 261 2003; x_wconf 79' lang='lat' dir='ltr'><strong>inne</strong></span> <span class='ocrx_word' id='word_1_192' title='bbox 270 1959 396 2020; x_wconf 80' lang='lat' dir='ltr'><strong>opinionem</strong></span> <span class='ocrx_word' id='word_1_193' title='bbox 405 1959 495 2022; x_wconf 76' lang='lat' dir='ltr'><strong>Serqius</strong></span> <span class='ocrx_word' id='word_1_194' title='bbox 505 1961 511 2016; x_wconf 89' lang='lat'>(</span> <span class='ocrx_word' id='word_1_195' title='bbox 521 1959 631 2016; x_wconf 78' lang='lat' dir='ltr'><strong>Servius)</strong></span> <span class='ocrx_word' id='word_1_196' title='bbox 641 1959 747 2014; x_wconf 80' lang='lat' dir='ltr'><strong>dantnat,·</strong></span> <span class='ocrx_word' id='word_1_197' title='bbox 757 1971 779 2005; x_wconf 81' lang='lat' dir='ltr'><strong>et</strong></span> <span class='ocrx_word' id='word_1_198' title='bbox 790 1972 853 2005; x_wconf 84' lang='lat' dir='ltr'><strong>recte</strong></span> <span class='ocrx_word' id='word_1_199' title='bbox 865 1961 961 2022; x_wconf 85' lang='lat' dir='ltr'><strong>tuique,</strong></span> <span class='ocrx_word' id='word_1_200' title='bbox 976 1971 1031 2005; x_wconf 79' lang='lat' dir='ltr'><strong>narn</strong></span> <span class='ocrx_word' id='word_1_201' title='bbox 1045 1961 1213 2022; x_wconf 76' lang='lat' dir='ltr'><strong>interpretatio</strong></span> <span class='ocrx_word' id='word_1_202' title='bbox 1221 1959 1258 2002; x_wconf 79' lang='lat' dir='ltr'><strong>ista</strong></span> 
     </span>
     <span class='ocr_line' id='line_1_21' title="bbox 202 2027 1257 2094; baseline -0.002 -22"><span class='ocrx_word' id='word_1_203' title='bbox 202 2027 295 2074; x_wconf 79' lang='lat' dir='ltr'><strong>nullum</strong></span> <span class='ocrx_word' id='word_1_204' title='bbox 304 2028 392 2072; x_wconf 88' lang='lat' dir='ltr'><strong>bonnm</strong></span> <span class='ocrx_word' id='word_1_205' title='bbox 404 2041 497 2073; x_wconf 82' lang='lat' dir='ltr'><strong>sensum</strong></span> <span class='ocrx_word' id='word_1_206' title='bbox 508 2027 614 2082; x_wconf 54' lang='lat' dir='ltr'><strong>exhibea</strong></span> <span class='ocrx_word' id='word_1_207' title='bbox 626 2043 675 2074; x_wconf 87' lang='lat' dir='ltr'><strong>non</strong></span> <span class='ocrx_word' id='word_1_208' title='bbox 690 2031 751 2076; x_wconf 83' lang='lat' dir='ltr'><strong>enirn</strong></span> <span class='ocrx_word' id='word_1_209' title='bbox 767 2041 841 2076; x_wconf 84' lang='lat' dir='ltr'><strong>morte</strong></span> <span class='ocrx_word' id='word_1_210' title='bbox 854 2029 953 2075; x_wconf 82' lang='lat' dir='ltr'><strong>llltionis</strong></span> <span class='ocrx_word' id='word_1_211' title='bbox 965 2033 1097 2094; x_wconf 79' lang='lat' dir='ltr'><strong>quiequam</strong></span> <span class='ocrx_word' id='word_1_212' title='bbox 1109 2032 1171 2090; x_wconf 66' lang='lat' dir='ltr'><strong>grati</strong></span> <span class='ocrx_word' id='word_1_213' title='bbox 1184 2045 1210 2072; x_wconf 79' lang='lat' dir='ltr'><strong>ac</strong></span> <span class='ocrx_word' id='word_1_214' title='bbox 1220 2029 1257 2089; x_wconf 82' lang='lat' dir='ltr'><strong>ju-</strong></span> 
     </span>
     <span class='ocr_line' id='line_1_22' title="bbox 203 2099 1257 2164; baseline -0.003 -19"><span class='ocrx_word' id='word_1_215' title='bbox 203 2099 274 2145; x_wconf 88' lang='lat' dir='ltr'><strong>cundi</strong></span> <span class='ocrx_word' id='word_1_216' title='bbox 288 2101 314 2144; x_wconf 92' lang='lat' dir='ltr'><strong>in</strong></span> <span class='ocrx_word' id='word_1_217' title='bbox 328 2101 416 2145; x_wconf 76' lang='lat' dir='ltr'><strong>Annam</strong></span> <span class='ocrx_word' id='word_1_218' title='bbox 431 2099 510 2147; x_wconf 84' lang='lat' dir='ltr'><strong>redire</strong></span> <span class='ocrx_word' id='word_1_219' title='bbox 524 2111 627 2164; x_wconf 84' lang='lat' dir='ltr'><strong>poterat;</strong></span> <span class='ocrx_word' id='word_1_220' title='bbox 643 2105 686 2147; x_wconf 88' lang='lat' dir='ltr'><strong>etsi</strong></span> <span class='ocrx_word' id='word_1_221' title='bbox 701 2103 794 2148; x_wconf 81' lang='lat' dir='ltr'><strong>Servios</strong></span> <span class='ocrx_word' id='word_1_222' title='bbox 805 2101 863 2148; x_wconf 82' lang='lat' dir='ltr'><strong>nihil</strong></span> <span class='ocrx_word' id='word_1_223' title='bbox 878 2100 983 2148; x_wconf 80' lang='lat' dir='ltr'><strong>mellotis</strong></span> <span class='ocrx_word' id='word_1_224' title='bbox 998 2113 1061 2146; x_wconf 80' lang='lat' dir='ltr'><strong>notu²</strong></span> <span class='ocrx_word' id='word_1_225' title='bbox 1076 2099 1169 2146; x_wconf 75' lang='lat' dir='ltr'><strong>afferat.</strong></span> <span class='ocrx_word' id='word_1_226' title='bbox 1185 2099 1257 2143; x_wconf 75' lang='lat' dir='ltr'><strong>Manet</strong></span> 
     </span>
     <span class='ocr_line' id='line_1_23' title="bbox 202 2169 1258 2234; baseline -0.002 -18"><span class='ocrx_word' id='word_1_227' title='bbox 202 2171 273 2231; x_wconf 69' lang='lat' dir='ltr'><strong>igitur</strong></span> <span class='ocrx_word' id='word_1_228' title='bbox 284 2170 346 2217; x_wconf 84' lang='lat' dir='ltr'><strong>hoc:</strong></span> <span class='ocrx_word' id='word_1_229' title='bbox 359 2171 461 2216; x_wconf 75' lang='lat' dir='ltr'><strong>Tuccam</strong></span> <span class='ocrx_word' id='word_1_230' title='bbox 474 2185 497 2218; x_wconf 89' lang='lat' dir='ltr'><strong>et</strong></span> <span class='ocrx_word' id='word_1_231' title='bbox 508 2173 603 2218; x_wconf 81' lang='lat' dir='ltr'><strong>Varium</strong></span> <span class='ocrx_word' id='word_1_232' title='bbox 621 2173 730 2234; x_wconf 80' lang='lat' dir='ltr'><strong>probasse</strong></span> <span class='ocrx_word' id='word_1_233' title='bbox 748 2173 848 2228; x_wconf 68' lang='lat' dir='ltr'><strong>dederis3</strong></span> <span class='ocrx_word' id='word_1_234' title='bbox 866 2185 888 2220; x_wconf 89' lang='lat' dir='ltr'><strong>et</strong></span> <span class='ocrx_word' id='word_1_235' title='bbox 906 2173 935 2218; x_wconf 78' lang='lat' dir='ltr'><strong>nd</strong></span> <span class='ocrx_word' id='word_1_236' title='bbox 953 2175 1044 2217; x_wconf 78' lang='lat' dir='ltr'><strong>Annam</strong></span> <span class='ocrx_word' id='word_1_237' title='bbox 1058 2171 1181 2226; x_wconf 82' lang='lat' dir='ltr'><strong>retulisse;</strong></span> <span class='ocrx_word' id='word_1_238' title='bbox 1199 2169 1258 2233; x_wconf 86' lang='lat' dir='ltr'><strong>qnod</strong></span> 
     </span>
     <span class='ocr_line' id='line_1_24' title="bbox 201 2241 1310 2307; baseline 0 -21"><span class='ocrx_word' id='word_1_239' title='bbox 201 2244 271 2288; x_wconf 84' lang='lat' dir='ltr'><strong>unice</strong></span> <span class='ocrx_word' id='word_1_240' title='bbox 282 2257 362 2289; x_wconf 89' lang='lat' dir='ltr'><strong>verum</strong></span> <span class='ocrx_word' id='word_1_241' title='bbox 372 2255 469 2306; x_wconf 84' lang='lat' dir='ltr'><strong>propter</strong></span> <span class='ocrx_word' id='word_1_242' title='bbox 481 2243 533 2300; x_wconf 77' lang='lat' dir='ltr'><strong>illa,</strong></span> <span class='ocrx_word' id='word_1_243' title='bbox 547 2247 650 2290; x_wconf 82' lang='lat' dir='ltr'><strong>miserere</strong></span> <span class='ocrx_word' id='word_1_244' title='bbox 662 2249 757 2300; x_wconf 85' lang='lat' dir='ltr'><strong>sororis,·</strong></span> <span class='ocrx_word' id='word_1_245' title='bbox 772 2259 823 2307; x_wconf 78' lang='lat' dir='ltr'><strong>quae</strong></span> <span class='ocrx_word' id='word_1_246' title='bbox 835 2245 904 2291; x_wconf 78' lang='lat' dir='ltr'><strong>verba</strong></span> <span class='ocrx_word' id='word_1_247' title='bbox 918 2243 1024 2291; x_wconf 80' lang='lat' dir='ltr'><strong>tollentia</strong></span> <span class='ocrx_word' id='word_1_248' title='bbox 1038 2257 1120 2300; x_wconf 80' lang='lat' dir='ltr'><strong>erant,</strong></span> <span class='ocrx_word' id='word_1_249' title='bbox 1132 2247 1152 2289; x_wconf 90' lang='lat' dir='ltr'><strong>si</strong></span> <span class='ocrx_word' id='word_1_250' title='bbox 1165 2241 1257 2288; x_wconf 77' lang='lat' dir='ltr'><strong>stiterunt</strong></span> <span class='ocrx_word' id='word_1_251' title='bbox 1309 2251 1310 2264; x_wconf 65' lang='lat'>¹</span> 
     </span>
     <span class='ocr_line' id='line_1_25' title="bbox 202 2312 1311 2379; baseline -0.002 -19"><span class='ocrx_word' id='word_1_252' title='bbox 202 2312 281 2360; x_wconf 76' lang='lat' dir='ltr'><strong>lucum</strong></span> <span class='ocrx_word' id='word_1_253' title='bbox 290 2314 377 2360; x_wconf 79' lang='lat' dir='ltr'><strong>habere</strong></span> <span class='ocrx_word' id='word_1_254' title='bbox 387 2315 500 2372; x_wconf 76' lang='lat' dir='ltr'><strong>debebat,</strong></span> <span class='ocrx_word' id='word_1_255' title='bbox 514 2330 539 2362; x_wconf 87' lang='lat' dir='ltr'><strong>ut</strong></span> <span class='ocrx_word' id='word_1_256' title='bbox 551 2317 637 2362; x_wconf 76' lang='lat' dir='ltr'><strong>dederit</strong></span> <span class='ocrx_word' id='word_1_257' title='bbox 648 2317 778 2379; x_wconf 71' lang='lat' dir='ltr'><strong>legeretur,</strong></span> <span class='ocrx_word' id='word_1_258' title='bbox 795 2317 901 2363; x_wconf 74' lang='lat' dir='ltr'><strong>oratione</strong></span> <span class='ocrx_word' id='word_1_259' title='bbox 914 2317 943 2362; x_wconf 86' lang='lat' dir='ltr'><strong>de.</strong></span> <span class='ocrx_word' id='word_1_260' title='bbox 960 2317 1030 2362; x_wconf 80' lang='lat' dir='ltr'><strong>AEttea</strong></span> <span class='ocrx_word' id='word_1_261' title='bbox 1044 2319 1166 2370; x_wconf 65' lang='lat' dir='ltr'><strong>inetituteu</strong></span> <span class='ocrx_word' id='word_1_262' title='bbox 1179 2331 1257 2378; x_wconf 76' lang='lat' dir='ltr'><strong>quam·</strong></span> <span class='ocrx_word' id='word_1_263' title='bbox 1310 2369 1311 2378; x_wconf 12' lang='grc' dir='ltr'>ἵ</span> 
     </span>
     <span class='ocr_line' id='line_1_26' title="bbox 201 2385 1257 2450; baseline 0 -22"><span class='ocrx_word' id='word_1_264' title='bbox 201 2396 271 2446; x_wconf 77' lang='lat' dir='ltr'><strong>qnam</strong></span> <span class='ocrx_word' id='word_1_265' title='bbox 286 2399 316 2430; x_wconf 88' lang='lat' dir='ltr'><strong>ne</strong></span> <span class='ocrx_word' id='word_1_266' title='bbox 331 2389 363 2431; x_wconf 79' lang='lat' dir='ltr'><strong>tic</strong></span> <span class='ocrx_word' id='word_1_267' title='bbox 378 2385 473 2448; x_wconf 87' lang='lat' dir='ltr'><strong>quidem</strong></span> <span class='ocrx_word' id='word_1_268' title='bbox 489 2401 555 2450; x_wconf 78' lang='lat' dir='ltr'><strong>aeque</strong></span> <span class='ocrx_word' id='word_1_269' title='bbox 567 2389 690 2433; x_wconf 83' lang='lat' dir='ltr'><strong>commode</strong></span> <span class='ocrx_word' id='word_1_270' title='bbox 703 2387 742 2433; x_wconf 77' lang='lat' dir='ltr'><strong>illa</strong></span> <span class='ocrx_word' id='word_1_271' title='bbox 759 2387 833 2433; x_wconf 74' lang='lat' dir='ltr'><strong>AEneae</strong></span> <span class='ocrx_word' id='word_1_272' title='bbox 840 2423 848 2443; x_wconf 87' lang='lat'>‚</span> <span class='ocrx_word' id='word_1_273' title='bbox 863 2390 887 2432; x_wconf 86' lang='lat' dir='ltr'><strong>in</strong></span> <span class='ocrx_word' id='word_1_274' title='bbox 899 2387 1043 2450; x_wconf 71' lang='lat' dir='ltr'><strong>longinquas</strong></span> <span class='ocrx_word' id='word_1_275' title='bbox 1056 2399 1131 2432; x_wconf 80' lang='lat' dir='ltr'><strong>terras</strong></span> <span class='ocrx_word' id='word_1_276' title='bbox 1143 2386 1257 2448; x_wconf 81' lang='lat' dir='ltr'><strong>proiecto,</strong></span> 
     </span>
    </p>

    <p class='ocr_par' dir='ltr' id='par_1_4' title="bbox 182 2458 1259 3160">
     <span class='ocr_line' id='line_1_27' title="bbox 182 2458 1257 2520; baseline 0.002 -23"><span class='ocrx_word' id='word_1_277' title='bbox 182 2489 185 2498; x_wconf 86' lang='lat'>.</span> <span class='ocrx_word' id='word_1_278' title='bbox 202 2469 245 2515; x_wconf 84' lang='lat' dir='ltr'><strong>per</strong></span> <span class='ocrx_word' id='word_1_279' title='bbox 254 2465 325 2499; x_wconf 81' lang='lat' dir='ltr'><strong>totam</strong></span> <span class='ocrx_word' id='word_1_280' title='bbox 335 2458 404 2500; x_wconf 81' lang='lat' dir='ltr'><strong>vitatn</strong></span> <span class='ocrx_word' id='word_1_281' title='bbox 417 2459 514 2515; x_wconf 73' lang='lat' dir='ltr'><strong>qratiam</strong></span> <span class='ocrx_word' id='word_1_282' title='bbox 524 2459 611 2505; x_wconf 78' lang='lat' dir='ltr'><strong>referre</strong></span> <span class='ocrx_word' id='word_1_283' title='bbox 621 2458 683 2505; x_wconf 81' lang='lat' dir='ltr'><strong>velie</strong></span> <span class='ocrx_word' id='word_1_284' title='bbox 695 2459 822 2505; x_wconf 83' lang='lat' dir='ltr'><strong>videretur.</strong></span> <span class='ocrx_word' id='word_1_285' title='bbox 834 2458 1030 2520; x_wconf 81' lang='lat' dir='ltr'><strong>interpunctione</strong></span> <span class='ocrx_word' id='word_1_286' title='bbox 1043 2469 1115 2520; x_wconf 77' lang='lat' dir='ltr'><strong>prata</strong></span> <span class='ocrx_word' id='word_1_287' title='bbox 1129 2459 1203 2502; x_wconf 85' lang='lat' dir='ltr'><strong>totius</strong></span> <span class='ocrx_word' id='word_1_288' title='bbox 1213 2473 1257 2501; x_wconf 81' lang='lat' dir='ltr'><strong>ver-</strong></span> 
     </span>
     <span class='ocr_line' id='line_1_28' title="bbox 202 2527 1258 2587; baseline 0 -18"><span class='ocrx_word' id='word_1_289' title='bbox 202 2537 240 2569; x_wconf 85' lang='lat' dir='ltr'><strong>sus</strong></span> <span class='ocrx_word' id='word_1_290' title='bbox 248 2528 361 2570; x_wconf 79' lang='lat' dir='ltr'><strong>sententia</strong></span> <span class='ocrx_word' id='word_1_291' title='bbox 372 2538 420 2570; x_wconf 79' lang='lat' dir='ltr'><strong>erat</strong></span> <span class='ocrx_word' id='word_1_292' title='bbox 429 2527 535 2587; x_wconf 66' lang='lat' dir='ltr'><strong>jugulata</strong></span> <span class='ocrx_word' id='word_1_293' title='bbox 545 2545 551 2573; x_wconf 71' lang='grc' dir='ltr'>ε</span> <span class='ocrx_word' id='word_1_294' title='bbox 562 2527 637 2586; x_wconf 79' lang='lat' dir='ltr'><strong>Quum</strong></span> <span class='ocrx_word' id='word_1_295' title='bbox 647 2528 703 2573; x_wconf 86' lang='lat' dir='ltr'><strong>mihi</strong></span> <span class='ocrx_word' id='word_1_296' title='bbox 709 2540 760 2573; x_wconf 83' lang='lat' dir='ltr'><strong>runt</strong></span> <span class='ocrx_word' id='word_1_297' title='bbox 771 2529 857 2573; x_wconf 83' lang='lat' dir='ltr'><strong>dederis</strong></span> <span class='ocrx_word' id='word_1_298' title='bbox 866 2529 1021 2583; x_wconf 80' lang='lat' dir='ltr'><strong>cumulatam,</strong></span> <span class='ocrx_word' id='word_1_299' title='bbox 1032 2545 1062 2571; x_wconf 90' lang='lat' dir='ltr'><strong>m.</strong></span> <span class='ocrx_word' id='word_1_300' title='bbox 1074 2545 1095 2572; x_wconf 89' lang='lat' dir='ltr'><strong>r.</strong></span> <span class='ocrx_word' id='word_1_301' title='bbox 1106 2527 1163 2571; x_wconf 80' lang='lat' dir='ltr'><strong>Earn</strong></span> <span class='ocrx_word' id='word_1_302' title='bbox 1172 2529 1258 2587; x_wconf 71' lang='lat' dir='ltr'><strong>itaque,</strong></span> 
     </span>
     <span class='ocr_line' id='line_1_29' title="bbox 201 2593 1258 2656; baseline 0.004 -20"><span class='ocrx_word' id='word_1_303' title='bbox 201 2605 227 2636; x_wconf 92' lang='lat' dir='ltr'><strong>ut</strong></span> <span class='ocrx_word' id='word_1_304' title='bbox 240 2593 329 2638; x_wconf 86' lang='lat' dir='ltr'><strong>dudum</strong></span> <span class='ocrx_word' id='word_1_305' title='bbox 341 2610 506 2642; x_wconf 81' lang='lat' dir='ltr'><strong>monueramus</strong></span> <span class='ocrx_word' id='word_1_306' title='bbox 518 2599 651 2643; x_wconf 79' lang='lat' dir='ltr'><strong>laciendum</strong></span> <span class='ocrx_word' id='word_1_307' title='bbox 665 2615 727 2654; x_wconf 82' lang='lat' dir='ltr'><strong>esse,</strong></span> <span class='ocrx_word' id='word_1_308' title='bbox 745 2602 901 2646; x_wconf 83' lang='lat' dir='ltr'><strong>mutavimus:</strong></span> <span class='ocrx_word' id='word_1_309' title='bbox 915 2600 990 2656; x_wconf 80' lang='lat' dir='ltr'><strong>Quam</strong></span> <span class='ocrx_word' id='word_1_310' title='bbox 1003 2599 1059 2642; x_wconf 78' lang='lat' dir='ltr'><strong>milti</strong></span> <span class='ocrx_word' id='word_1_311' title='bbox 1068 2614 1090 2643; x_wconf 88' lang='lat' dir='ltr'><strong>c.</strong></span> <span class='ocrx_word' id='word_1_312' title='bbox 1106 2599 1209 2651; x_wconf 72' lang='lat' dir='ltr'><strong>desieris,</strong></span> <span class='ocrx_word' id='word_1_313' title='bbox 1221 2611 1258 2640; x_wconf 85' lang='lat' dir='ltr'><strong>cu·</strong></span> 
     </span>
     <span class='ocr_line' id='line_1_30' title="bbox 202 2661 1256 2732; baseline 0.006 -26"><span class='ocrx_word' id='word_1_314' title='bbox 202 2661 311 2706; x_wconf 75' lang='lat' dir='ltr'><strong>mitiorum</strong></span> <span class='ocrx_word' id='word_1_315' title='bbox 323 2674 393 2719; x_wconf 72' lang='lat' dir='ltr'><strong>ntprte</strong></span> <span class='ocrx_word' id='word_1_316' title='bbox 408 2669 532 2720; x_wconf 80' lang='lat' dir='ltr'><strong>remittam,¹</strong></span> <span class='ocrx_word' id='word_1_317' title='bbox 548 2683 569 2712; x_wconf 82' lang='lat' dir='ltr'><strong>u.</strong></span> <span class='ocrx_word' id='word_1_318' title='bbox 585 2672 637 2713; x_wconf 84' lang='lat' dir='ltr'><strong>Not.</strong></span> <span class='ocrx_word' id='word_1_319' title='bbox 649 2670 743 2726; x_wconf 63' lang='grc'>-,438.</span> <span class='ocrx_word' id='word_1_320' title='bbox 761 2673 806 2732; x_wconf 85' lang='lat' dir='ltr'><strong>ipse</strong></span> <span class='ocrx_word' id='word_1_321' title='bbox 820 2687 850 2714; x_wconf 86' lang='lat' dir='ltr'><strong>m.</strong></span> <span class='ocrx_word' id='word_1_322' title='bbox 865 2668 964 2715; x_wconf 85' lang='lat' dir='ltr'><strong>Dorvill.</strong></span> <span class='ocrx_word' id='word_1_323' title='bbox 972 2694 1007 2727; x_wconf 74' lang='lat'><strong>‚—</strong></span> <span class='ocrx_word' id='word_1_324' title='bbox 1016 2669 1071 2730; x_wconf 80' lang='grc'>439.</span> <span class='ocrx_word' id='word_1_325' title='bbox 1083 2667 1149 2714; x_wconf 74' lang='lat' dir='ltr'><strong>hand</strong></span> <span class='ocrx_word' id='word_1_326' title='bbox 1159 2685 1183 2712; x_wconf 87' lang='lat' dir='ltr'><strong>v.</strong></span> <span class='ocrx_word' id='word_1_327' title='bbox 1196 2665 1256 2712; x_wconf 72' lang='lat' dir='ltr'><strong>eorl</strong></span> 
     </span>
     <span class='ocr_line' id='line_1_31' title="bbox 201 2731 1256 2800; baseline 0.004 -22"><span class='ocrx_word' id='word_1_328' title='bbox 201 2751 237 2794; x_wconf 89' lang='lat' dir='ltr'><strong>pr.</strong></span> <span class='ocrx_word' id='word_1_329' title='bbox 252 2731 327 2778; x_wconf 77' lang='lat' dir='ltr'><strong>nullas</strong></span> <span class='ocrx_word' id='word_1_330' title='bbox 342 2734 412 2779; x_wconf 83' lang='lat' dir='ltr'><strong>Goth.</strong></span> <span class='ocrx_word' id='word_1_331' title='bbox 429 2747 481 2778; x_wconf 89' lang='lat' dir='ltr'><strong>tert.</strong></span> <span class='ocrx_word' id='word_1_332' title='bbox 497 2735 547 2782; x_wconf 82' lang='lat' dir='ltr'><strong>illas</strong></span> <span class='ocrx_word' id='word_1_333' title='bbox 560 2738 654 2800; x_wconf 77' lang='lat' dir='ltr'><strong>Menag.</strong></span> <span class='ocrx_word' id='word_1_334' title='bbox 666 2756 702 2800; x_wconf 86' lang='lat' dir='ltr'><strong>pr.</strong></span> <span class='ocrx_word' id='word_1_335' title='bbox 718 2739 776 2786; x_wconf 82' lang='lat' dir='ltr'><strong>ullas</strong></span> <span class='ocrx_word' id='word_1_336' title='bbox 787 2757 852 2786; x_wconf 85' lang='lat' dir='ltr'><strong>voces</strong></span> <span class='ocrx_word' id='word_1_337' title='bbox 864 2740 971 2786; x_wconf 74' lang='lat' dir='ltr'><strong>Perrhae.</strong></span> <span class='ocrx_word' id='word_1_338' title='bbox 987 2766 1018 2775; x_wconf 96' lang='lat'><em>-</em></span> <span class='ocrx_word' id='word_1_339' title='bbox 1032 2739 1088 2798; x_wconf 83' lang='grc'>440.</span> <span class='ocrx_word' id='word_1_340' title='bbox 1103 2741 1182 2787; x_wconf 81' lang='lat' dir='ltr'><strong>obruit</strong></span> <span class='ocrx_word' id='word_1_341' title='bbox 1194 2737 1256 2784; x_wconf 73' lang='lat' dir='ltr'><strong>Gon.</strong></span> 
     </span>
     <span class='ocr_line' id='line_1_32' title="bbox 201 2799 1258 2875; baseline 0.006 -29"><span class='ocrx_word' id='word_1_342' title='bbox 201 2818 247 2846; x_wconf 90' lang='lat' dir='ltr'><strong>sec.</strong></span> <span class='ocrx_word' id='word_1_343' title='bbox 265 2815 288 2847; x_wconf 87' lang='lat' dir='ltr'><strong>et</strong></span> <span class='ocrx_word' id='word_1_344' title='bbox 304 2804 398 2865; x_wconf 86' lang='lat' dir='ltr'><strong>subjicit</strong></span> <span class='ocrx_word' id='word_1_345' title='bbox 415 2819 507 2848; x_wconf 83' lang='lat' dir='ltr'><strong>versum</strong></span> <span class='ocrx_word' id='word_1_346' title='bbox 523 2802 656 2853; x_wconf 78' lang='lat' dir='ltr'><strong>inficetum:</strong></span> <span class='ocrx_word' id='word_1_347' title='bbox 674 2811 710 2855; x_wconf 86' lang='lat' dir='ltr'><strong>Ne</strong></span> <span class='ocrx_word' id='word_1_348' title='bbox 724 2815 770 2856; x_wconf 85' lang='lat' dir='ltr'><strong>sint</strong></span> <span class='ocrx_word' id='word_1_349' title='bbox 785 2819 888 2858; x_wconf 84' lang='lat' dir='ltr'><strong>arnmotae</strong></span> <span class='ocrx_word' id='word_1_350' title='bbox 904 2827 976 2874; x_wconf 84' lang='lat' dir='ltr'><strong>neque</strong></span> <span class='ocrx_word' id='word_1_351' title='bbox 992 2799 1076 2856; x_wconf 78' lang='lat' dir='ltr'><strong>sistant</strong></span> <span class='ocrx_word' id='word_1_352' title='bbox 1089 2813 1178 2875; x_wconf 65' lang='lat' dir='ltr'><strong>gaudia</strong></span> <span class='ocrx_word' id='word_1_353' title='bbox 1194 2819 1258 2855; x_wconf 80' lang='lat' dir='ltr'><strong>mente</strong></span> 
     </span>
     <span class='ocr_line' id='line_1_33' title="bbox 201 2872 1258 2940; baseline 0.012 -22"><span class='ocrx_word' id='word_1_354' title='bbox 201 2874 234 2932; x_wconf 84' lang='lat' dir='ltr'><strong>[i.</strong></span> <span class='ocrx_word' id='word_1_355' title='bbox 246 2878 318 2921; x_wconf 88' lang='lat' dir='ltr'><strong>menti</strong></span> <span class='ocrx_word' id='word_1_356' title='bbox 326 2875 341 2934; x_wconf 73' lang='lat' dir='ltr'><strong>l.</strong></span> <span class='ocrx_word' id='word_1_357' title='bbox 352 2901 384 2912; x_wconf 90' lang='lat'><em>-</em></span> <span class='ocrx_word' id='word_1_358' title='bbox 393 2875 446 2933; x_wconf 83' lang='grc' dir='ltr'>44ι.</span> <span class='ocrx_word' id='word_1_359' title='bbox 456 2872 527 2922; x_wconf 83' lang='lat' dir='ltr'><strong>veluti</strong></span> <span class='ocrx_word' id='word_1_360' title='bbox 538 2879 646 2926; x_wconf 88' lang='lat' dir='ltr'><strong>nonnulli</strong></span> <span class='ocrx_word' id='word_1_361' title='bbox 657 2881 729 2929; x_wconf 89' lang='lat' dir='ltr'><strong>ethic</strong></span> <span class='ocrx_word' id='word_1_362' title='bbox 740 2901 745 2929; x_wconf 93' lang='lat'>:</span> <span class='ocrx_word' id='word_1_363' title='bbox 758 2883 819 2930; x_wconf 85' lang='lat' dir='ltr'><strong>conl.</strong></span> <span class='ocrx_word' id='word_1_364' title='bbox 831 2885 861 2930; x_wconf 81' lang='lat' dir='ltr'><strong>ad</strong></span> <span class='ocrx_word' id='word_1_365' title='bbox 871 2903 892 2930; x_wconf 84' lang='lat' dir='ltr'><strong>v.</strong></span> <span class='ocrx_word' id='word_1_366' title='bbox 905 2883 960 2940; x_wconf 74' lang='lat' dir='ltr'><strong>lton.</strong></span> <span class='ocrx_word' id='word_1_367' title='bbox 971 2901 1059 2930; x_wconf 85' lang='lat' dir='ltr'><strong>annoso</strong></span> <span class='ocrx_word' id='word_1_368' title='bbox 1070 2883 1173 2930; x_wconf 72' lang='lat' dir='ltr'><strong>valuistin</strong></span> <span class='ocrx_word' id='word_1_369' title='bbox 1185 2887 1258 2931; x_wconf 86' lang='lat' dir='ltr'><strong>Heius.</strong></span> 
     </span>
     <span class='ocr_line' id='line_1_34' title="bbox 201 2943 1257 3019; baseline 0.01 -31"><span class='ocrx_word' id='word_1_370' title='bbox 201 2959 254 2989; x_wconf 89' lang='lat' dir='ltr'><strong>cum</strong></span> <span class='ocrx_word' id='word_1_371' title='bbox 273 2943 422 3001; x_wconf 89' lang='lat' dir='ltr'><strong>melioribus,</strong></span> <span class='ocrx_word' id='word_1_372' title='bbox 442 2949 511 2993; x_wconf 86' lang='lat' dir='ltr'><strong>etiam</strong></span> <span class='ocrx_word' id='word_1_373' title='bbox 530 2945 656 3007; x_wconf 81' lang='lat' dir='ltr'><strong>Pict·iaitis;</strong></span> <span class='ocrx_word' id='word_1_374' title='bbox 675 2953 745 3016; x_wconf 70' lang='lat' dir='ltr'><strong>vulgo</strong></span> <span class='ocrx_word' id='word_1_375' title='bbox 761 2963 869 3000; x_wconf 65' lang='lat' dir='ltr'><strong>onmem</strong></span> <span class='ocrx_word' id='word_1_376' title='bbox 886 2954 974 3008; x_wconf 79' lang='lat' dir='ltr'><strong>ualido,¹</strong></span> <span class='ocrx_word' id='word_1_377' title='bbox 995 2966 1018 3000; x_wconf 86' lang='lat' dir='ltr'><strong>et</strong></span> <span class='ocrx_word' id='word_1_378' title='bbox 1033 2969 1086 3000; x_wconf 82' lang='lat' dir='ltr'><strong>cum</strong></span> <span class='ocrx_word' id='word_1_379' title='bbox 1100 2972 1197 3019; x_wconf 79' lang='lat' dir='ltr'><strong>corpore</strong></span> <span class='ocrx_word' id='word_1_380' title='bbox 1210 2953 1257 2998; x_wconf 80' lang='lat' dir='ltr'><strong>Erc-</strong></span> 
     </span>
     <span class='ocr_line' id='line_1_35' title="bbox 201 3017 1259 3092; baseline 0.009 -32"><span class='ocrx_word' id='word_1_381' title='bbox 201 3017 293 3073; x_wconf 80' lang='lat' dir='ltr'><strong>Burm,</strong></span> <span class='ocrx_word' id='word_1_382' title='bbox 309 3017 399 3080; x_wconf 70' lang='lat' dir='ltr'><strong>vulgari</strong></span> <span class='ocrx_word' id='word_1_383' title='bbox 417 3018 491 3081; x_wconf 79' lang='lat' dir='ltr'><strong>lapsu.</strong></span> <span class='ocrx_word' id='word_1_384' title='bbox 509 3022 543 3067; x_wconf 88' lang='lat' dir='ltr'><strong>Ne</strong></span> <span class='ocrx_word' id='word_1_385' title='bbox 560 3025 585 3066; x_wconf 86' lang='lat' dir='ltr'><strong>in</strong></span> <span class='ocrx_word' id='word_1_386' title='bbox 601 3024 687 3070; x_wconf 83' lang='lat' dir='ltr'><strong>robore</strong></span> <span class='ocrx_word' id='word_1_387' title='bbox 702 3025 801 3082; x_wconf 71' lang='lat' dir='ltr'><strong>haereas,</strong></span> <span class='ocrx_word' id='word_1_388' title='bbox 819 3041 872 3072; x_wconf 88' lang='lat' dir='ltr'><strong>cunt</strong></span> <span class='ocrx_word' id='word_1_389' title='bbox 888 3039 986 3091; x_wconf 84' lang='lat' dir='ltr'><strong>quercus</strong></span> <span class='ocrx_word' id='word_1_390' title='bbox 999 3025 1080 3072; x_wconf 83' lang='lat' dir='ltr'><strong>addita</strong></span> <span class='ocrx_word' id='word_1_391' title='bbox 1096 3031 1142 3074; x_wconf 88' lang='lat' dir='ltr'><strong>sit:</strong></span> <span class='ocrx_word' id='word_1_392' title='bbox 1156 3041 1259 3092; x_wconf 79' lang='lat' dir='ltr'><strong>quereum</strong></span> 
     </span>
     <span class='ocr_line' id='line_1_36' title="bbox 200 3085 1025 3160; baseline 0.011 -29"><span class='ocrx_word' id='word_1_393' title='bbox 200 3085 279 3133; x_wconf 77' lang='lat' dir='ltr'><strong>rubore</strong></span> <span class='ocrx_word' id='word_1_394' title='bbox 290 3087 400 3147; x_wconf 63' lang='lat' dir='ltr'><strong>vatum,</strong></span> <span class='ocrx_word' id='word_1_395' title='bbox 411 3092 553 3149; x_wconf 81' lang='lat' dir='ltr'><strong>tenendum,</strong></span> <span class='ocrx_word' id='word_1_396' title='bbox 565 3094 638 3139; x_wconf 86' lang='lat' dir='ltr'><strong>robur</strong></span> <span class='ocrx_word' id='word_1_397' title='bbox 650 3109 699 3142; x_wconf 83' lang='lat' dir='ltr'><strong>esse</strong></span> <span class='ocrx_word' id='word_1_398' title='bbox 711 3096 740 3142; x_wconf 88' lang='lat' dir='ltr'><strong>de</strong></span> <span class='ocrx_word' id='word_1_399' title='bbox 753 3107 838 3142; x_wconf 82' lang='lat' dir='ltr'><strong>trunco</strong></span> <span class='ocrx_word' id='word_1_400' title='bbox 851 3098 1025 3160; x_wconf 76' lang='lat' dir='ltr'><strong>accipiendum.</strong></span> 
     </span>
    </p>
   </div>
   <div class='ocr_carea' id='block_1_4' title="bbox 198 3232 1262 4112">
    <p class='ocr_par' dir='ltr' id='par_1_5' title="bbox 199 3232 1260 3470">
     <span class='ocr_line' id='line_1_37' title="bbox 201 3232 1258 3308; baseline 0.014 -28"><span class='ocrx_word' id='word_1_401' title='bbox 201 3241 269 3293; x_wconf 76' lang='lat' dir='ltr'><strong>tum,</strong></span> <span class='ocrx_word' id='word_1_402' title='bbox 280 3244 365 3302; x_wconf 80' lang='lat' dir='ltr'><strong>usque</strong></span> <span class='ocrx_word' id='word_1_403' title='bbox 376 3232 411 3284; x_wconf 84' lang='lat' dir='ltr'><strong>ed</strong></span> <span class='ocrx_word' id='word_1_404' title='bbox 421 3249 543 3287; x_wconf 81' lang='lat' dir='ltr'><strong>mortem.</strong></span> <span class='ocrx_word' id='word_1_405' title='bbox 553 3239 609 3303; x_wconf 84' lang='lat' dir='ltr'><strong>lta,</strong></span> <span class='ocrx_word' id='word_1_406' title='bbox 620 3254 703 3308; x_wconf 83' lang='lat' dir='ltr'><strong>puto,</strong></span> <span class='ocrx_word' id='word_1_407' title='bbox 752 3241 827 3292; x_wconf 84' lang='lat' dir='ltr'><strong>theto</strong></span> <span class='ocrx_word' id='word_1_408' title='bbox 835 3236 858 3292; x_wconf 56' lang='lat' dir='ltr'><strong>”n</strong></span> <span class='ocrx_word' id='word_1_409' title='bbox 868 3243 934 3293; x_wconf 84' lang='lat' dir='ltr'><strong>viro.</strong></span> <span class='ocrx_word' id='word_1_410' title='bbox 947 3266 982 3282; x_wconf 50' lang='lat' dir='ltr'><strong>a·</strong></span> <span class='ocrx_word' id='word_1_411' title='bbox 992 3241 1044 3307; x_wconf 74' lang='grc'><strong>441</strong></span> <span class='ocrx_word' id='word_1_412' title='bbox 1056 3271 1091 3279; x_wconf 95' lang='grc'>-</span> <span class='ocrx_word' id='word_1_413' title='bbox 1105 3241 1167 3308; x_wconf 86' lang='grc'>446.</span> <span class='ocrx_word' id='word_1_414' title='bbox 1183 3241 1258 3292; x_wconf 76' lang='lat' dir='ltr'><strong>Com·</strong></span> 
     </span>
     <span class='ocr_line' id='line_1_38' title="bbox 199 3308 1258 3392; baseline 0.015 -34"><span class='ocrx_word' id='word_1_415' title='bbox 199 3308 418 3378; x_wconf 82' lang='lat' dir='ltr'><strong>interpunctione</strong></span> <span class='ocrx_word' id='word_1_416' title='bbox 430 3329 493 3385; x_wconf 87' lang='lat' dir='ltr'><strong>post</strong></span> <span class='ocrx_word' id='word_1_417' title='bbox 504 3317 603 3370; x_wconf 80' lang='lat' dir='ltr'><strong>dederis</strong></span> <span class='ocrx_word' id='word_1_418' title='bbox 616 3321 702 3383; x_wconf 71' lang='lat' dir='ltr'><strong>fuctu3</strong></span> <span class='ocrx_word' id='word_1_419' title='bbox 752 3324 920 3392; x_wconf 75' lang='lat' dir='ltr'><strong>parationem</strong></span> <span class='ocrx_word' id='word_1_420' title='bbox 933 3322 1005 3373; x_wconf 79' lang='lat' dir='ltr'><strong>hunc</strong></span> <span class='ocrx_word' id='word_1_421' title='bbox 1018 3340 1051 3374; x_wconf 83' lang='lat' dir='ltr'><strong>ert</strong></span> <span class='ocrx_word' id='word_1_422' title='bbox 1064 3321 1142 3373; x_wconf 78' lang='lat' dir='ltr'><strong>Iliad.</strong></span> <span class='ocrx_word' id='word_1_423' title='bbox 1158 3339 1194 3381; x_wconf 73' lang='lat' dir='ltr'><strong>n,</strong></span> <span class='ocrx_word' id='word_1_424' title='bbox 1213 3317 1258 3388; x_wconf 77' lang='lat'><strong>765</strong></span> 
     </span>
     <span class='ocr_line' id='line_1_39' title="bbox 200 3389 1260 3470; baseline 0.013 -35"><span class='ocrx_word' id='word_1_425' title='bbox 200 3403 242 3436; x_wconf 80' lang='lat' dir='ltr'><strong>res</strong></span> <span class='ocrx_word' id='word_1_426' title='bbox 254 3389 317 3440; x_wconf 87' lang='lat' dir='ltr'><strong>satis</strong></span> <span class='ocrx_word' id='word_1_427' title='bbox 331 3391 471 3461; x_wconf 81' lang='lat' dir='ltr'><strong>expeditu:</strong></span> <span class='ocrx_word' id='word_1_428' title='bbox 486 3414 509 3444; x_wconf 89' lang='lat' dir='ltr'><strong>v.</strong></span> <span class='ocrx_word' id='word_1_429' title='bbox 524 3397 586 3446; x_wconf 80' lang='lat' dir='ltr'><strong>Ver.</strong></span> <span class='ocrx_word' id='word_1_430' title='bbox 601 3397 673 3452; x_wconf 85' lang='lat' dir='ltr'><strong>Lect.</strong></span> <span class='ocrx_word' id='word_1_431' title='bbox 752 3418 812 3470; x_wconf 84' lang='lat' dir='ltr'><strong>sqq.</strong></span> <span class='ocrx_word' id='word_1_432' title='bbox 828 3401 1018 3452; x_wconf 77' lang='lat' dir='ltr'><strong>adumbratam</strong></span> <span class='ocrx_word' id='word_1_433' title='bbox 1036 3419 1113 3464; x_wconf 78' lang='lat' dir='ltr'><strong>esse,</strong></span> <span class='ocrx_word' id='word_1_434' title='bbox 1128 3403 1187 3469; x_wconf 72' lang='lat' dir='ltr'><strong>jam</strong></span> <span class='ocrx_word' id='word_1_435' title='bbox 1203 3401 1260 3449; x_wconf 80' lang='lat' dir='ltr'><strong>Mn·</strong></span> 
     </span>
    </p>

    <p class='ocr_par' dir='ltr' id='par_1_6' title="bbox 198 3465 1262 4112">
     <span class='ocr_line' id='line_1_40' title="bbox 237 3465 1259 3548; baseline 0.013 -31"><span class='ocrx_word' id='word_1_436' title='bbox 237 3465 385 3537; x_wconf 75' lang='grc'><strong>437-439.</strong></span> <span class='ocrx_word' id='word_1_437' title='bbox 404 3473 573 3540; x_wconf 77' lang='lat' dir='ltr'><strong>Pervicacin‚</strong></span> <span class='ocrx_word' id='word_1_438' title='bbox 594 3491 660 3542; x_wconf 71' lang='lat' dir='ltr'><strong>eut,</strong></span> <span class='ocrx_word' id='word_1_439' title='bbox 681 3481 703 3529; x_wconf 85' lang='lat' dir='ltr'><strong>si</strong></span> <span class='ocrx_word' id='word_1_440' title='bbox 750 3481 826 3532; x_wconf 67' lang='lat' dir='ltr'><strong>crob-</strong></span> <span class='ocrx_word' id='word_1_441' title='bbox 846 3481 971 3546; x_wconf 75' lang='lat' dir='ltr'><strong>volebat,</strong></span> <span class='ocrx_word' id='word_1_442' title='bbox 992 3494 1023 3530; x_wconf 89' lang='lat' dir='ltr'><strong>ut</strong></span> <span class='ocrx_word' id='word_1_443' title='bbox 1042 3494 1070 3532; x_wconf 89' lang='lat' dir='ltr'><strong>et</strong></span> <span class='ocrx_word' id='word_1_444' title='bbox 1088 3480 1183 3532; x_wconf 87' lang='lat' dir='ltr'><strong>locum</strong></span> <span class='ocrx_word' id='word_1_445' title='bbox 1203 3497 1259 3548; x_wconf 87' lang='lat' dir='ltr'><strong>sup.</strong></span> 
     </span>
     <span class='ocr_line' id='line_1_41' title="bbox 201 3547 1261 3630; baseline 0.022 -36"><span class='ocrx_word' id='word_1_446' title='bbox 201 3547 299 3609; x_wconf 74' lang='lat' dir='ltr'><strong>maris,</strong></span> <span class='ocrx_word' id='word_1_447' title='bbox 313 3554 465 3604; x_wconf 79' lang='lat' dir='ltr'><strong>constantia</strong></span> <span class='ocrx_word' id='word_1_448' title='bbox 476 3555 563 3606; x_wconf 80' lang='lat' dir='ltr'><strong>ilineae</strong></span> <span class='ocrx_word' id='word_1_449' title='bbox 575 3559 603 3607; x_wconf 83' lang='lat' dir='ltr'><strong>in</strong></span> <span class='ocrx_word' id='word_1_450' title='bbox 616 3561 703 3609; x_wconf 71' lang='lat' dir='ltr'><strong>consi</strong></span> <span class='ocrx_word' id='word_1_451' title='bbox 750 3560 798 3612; x_wconf 72' lang='lat' dir='ltr'><strong>lib.</strong></span> <span class='ocrx_word' id='word_1_452' title='bbox 819 3562 842 3612; x_wconf 91' lang='lat' dir='ltr'><strong>ll</strong></span> <span class='ocrx_word' id='word_1_453' title='bbox 850 3597 858 3624; x_wconf 81' lang='lat'>‚</span> <span class='ocrx_word' id='word_1_454' title='bbox 876 3561 930 3626; x_wconf 70' lang='grc'><strong>416</strong></span> <span class='ocrx_word' id='word_1_455' title='bbox 944 3577 1026 3630; x_wconf 66' lang='grc' dir='ltr'><strong>ειμι-,ς</strong></span> <span class='ocrx_word' id='word_1_456' title='bbox 1049 3562 1094 3610; x_wconf 77' lang='lat' dir='ltr'><strong>vix</strong></span> <span class='ocrx_word' id='word_1_457' title='bbox 1115 3573 1206 3611; x_wconf 71' lang='lat' dir='ltr'><strong>temen</strong></span> <span class='ocrx_word' id='word_1_458' title='bbox 1225 3571 1261 3608; x_wconf 68' lang='lat'><strong>¹³·</strong></span> 
     </span>
     <span class='ocr_line' id='line_1_42' title="bbox 200 3625 1262 3709; baseline 0.014 -33"><span class='ocrx_word' id='word_1_459' title='bbox 200 3625 238 3676; x_wconf 88' lang='lat' dir='ltr'><strong>lio</strong></span> <span class='ocrx_word' id='word_1_460' title='bbox 248 3631 434 3698; x_wconf 80' lang='lat' dir='ltr'><strong>exsequendo,</strong></span> <span class='ocrx_word' id='word_1_461' title='bbox 446 3652 528 3703; x_wconf 88' lang='lat' dir='ltr'><strong>quum</strong></span> <span class='ocrx_word' id='word_1_462' title='bbox 537 3639 620 3690; x_wconf 80' lang='lat' dir='ltr'><strong>verbe</strong></span> <span class='ocrx_word' id='word_1_463' title='bbox 630 3639 703 3692; x_wconf 82' lang='lat' dir='ltr'><strong>nude</strong></span> <span class='ocrx_word' id='word_1_464' title='bbox 752 3642 893 3692; x_wconf 70' lang='lat' dir='ltr'><strong>unissimus</strong></span> <span class='ocrx_word' id='word_1_465' title='bbox 915 3639 999 3690; x_wconf 77' lang='lat' dir='ltr'><strong>lineae</strong></span> <span class='ocrx_word' id='word_1_466' title='bbox 1017 3639 1058 3690; x_wconf 82' lang='lat' dir='ltr'><strong>ibi</strong></span> <span class='ocrx_word' id='word_1_467' title='bbox 1075 3642 1215 3709; x_wconf 61' lang='lat' dir='ltr'><strong>reperim</strong></span> <span class='ocrx_word' id='word_1_468' title='bbox 1235 3649 1262 3686; x_wconf 84' lang='lat' dir='ltr'><strong>ut</strong></span> 
     </span>
     <span class='ocr_line' id='line_1_43' title="bbox 200 3707 1262 3791; baseline 0.008 -34"><span class='ocrx_word' id='word_1_469' title='bbox 200 3707 432 3777; x_wconf 68' lang='lat' dir='ltr'><strong>nonsuffioerent,</strong></span> <span class='ocrx_word' id='word_1_470' title='bbox 445 3721 704 3788; x_wconf 64' lang='lat' dir='ltr'><strong>ttorrtpttrutionedeb</strong></span> <span class='ocrx_word' id='word_1_471' title='bbox 752 3740 822 3773; x_wconf 80' lang='lat' dir='ltr'><strong>vanu</strong></span> <span class='ocrx_word' id='word_1_472' title='bbox 836 3721 914 3791; x_wconf 89' lang='lat' dir='ltr'><strong>plane</strong></span> <span class='ocrx_word' id='word_1_473' title='bbox 932 3738 1017 3790; x_wconf 88' lang='lat' dir='ltr'><strong>opera</strong></span> <span class='ocrx_word' id='word_1_474' title='bbox 1029 3721 1058 3769; x_wconf 92' lang='lat' dir='ltr'><strong>in</strong></span> <span class='ocrx_word' id='word_1_475' title='bbox 1078 3720 1262 3790; x_wconf 79' lang='lat' dir='ltr'><strong>comparatio-</strong></span> 
     </span>
     <span class='ocr_line' id='line_1_44' title="bbox 201 3787 1262 3867; baseline 0.006 -27"><span class='ocrx_word' id='word_1_476' title='bbox 201 3787 319 3841; x_wconf 73' lang='lat' dir='ltr'><strong>dautur</strong></span> <span class='ocrx_word' id='word_1_477' title='bbox 328 3792 437 3867; x_wconf 60' lang='lat' dir='ltr'><strong>fletus,</strong></span> <span class='ocrx_word' id='word_1_478' title='bbox 449 3813 542 3866; x_wconf 84' lang='lat' dir='ltr'><strong>preces</strong></span> <span class='ocrx_word' id='word_1_479' title='bbox 556 3817 615 3850; x_wconf 86' lang='lat' dir='ltr'><strong>uum</strong></span> <span class='ocrx_word' id='word_1_480' title='bbox 627 3799 704 3851; x_wconf 81' lang='lat' dir='ltr'><strong>lucri·</strong></span> <span class='ocrx_word' id='word_1_481' title='bbox 753 3814 813 3852; x_wconf 84' lang='lat' dir='ltr'><strong>nent</strong></span> <span class='ocrx_word' id='word_1_482' title='bbox 821 3812 848 3851; x_wconf 87' lang='lat' dir='ltr'><strong>et</strong></span> <span class='ocrx_word' id='word_1_483' title='bbox 857 3801 965 3850; x_wconf 87' lang='lat' dir='ltr'><strong>Homeri</strong></span> <span class='ocrx_word' id='word_1_484' title='bbox 974 3799 1207 3850; x_wconf 82' lang='lat' dir='ltr'><strong>obtrectationem</strong></span> <span class='ocrx_word' id='word_1_485' title='bbox 1216 3800 1262 3847; x_wconf 89' lang='lat' dir='ltr'><strong>im-</strong></span> 
     </span>
     <span class='ocr_line' id='line_1_45' title="bbox 201 3869 1261 3952; baseline 0.008 -35"><span class='ocrx_word' id='word_1_486' title='bbox 201 3869 251 3918; x_wconf 85' lang='lat' dir='ltr'><strong>mis</strong></span> <span class='ocrx_word' id='word_1_487' title='bbox 263 3869 315 3920; x_wconf 86' lang='lat' dir='ltr'><strong>fert</strong></span> <span class='ocrx_word' id='word_1_488' title='bbox 328 3870 362 3922; x_wconf 83' lang='lat' dir='ltr'><strong>od</strong></span> <span class='ocrx_word' id='word_1_489' title='bbox 375 3874 484 3926; x_wconf 79' lang='lat' dir='ltr'><strong>AEueam</strong></span> <span class='ocrx_word' id='word_1_490' title='bbox 498 3877 558 3945; x_wconf 86' lang='lat' dir='ltr'><strong>plus</strong></span> <span class='ocrx_word' id='word_1_491' title='bbox 571 3879 628 3928; x_wconf 89' lang='lat' dir='ltr'><strong>vice</strong></span> <span class='ocrx_word' id='word_1_492' title='bbox 642 3880 704 3929; x_wconf 83' lang='lat' dir='ltr'><strong>sim-</strong></span> <span class='ocrx_word' id='word_1_493' title='bbox 751 3879 894 3952; x_wconf 81' lang='lat' dir='ltr'><strong>pendatur.</strong></span> <span class='ocrx_word' id='word_1_494' title='bbox 907 3879 1004 3930; x_wconf 81' lang='lat' dir='ltr'><strong>Melius</strong></span> <span class='ocrx_word' id='word_1_495' title='bbox 1021 3881 1113 3948; x_wconf 80' lang='lat' dir='ltr'><strong>possis</strong></span> <span class='ocrx_word' id='word_1_496' title='bbox 1126 3880 1199 3930; x_wconf 78' lang='lat' dir='ltr'><strong>forte</strong></span> <span class='ocrx_word' id='word_1_497' title='bbox 1210 3877 1261 3927; x_wconf 86' lang='lat' dir='ltr'><strong>huc</strong></span> 
     </span>
     <span class='ocr_line' id='line_1_46' title="bbox 200 3946 1262 4028; baseline 0.007 -25"><span class='ocrx_word' id='word_1_498' title='bbox 200 3946 360 4014; x_wconf 70' lang='lat' dir='ltr'><strong>plici-Hoc,</strong></span> <span class='ocrx_word' id='word_1_499' title='bbox 380 3969 463 4023; x_wconf 76' lang='lat' dir='ltr'><strong>puto,</strong></span> <span class='ocrx_word' id='word_1_500' title='bbox 483 3968 522 4006; x_wconf 81' lang='lat' dir='ltr'><strong>est</strong></span> <span class='ocrx_word' id='word_1_501' title='bbox 538 3957 647 4027; x_wconf 78' lang='lat' dir='ltr'><strong>serique</strong></span> <span class='ocrx_word' id='word_1_502' title='bbox 665 3977 704 4009; x_wconf 77' lang='lat' dir='ltr'><strong>ru-</strong></span> <span class='ocrx_word' id='word_1_503' title='bbox 752 3963 852 4012; x_wconf 83' lang='lat' dir='ltr'><strong>referre</strong></span> <span class='ocrx_word' id='word_1_504' title='bbox 873 3957 949 4010; x_wconf 81' lang='lat' dir='ltr'><strong>lliud.</strong></span> <span class='ocrx_word' id='word_1_505' title='bbox 965 3977 1006 4022; x_wconf 73' lang='grc' dir='ltr'><strong>μ,</strong></span> <span class='ocrx_word' id='word_1_506' title='bbox 1035 3959 1083 4010; x_wconf 83' lang='lat'><strong>131</strong></span> <span class='ocrx_word' id='word_1_507' title='bbox 1112 3976 1193 4028; x_wconf 71' lang='lat' dir='ltr'><strong>sqq,</strong></span> <span class='ocrx_word' id='word_1_508' title='bbox 1218 3953 1262 4006; x_wconf 81' lang='lat' dir='ltr'><strong>sed</strong></span> 
     </span>
     <span class='ocr_line' id='line_1_47' title="bbox 198 4024 1262 4112; baseline 0.012 -36"><span class='ocrx_word' id='word_1_509' title='bbox 198 4024 323 4098; x_wconf 82' lang='lat' dir='ltr'><strong>fertque:</strong></span> <span class='ocrx_word' id='word_1_510' title='bbox 338 4029 476 4100; x_wconf 77' lang='lat' dir='ltr'><strong>placidus,</strong></span> <span class='ocrx_word' id='word_1_511' title='bbox 495 4035 625 4088; x_wconf 74' lang='lat' dir='ltr'><strong>translato</strong></span> <span class='ocrx_word' id='word_1_512' title='bbox 644 4041 703 4110; x_wconf 79' lang='lat' dir='ltr'><strong>epi·</strong></span> <span class='ocrx_word' id='word_1_513' title='bbox 752 4041 840 4112; x_wconf 74' lang='lat' dir='ltr'><strong>itnego</strong></span> <span class='ocrx_word' id='word_1_514' title='bbox 852 4041 894 4094; x_wconf 83' lang='lat' dir='ltr'><strong>rei</strong></span> <span class='ocrx_word' id='word_1_515' title='bbox 904 4041 963 4112; x_wconf 81' lang='lat' dir='ltr'><strong>ipso</strong></span> <span class='ocrx_word' id='word_1_516' title='bbox 974 4051 1002 4090; x_wconf 84' lang='lat' dir='ltr'><strong>et</strong></span> <span class='ocrx_word' id='word_1_517' title='bbox 1018 4041 1049 4090; x_wconf 89' lang='lat' dir='ltr'><strong>in</strong></span> <span class='ocrx_word' id='word_1_518' title='bbox 1060 4057 1154 4092; x_wconf 83' lang='lat' dir='ltr'><strong>rerum</strong></span> <span class='ocrx_word' id='word_1_519' title='bbox 1165 4050 1262 4091; x_wconf 71' lang='lat' dir='ltr'><strong>namne</strong></span> 
     </span>
    </p>
   </div>
   <div class='ocr_carea' id='block_1_5' title="bbox 0 0 1332 4592">
    <p class='ocr_par' dir='ltr' id='par_1_7' title="bbox 0 0 1332 4592">
     <span class='ocr_line' id='line_1_48' title="bbox 0 0 1332 4592; baseline 0 0"><span class='ocrx_word' id='word_1_520' title='bbox 0 0 1332 4592; x_wconf 95' lang='lat' dir='ltr'><strong> </strong></span> 
     </span>
    </p>
   </div>
  </div>
 </body>
</html>
