2656 4592
225 295 289 375 no
473 283 764 356 uulnerari
786 281 1023 350 unaouts

223 416 344 504 incipit
356 414 464 494 effari,
478 401 655 500 mediaque
667 409 701 472 in
713 429 795 474 voce
807 407 940 478 resistit.

222 525 319 587 Nunc
332 519 461 598 eadem,
474 519 606 583 labente
621 515 692 596 die,
704 515 854 582 convivia
867 515 1000 604 quaerit,

223 629 406 717 Iliacosque
419 628 538 690 iterum
551 624 688 690 demens
700 622 816 690 audire
830 621 962 688 labores

222 737 391 824 Exposcit,
406 734 597 824 pendetque
611 734 730 798 iterum
743 733 905 798 narrantis
916 729 958 796 ab
972 736 1042 794 bre.

223 844 314 922 Post,
329 841 387 905 ubi
400 841 552 930 digressi,
567 843 748 930 lumenque
763 839 903 906 obscuro
914 838 1065 904 vicissim
1253 847 1279 895 to
1322 888 1323 978 1

224 951 319 1013 Luna
331 949 465 1036 premit,
480 947 687 1038 suadentque
700 945 851 1014 cadentia
863 943 971 1011 sidera
984 963 1148 1021 somnos,

221 1053 296 1119 Sola
310 1053 411 1118 domo
422 1072 540 1117 moeret
551 1077 669 1132 vacua,
681 1053 856 1141 stratisque
869 1049 994 1116 relictis

254 1252 291 1314 76.
305 1253 377 1314 ecfari
385 1250 445 1295 Gud.
456 1266 468 1296 a
478 1267 509 1296 m.
520 1266 580 1307 scu,
591 1239 703 1314 antique:
716 1249 786 1314 affari
794 1247 923 1296 Zulichem.
933 1251 957 1304 tjn
966 1263 988 1292 v.
999 1248 1097 1293 recessit
1105 1245 1203 1306 Menag.
1212 1242 1277 1298 alter,
1323 1237 1324 1274 l

222 1322 369 1368 aberratione
380 1335 402 1368 et
412 1317 466 1368 alibi
477 1335 555 1368 notata
567 1339 572 1368 :
582 1341 605 1368 v.
614 1323 741 1368 Burmann.
752 1348 783 1358 ·-
793 1322 830 1384 78.
840 1337 885 1386 que
892 1321 958 1367 abest
969 1337 982 1365 a
993 1317 1097 1365 Dorvill.
1108 1343 1142 1354 ·-
1150 1316 1188 1362 80.
1198 1317 1277 1377 iiiyrcs·

222 1408 274 1436 cum
285 1390 323 1436 alt.
335 1390 432 1437 Mentel.
442 1416 474 1427 -·
483 1391 520 1437 81.
538 1409 559 1438 c.
578 1392 663 1438 lumina
677 1394 770 1455 Memfi.
781 1409 817 1455 pr.
826 1418 858 1428 -
867 1392 904 1438 82.
919 1394 1000 1438 surm.
1014 1392 1080 1452 conj.
1095 1386 1177 1434 relicta
1189 1385 1277 1432 imulas

220 1461 258 1508 vel
271 1461 353 1508 relictis
366 1463 477 1508 Excubat.
491 1465 539 1510 Hoc
550 1463 648 1510 alterum
658 1479 754 1529 qtroquc
763 1466 800 1511 lc.
812 1463 935 1532 Schrader.
944 1477 990 1510 nec
1002 1461 1101 1508 felicius
1111 1457 1201 1523 aliquis
1210 1459 1278 1520 conji-

220 1535 266 1579 ciat
277 1538 398 1600 suasuque
410 1534 509 1592 relectis,
521 1537 563 1583 sed
572 1555 594 1584 v.
607 1549 658 1583 not.

220 1729 255 1742 -
276 1701 366 1752 urbem
386 1716 529 1775 paratam,
549 1707 672 1779 egregie,
692 1719 722 1758 ut
770 1705 861 1758 illunis
872 1717 897 1758 et
910 1703 1022 1756 illustris
1033 1709 1277 1771 csscpotest,noc·

220 1799 276 1834 uon
293 1801 361 1852 opus
380 1797 467 1848 essct,
489 1804 585 1840 novam
603 1805 721 1856 quaererc
770 1799 823 1838 tcm
836 1803 958 1838 serenam
970 1775 1207 1836 nominare—82.
1218 1785 1277 1828 stra·

218 1863 367 1934 perlongus
377 1882 490 1929 errores,
495 1877 525 1916 ut
533 1878 559 1918 et
565 1867 652 1916 Burm.
659 1878 721 1936 post

220 1943 292 1994 Serv.
303 1972 338 1980 —
349 1959 390 2010 77.
404 1945 524 1993 convivia
541 1945 662 2016 querit,
674 1944 722 1996 ‹lc-

219 2020 311 2074 siderii
325 2032 390 2070 uota
406 2021 490 2082 inest,
511 2039 612 2074 moram
635 2024 721 2093 impa-

220 2102 317 2152 tienter
335 2101 404 2166 fert,
425 2101 490 2152 dum
505 2119 588 2154 coense
604 2102 673 2172 hora
689 2103 721 2154 il·

217 2181 322 2234 luxerit.

255 2262 367 2314 tto-ss.
381 2262 419 2312 Dc
429 2273 509 2314 nocte
519 2276 579 2314 tera
589 2263 642 2334 agi,
655 2281 720 2332 qua,

217 2363 232 2396 e
249 2344 386 2407 convivio,
407 2342 457 2394 sub
478 2355 598 2406 noctem,
616 2341 721 2392 labente

216 2424 276 2488 die,
296 2425 441 2486 instructo,
454 2435 515 2473 suot
527 2422 656 2494 digressi,
671 2421 719 2474 du·

216 2503 298 2554 hitari
309 2504 403 2572 nequit
414 2524 420 2552 :
434 2500 497 2554 hinc
512 2515 539 2555 et
550 2502 671 2553 radentia
682 2500 719 2552 si-

216 2582 294 2645 dera,
322 2580 472 2632 occidentia
490 2593 601 2632 exeunte
619 2593 717 2644 nocte,

215 2679 241 2712 v.
256 2659 290 2711 nd
303 2659 348 2709 lib.
364 2661 401 2722 ll,
417 2677 433 2726 9
446 2661 553 2710 Excurs.
571 2662 664 2730 ltaque
678 2659 719 2712 lu·

214 2754 275 2790 men
283 2739 392 2789 obscura
404 2736 515 2802 vicissim
525 2738 606 2788 Luna,
608 2740 717 2808 premit,

215 2833 265 2870 nec
277 2817 313 2870 ed
323 2815 537 2870 vicissitudinem
548 2816 602 2869 diei
614 2831 640 2870 et
651 2836 718 2870 noc-

771 1865 853 1932 tisque
874 1863 971 1918 relictis
990 1862 1129 1914 Incubet:
1148 1875 1205 1908 non
1224 1870 1277 1905 uuo

770 1943 852 1996 modo
867 1943 925 1996 haec
937 1943 1027 2014 accipi
1043 1951 1174 2012 possunt,
1188 1946 1233 1988 aut
1244 1932 1279 1984 dc
1325 1991 1326 2014 ᾖ

769 2022 853 2088 lecto,
866 2022 901 2074 ad
914 2041 994 2094 quem
1014 2017 1170 2072 dormiendi
1183 2030 1278 2068 caussa
1325 2025 1326 2092 j

769 2101 817 2154 illa
828 2120 856 2155 se
869 2103 990 2166 confert,
1002 2113 1051 2154 aut
1061 2099 1096 2150 de
1107 2096 1239 2158 triclinio,
1249 2094 1277 2144 in
1325 2105 1326 2114 ³

770 2197 824 2252 quo
844 2182 1029 2234 accubuerat:
1048 2177 1279 2249 simplicissimum

769 2275 809 2313 est
826 2260 991 2314 itatlicere:
1016 2260 1051 2313 de
1071 2269 1153 2312 nocte
1173 2256 1279 2326 agitur,

769 2343 888 2394 convivis
897 2343 953 2410 jam
970 2339 1102 2402 dimissis,
1114 2334 1189 2390 unde
1201 2334 1278 2385 demo
1326 2335 1327 2350 ¹

769 2440 859 2472 υαοιια.
869 2423 948 2474 Nunc
954 2419 1012 2474 soler
1019 2421 1067 2472 illa
1076 2413 1277 2474 mensuratis,

767 2501 838 2554 lecto
869 2503 1015 2562 incuban„
1047 2500 1102 2552 hoc
1134 2509 1166 2548 ut
1196 2506 1279 2566 poeta

768 2582 916 2636 enuntiavit
926 2602 933 2632 ι
946 2591 1048 2644 mecm,
1058 2589 1087 2632 ct
1095 2578 1280 2630 incubaturu-

768 2661 819 2724 tis,
841 2672 866 2712 ct
889 2659 998 2733 quidem
1022 2658 1123 2710 relictis
1142 2677 1158 2710 a
1178 2675 1225 2716 se;
1248 2665 1278 2704 ut

768 2741 955 2794 adeotamoris
980 2751 1045 2792 testu
1066 2740 1171 2807 jactata
1195 2733 1278 2788 modo

765 2819 863 2872 lectum
876 2838 955 2872 suum
966 2819 1124 2888 reliquerit,
1133 2815 1220 2870 modo
1230 2817 1279 2866 ite·

766 2916 827 2952 mm
846 2899 994 2971 repetierit.
1012 2899 1198 2952 obscuritatis
1222 2894 1279 2967 qui·

215 2992 323 3030 scutata
332 2978 401 3030 lunae
414 2979 500 3030 nitore
513 2979 617 3030 minora
627 2978 719 3032 sidera
766 2979 833 3047 dem,
841 2983 905 3032 vitio
917 2980 975 3032 heac
987 2981 1107 3032 brevitas
1122 2996 1179 3030 nou
1189 2988 1278 3036 caret;

213 3059 269 3130 (cf.
291 3061 384 3110 Horat.
406 3060 417 3108 l
438 3057 488 3108 Od.
517 3075 560 3124 ro,
578 3057 717 3130 tet-⁴48)
765 3081 782 3114 a
797 3074 927 3116 retamen
939 3063 1200 3114 sententianonest
1215 3058 1279 3110 alie·

213 3143 309 3193 referri
327 3151 431 3210 potest,
445 3137 493 3190 sed
505 3138 539 3191 de
558 3157 656 3192 occasu
675 3141 717 3192 lu·
764 3159 813 3203 nat
833 3142 884 3194 etsi
901 3142 1027 3193 Lucanus
1046 3141 1144 3192 melius
1160 3142 1203 3202 V,
1228 3153 1279 3209 79⁰

212 3241 253 3274 nc
262 3223 311 3273 suh
320 3233 459 3272 exeuntem
468 3230 579 3290 noctem
583 3222 717 3290 accipien-
764 3221 808 3273 stc
823 3221 908 3291 sata,
925 3219 1034 3274 relictis
1051 3219 1181 3286 Exsiluit,
1193 3220 1279 3274 stmtis

214 3302 277 3353 dum
291 3319 347 3353 esse
360 3295 531 3352 manifestum
543 3299 587 3351 lit:
599 3301 699 3371 premit
706 3329 719 3366 ,·
765 3319 861 3354 amens.
873 3301 995 3354 Servius:
1010 3299 1126 3364 relictis,
1137 3299 1172 3351 ab
1184 3301 1279 3362 Rhea,

214 3381 314 3433 occulit
336 3381 383 3432 illa
414 3381 502 3431 lumen
527 3397 612 3432 souma
635 3383 717 3434 Recte
765 3382 867 3451 ioquin
885 3381 960 3451 atqui
973 3383 1049 3442 torus
1061 3379 1218 3452 conloquiis
1233 3395 1278 3430 eos

212 3465 249 3536 is,
262 3461 381 3531 quisquis
395 3461 466 3510 inter
484 3469 573 3512 cetera
589 3461 718 3514 serviano
764 3460 884 3514 nondum
898 3473 1060 3531 acceperam
1073 3477 1140 3531 crgo
1152 3459 1281 3512 conviva-

212 3541 370 3609 adscripeit:
383 3554 418 3590 att
432 3538 487 3609 ipsa
499 3539 575 3591 Lena
587 3557 661 3591 tuum
673 3539 715 3591 lu·
765 3540 816 3592 lem
834 3539 879 3594 illc
897 3541 1039 3594 intellexit.
1059 3542 1131 3593 Sane
1148 3557 1199 3605 ea,
1220 3555 1279 3610 quc

212 3639 272 3671 men
280 3617 408 3688 reprimit,
415 3617 544 3684 occidens,
554 3631 579 3670 et
589 3637 614 3671 se
621 3619 711 3672 obser«-
765 3620 926 3673 antecedunt
938 3641 943 3671 ι
954 3617 1025 3676 Sola·
1033 3619 1113 3671 mmo
1128 3630 1281 3672 mureto«-

211 3699 290 3752 mns?
309 3697 439 3763 vicissim,
459 3710 602 3768 postquam
614 3716 664 3768 per
675 3711 715 3749 to·
761 3718 831 3765 cua,
847 3717 906 3752 eam
918 3715 967 3770 per
982 3697 1120 3750 thalamos
1140 3718 1171 3752 ac
1192 3698 1282 3751 tricli-

210 3792 265 3831 tam
289 3791 395 3829 nortem
412 3778 543 3830 illuxerat.
565 3779 649 3829 Decet
666 3797 716 3829 au·
763 3780 1040 3832 niadiscmsitantem
1052 3779 1177 3832 indicere
1190 3779 1282 3833 videri

209 3873 264 3910 tem
283 3869 407 3929 poetam,
424 3869 525 3908 certum
544 3873 575 3907 ac
593 3855 714 3929 descrip-
762 3873 888 3929 possunt5
903 3857 1029 3930 adeoque
1036 3858 1087 3911 illa
1099 3861 1128 3912 iu
1140 3879 1174 3912 eo
1188 3859 1280 3912 tricli-

209 3951 266 3991 tum
274 3951 497 4008 tempusponere,
505 3952 555 4004 pro
564 3935 711 4001 indefinit03
761 3941 824 4006 nio,
837 3956 890 4010 quo
904 3951 983 3992 antea
995 3951 1076 3992 erant
1088 3942 1209 4006 coenati,
1222 3939 1282 3992 lec-

210 4031 236 4068 et
255 4035 305 4088 pro
322 4031 482 4088 quacunque
499 4026 592 4088 nocte,
610 4034 668 4088 quae
686 4031 714 4072 et
762 4032 833 4089 tum,
846 4037 900 4092 que
914 4037 975 4073 cum
987 4020 1073 4076 AEnce
1086 4017 1281 4085 adcubuerat,

215 2900 266 2965 tis,
281 2917 347 2964 nec,
364 2917 425 2949 cum
443 2899 611 2963 Burmanno,
624 2899 659 2950 ad
672 2899 720 2951 olt-
