2694 4574
248 303 285 348 ro
361 357 365 362 ,
577 279 901 364 DISQUISITIO
925 283 940 346 1

245 422 278 469 et
291 405 420 494 assequi
438 403 527 470 haud
546 404 630 469 adeo
641 404 778 470 difficile
793 420 841 470 est
856 406 921 489 (r),
943 401 1151 472 difficultates
1165 407 1280 495 paullo

244 512 383 600 majores
394 529 473 577 tunc
487 528 678 590 nascuntur,
695 511 723 576 si
737 513 771 575 in
785 534 854 575 rem
865 527 1061 598 praesentem
1074 511 1281 578 deducendae

243 633 320 684 sunt
337 618 406 682 istae
427 615 676 705 disputationes,
699 634 735 681 ut
753 633 920 706 appareat,
943 641 1008 706 qua
1021 619 1147 684 ratione
1160 636 1196 683 et
1208 635 1280 683 arte

242 725 277 786 in
290 747 409 811 magno
427 725 588 789 factorum
605 747 744 788 numero
759 739 990 811 argumentum
1004 725 1156 788 carminis
1170 727 1215 788 ita
1233 724 1282 788 di-

241 829 309 917 geri
322 847 354 894 et
367 828 518 894 adornari
531 830 647 918 possit,
661 847 697 894 ut
709 829 751 894 ad
763 831 922 894 unitatem
932 829 1115 894 deducatur
1127 853 1190 896 res.
1204 833 1281 895 Hoc

241 933 373 1021 ingenio
395 951 501 1023 poetae
519 935 732 1025 relinquitur:
755 937 827 1023 qui,
852 937 878 1000 si
897 935 940 999 ad
962 934 1026 1002 hoc
1046 938 1123 1000 satis
1142 937 1280 1024 ingenio

240 1041 341 1122 valet,
357 1043 461 1106 multo
475 1043 577 1128 magis
592 1058 832 1130 praeceptorum
848 1042 986 1105 istorum
999 1042 1132 1130 eopiosa
1147 1043 1279 1129 exposi-

166 1198 172 1214 .
240 1147 480 1212 tioneearebit.

247 1298 249 1303 r
285 1253 328 1316 Ut
347 1275 425 1317 vero
436 1250 608 1316 admiratio
628 1253 676 1333 rei
690 1274 815 1339 magnae
826 1253 972 1316 animum
992 1270 1105 1317 tenere
1119 1270 1152 1316 et
1166 1252 1279 1320 delec-

239 1357 361 1451 tatione
395 1358 595 1446 perfundere
627 1359 748 1446 possit,
771 1359 844 1448 quis
876 1381 975 1446 porto
1007 1380 1074 1424 non
1102 1360 1211 1439 videt,
1238 1385 1278 1426 ea

240 1463 349 1526 omnia
369 1479 498 1550 apoeta
512 1463 618 1528 curari
632 1480 666 1527 et
685 1464 842 1550 sagaciter
859 1463 1026 1551 provideri
1046 1463 1187 1545 debere,
1203 1491 1278 1556 quae

238 1567 286 1630 od
312 1567 395 1633 t‘llud
418 1570 586 1632 consilium
612 1567 787 1653 prodesse,
819 1571 927 1634 caveri
960 1569 1080 1634 debere
1108 1593 1166 1650 ea,
1201 1595 1277 1661 (με

237 1671 345 1738 obesse
364 1675 515 1760 possint?
541 1673 692 1762 adeoque
719 1691 795 1739 ante
828 1677 939 1738 omnia
970 1674 1100 1741 lectoris
1127 1678 1276 1742 animum

238 1783 420 1866 argaonenti
438 1783 563 1843 notione
573 1781 687 1869 olr'guo
701 1803 772 1844 esse
787 1779 1022 1862 imbuendum,
1040 1798 1077 1845 ut
1088 1805 1151 1847 nec
1164 1798 1275 1848 nmen

238 1885 428 1963 exsatietur,
448 1887 482 1946 in
496 1883 638 1950 medtom
650 1908 719 1948 rem
731 1909 799 1949 esse
811 1884 1004 1972 rapiendam
1014 1901 1028 1962 ,'
1043 1903 1080 1950 ut
1091 1911 1153 1952 nec
1164 1905 1275 1954 tamen
1338 1967 1339 1972 η

237 2012 348 2052 rerum
379 1991 505 2053 novitas
535 1989 731 2056 obscuritate
763 1991 907 2070 laboret,
931 2013 1073 2080 cumque
1100 1994 1210 2056 omnia
1232 1993 1276 2056 ad
1338 2027 1339 2032 1

237 2115 351 2158 sensus
366 2110 398 2158 et
415 2094 685 2182 phantasmata'in
705 2097 848 2162 carmine
868 2095 1021 2176 redeant,
1039 2119 1147 2162 reram
1163 2097 1275 2183 objec-

237 2215 343 2264 torum
359 2203 537 2290 praestigiis,
556 2204 603 2265 ita
625 2199 846 2266 deliniendam
867 2218 901 2266 et
918 2201 1133 2286 fallendum,
1156 2219 1193 2267 nt
1204 2203 1274 2293 jani

236 2306 270 2370 in
285 2305 346 2369 alia
358 2328 468 2370 rerum
486 2323 600 2371 natura
614 2323 648 2370 et
665 2307 797 2386 ordine,
817 2307 879 2370 alia
892 2307 1075 2394 cogitandi,
1091 2309 1274 2389 sentiendi,

178 2421 179 2426 ’
236 2426 269 2476 et
289 2409 406 2496 agendi
433 2411 485 2473 via
508 2427 540 2472 et
562 2411 708 2488 ratione,
735 2411 805 2474 aliis
833 2411 1057 2498 temporibus,
1082 2413 1167 2476 inter
1190 2414 1274 2480 alios

235 2512 399 2591 homiues,
411 2530 443 2576 et
454 2530 544 2577 extra
555 2535 590 2577 se
602 2515 801 2602 solitumque
813 2515 887 2578 vitae
900 2531 1050 2578 tenorem
1059 2517 1271 2598 constitutae,

235 2623 270 2682 in
284 2618 368 2682 nihil
379 2617 521 2694 ineidat,
538 2643 600 2708 quo
614 2621 857 2707 expergefactus
870 2622 962 2708 quasi
972 2644 1016 2685 'ex
1025 2644 1128 2685 aureo
1142 2624 1273 2686 somnio

233 2721 298 2788 sibi
307 2723 501 2811 lusumfieri
509 2723 770 2802 antinadvertat3
788 2724 823 2788 id
842 2724 933 2812 quod
948 2726 1021 2788 sine
1044 2724 1272 2812 indignatione

235 2845 268 2892 et
288 2829 480 2915 poenitentia
502 2831 612 2918 aliqua
635 2820 723 2918 ejus,
754 2831 811 2918 qui
831 2829 873 2894 ad
897 2853 931 2893 se
959 2829 1077 2908 rediit,
1106 2829 1178 2894 fieri
1203 2853 1271 2895 non

234 2949 351 3022 potest.
368 2937 454 3000 Hinc
473 2937 582 3000 aviris
604 2934 710 3000 doctis
737 2937 840 3000 muta
859 2935 1026 3023 disputata
1049 2952 1125 2999 sunt
1143 2934 1186 3000 de
1200 2959 1274 3022 pro·

234 3038 403 3104 habilitate
432 3045 559 3125 poetico
586 3065 626 3105 oc
655 3039 800 3128 mythico
827 3056 860 3104 et
885 3039 928 3102 de
959 3039 1269 3133 verisimilitudine,

234 3169 332 3235 quam
353 3165 450 3236 poeta
470 3151 585 3212 sectari
610 3147 726 3227 debet,
757 3149 813 3237 qui
838 3171 905 3210 non
932 3148 1001 3234 ipse
1024 3147 1094 3210 vult
1119 3169 1178 3210 sua
1198 3163 1274 3214 ¹acta

233 3253 429 3319 rescindere.
457 3255 600 3318 Omnino
623 3253 665 3318 ad
689 3254 774 3317 hanc
793 3249 920 3319 γοητείαν
947 3233 1152 3328 ilnn'onemss
1169 3275 1274 3340 quant
1338 3307 1339 3312 ,

232 3360 430 3424 recentiores
449 3357 623 3424 commode
635 3375 771 3437 vocant,
788 3357 964 3446 pleraque,
981 3379 1054 3447 quae
1069 3357 1111 3420 de
1124 3359 1273 3421 carmine

232 3466 416 3552 epicorum
439 3466 577 3528 utilitate
591 3465 700 3552 aliqua
717 3465 849 3552 praecipi
872 3479 1031 3550 possunt,
1057 3484 1212 3526 revocare
1233 3464 1273 3527 in

267 3666 306 3737 (ι)
322 3665 448 3735 Exposita
463 3685 495 3716 ea
511 3678 572 3716 sunt
591 3685 608 3716 a
622 3664 724 3726 multis;
775 3665 903 3718 nonnulla
915 3677 989 3729 sunt,
1002 3665 1030 3713 in
1040 3681 1154 3732 quornm
1169 3665 1273 3716 caussis

232 3747 371 3818 praeferam
381 3757 469 3796 tamen
481 3743 691 3795 dictaaSuIzero
699 3745 726 3794 in
776 3744 916 3796 reddendis
941 3743 1016 3794 aliter
1039 3744 1157 3794 sentiam.
1175 3743 1271 3810 ¹Multo

232 3823 411 3896 Allqemeiner
428 3821 537 3874 Theone
550 3824 596 3874 der
608 3822 728 3874 sohoenen
775 3825 861 3874 minus
885 3825 909 3874 ei
930 3821 1113 3893 adstipulabor
1135 3821 1163 3871 in
1184 3819 1272 3872 altero
1338 3859 1339 3864 ,

234 3905 334 3956 Ktnste
344 3904 371 3956 in
380 3919 436 3953 voc.
447 3899 666 3974 Heldengedt'cbt5
679 3902 727 3952 etsi
775 3901 851 3977 loco:
864 3899 962 3953 AEneis.
