2690 4594
239 309 302 386 402
487 303 522 366 Ρ.
546 281 777 364 vrnottu
801 301 1032 370 Manonrs

238 429 378 493 Litoreis
391 429 506 514 ingens
519 425 652 488 inventa
664 423 725 490 sub
738 422 868 488 ilicibus
881 445 950 504 sus,

238 535 388 623 Triginta
400 532 545 620 capitum
558 532 644 595 fetus
657 531 765 609 enixa,
777 528 914 618 jacebit,

238 641 334 718 Alba,
348 639 419 704 solo
430 637 606 716 recubans,
620 635 686 700 albi
698 638 823 702 circum
835 636 937 700 ubera
950 637 1033 701 nati:

238 749 269 812 Is
281 747 373 811 locus
387 744 476 813 urbis
490 744 566 823 erit;
579 743 710 833 requies
723 766 762 808 ea
774 759 862 808 certa
874 743 1035 807 laborum.

236 855 306 917 Nec
318 868 355 915 tu
367 871 556 915 mensarum
569 871 698 914 morsus
710 848 866 914 horresce
879 849 1025 914 futuros:

237 961 315 1022 Fata
326 957 413 1020 viam
425 956 608 1034 invenient,
622 953 795 1044 aderitque
807 971 941 1020 vocatus
954 955 1085 1042 Apollo.
1247 970 1283 1031 395

236 1066 304 1128 Has
316 1078 426 1127 autem
439 1077 555 1139 terrae,
571 1060 710 1151 ltalique
723 1060 809 1125 hanc
821 1060 925 1126 litoris
939 1083 1046 1140 oram,

235 1169 386 1233 Proxima
399 1187 472 1255 quae
484 1167 589 1230 nostri
600 1165 815 1253 perfunditur
826 1167 967 1254 aequoris
980 1183 1077 1246 aestu,

146 1329 150 1332 .
234 1279 373 1364 Effuge:
387 1291 505 1340 cuncta
517 1274 611 1338 malis
622 1273 815 1339 habitantur
826 1275 948 1338 moenia
960 1275 1078 1340 Graiis.

234 1385 299 1449 Hic
312 1399 345 1447 et
356 1381 486 1470 Narycii
498 1391 683 1469 posuerunt
695 1382 816 1445 moenia
829 1382 940 1460 Locri,

234 1493 276 1555 Et
287 1489 484 1574 Sallentinos
497 1485 628 1551 obsedit
640 1488 745 1552 milite
757 1509 891 1575 campos
1244 1505 1283 1561 loo

263 1675 316 1740 3912
322 1676 396 1740 soetus
404 1677 503 1737 cupitum
512 1673 723 1738 Montalb.-393.
732 1675 777 1720 Hic
786 1673 802 1719 l.
811 1672 909 1721 Dorvill.
920 1685 943 1720 et
950 1658 987 1736 alp.
996 1674 1102 1720 Nonium
1111 1686 1135 1721 et
1143 1675 1284 1725 Cledoniunr.
1330 1661 1331 1730 l

234 1759 285 1798 erut
299 1749 348 1796 duo
364 1748 443 1793 Burm.
456 1770 486 1782 -
496 1743 549 1804 395.
570 1749 685 1792 inveniunt
701 1757 802 1809 quatuor
816 1744 896 1792 Heius.
908 1771 940 1781 -
949 1745 1002 1806 396.
1016 1747 1068 1790 llas
1080 1750 1142 1792 inter
1156 1749 1226 1795 Goth.
1238 1762 1284 1795 tert.
1330 1745 1331 1804 l

232 1823 311 1870 urbem
324 1819 422 1866 Oudart.
432 1832 476 1879 pro
488 1833 536 1862 var.
551 1815 604 1862 lect.
616 1817 646 1864 ad
656 1834 727 1864 orama
738 1842 769 1852 -
778 1816 832 1878 397.
846 1832 893 1880 qua
905 1820 978 1862 nostri
988 1817 1098 1863 Parthas.
1105 1853 1113 1875 ,
1125 1820 1194 1881 quod
1202 1821 1287 1866 adridet
1330 1805 1331 1826 l

214 1917 215 1925 ι
232 1898 374 1941 Burmanno.
387 1889 534 1954 perfunditur
542 1889 590 1935 duo
600 1906 638 1951 ap.
650 1889 721 1936 eund.
731 1914 763 1924 -
774 1889 828 1949 399.
847 1889 908 1933 Hinc
922 1901 945 1934 et
958 1891 1071 1945 Nan-uit,
1088 1892 1193 1946 Naeuii,
1210 1895 1289 1938 Neritii

233 1967 391 2014 aberrationes
407 1961 528 2007 Codicum.
547 1953 645 2023 Νἶιρυξ,
663 1957 729 2010 πόλις
748 1957 854 2022 Λοκρίδος
874 1973 917 2006 etc.
934 1953 1138 2022 8ιιρ1ι.’-Δοο.
1157 1963 1288 2010 Sollentim

232 2041 313 2085 Heius.
329 2050 383 2081 cum
396 2033 447 2079 aliis
465 2032 615 2088 melioribus,
627 2048 697 2095 quem
709 2051 731 2080 v.
748 2045 772 2079 et
785 2047 845 2094 quos
858 2031 939 2078 laudat
955 2033 1034 2078 Burm.
1052 2050 1107 2080 curn
1120 2047 1190 2082 antea
1203 2037 1288 2082 editum

233 2120 293 2156 esset
307 2105 448 2152 Salentinae:
460 2117 512 2166 quae
522 2103 641 2164 antiquior
650 2119 699 2150 esse
712 2103 795 2150 debuit
806 2105 929 2164 scriptura.
947 2102 1075 2150 &lentium
1087 2105 1160 2150 Goth.
1174 2118 1227 2152 tert.
1240 2123 1288 2170 quae

233 2181 353 2244 antiquior
370 2177 415 2223 luit
435 2177 549 2237 scriptura
569 2176 715 2223 Σιλαιτιιιιι
734 2175 799 2241 quod
818 2177 889 2222 etiam
909 2190 937 2220 ex
955 2191 1028 2222 numo
1044 2177 1173 2224 laudatur:
1194 2178 1226 2225 de
1244 2195 1288 2242 qno

232 2341 267 2389 tis
280 2337 410 2406 antiquis,
423 2336 547 2406 gemmis,
559 2335 646 2387 numis
659 2334 734 2388 exhi·
772 2325 866 2386 'fuisse
876 2333 1014 2391 contendit
1026 2333 1124 2386 Strabo
1136 2337 1188 2400 Vt,
1197 2356 1226 2407 p.
1242 2337 1289 2406 259

232 2417 303 2481 bita,
320 2427 350 2465 ut
362 2414 484 2484 exempla
499 2413 603 2486 singula
622 2414 734 2466 laudere
784 2416 812 2464 Β.
832 2413 884 2466 Sed
901 2417 1076 2472 communior¹
1089 2417 1184 2486 opinio
1207 2419 1290 2469 altera
1330 2457 1331 2474 .

231 2496 300 2549 velle
312 2497 434 2563 ineptum
450 2494 492 2542 sit.
509 2492 600 2544 secreti
607 2492 735 2568 fluminis
784 2492 839 2545 illa.
858 2513 884 2544 v.
905 2493 1010 2546 Cluver.
1030 2494 1090 2546 Ital.
1110 2514 1138 2564 p.
1164 2497 1228 2548 1301
1250 2516 1287 2567 sq.

232 2575 260 2628 h.
281 2594 304 2625 e.
322 2575 348 2622 in
368 2583 444 2642 parte
463 2581 584 2636 secreta,
598 2572 631 2622 ab
650 2571 735 2622 borni·
784 2571 909 2642 Sequitur
921 2592 984 2624 vero
992 2587 1074 2644 poeta
1084 2593 1145 2626 eam
1160 2580 1289 2628 narratio·
1330 2587 1331 2620 l

232 2671 298 2704 num
315 2651 467 2720 frequentia
485 2662 601 2714 remota,
619 2649 732 2702 fluminis
781 2671 856 2719 nem,
874 2653 931 2725 qua
947 2673 979 2706 ex
996 2656 1209 2726 Locris,Ajaeis
1222 2659 1290 2710 Oilei
1330 2631 1331 2724 l

231 2733 335 2784 Tiberis
345 2730 393 2779 int.
404 2729 523 2794 vss1,82
536 2747 586 2800 per
595 2728 732 2781 silvam-
758 2753 761 2761 s
782 2735 972 2800 sociis‚fuisse
981 2735 1079 2786 crediti
1089 2739 1229 2808 sunt,qui
1238 2738 1290 2789 dis·
1330 2727 1331 2786 l

232 2811 312 2864 viridi
323 2810 350 2860 in
362 2806 445 2860 litore.
453 2807 578 2861 Ceterum
591 2808 733 2862 observari·
781 2832 862 2885 persa
882 2815 917 2868 ad
938 2815 1120 2886 Caphereum·
1133 2834 1292 2888 promonto-
1330 2801 1331 2864 l

231 2893 307 2957 dum,
315 2889 733 2964 quaverbornmdignitateigno-
783 2895 853 2944 rium
877 2894 979 2958 classe,
1004 2898 1031 2946 in
1057 2898 1177 2950 Bruttios
1203 2914 1292 2953 essent

177 3030 182 3040 ¹
230 2973 285 3025 bile
303 2983 488 3044 argumentum
499 2983 580 3040 poeta
590 2973 732 3023 ornaverit.
783 2972 874 3024 delati.
895 2975 929 3024 cf.
954 2973 1026 3042 Serv.
1049 2975 1136 3028 Aliter
1154 2978 1289 3052 Lycophr.

281 3051 342 3121 394.
376 3051 498 3121 Harpyiae
532 3050 733 3120 praedictionem
786 3054 862 3120 1141.
887 3055 969 3120 1148,
990 3054 1039 3106 ubi
1060 3058 1096 3107 cf.
1117 3057 1210 3111 Sebol.
1225 3065 1292 3115 Vide

233 3151 291 3204 sup.
308 3129 366 3184 255.
380 3131 441 3182 365.
453 3131 571 3200 respicit.
591 3129 677 3195 viam,
692 3149 734 3182 ra·
784 3133 878 3202 Opusc.
902 3133 985 3184 Acad.
1007 3134 1057 3184 To.
1083 3137 1116 3186 Il.
1140 3157 1168 3207 p.
1190 3142 1230 3208 46
1255 3161 1292 3214 sq,

233 3214 334 3264 tionem
360 3222 386 3263 et
407 3213 505 3262 exitum
527 3209 646 3274 oraculi,
669 3212 732 3282 ipsae
780 3211 884 3264 Eclrbei
904 3214 1042 3274 [Doctrina
1067 3215 1184 3270 Numer.
1214 3226 1244 3275 P.
1275 3229 1294 3276 l,
1330 3249 1331 3254 =

232 3311 274 3345 res
291 3289 618 3357 dabunt,monstrabunt‚
632 3302 658 3341 et
671 3309 733 3361 pro·
773 3293 841 3344 ·Vol.
855 3295 887 3346 Η.
900 3313 928 3364 p.
943 3294 1002 3364 ²⁵7·
1048 3321 1050 3326 ·
1330 3255 1331 3342 l

232 3373 314 3444 pitius
327 3373 377 3423 erit
388 3370 501 3441 Apollo,
514 3371 616 3422 oraculi
629 3383 731 3422 auctor.
818 3373 878 3440 400.
893 3375 953 3440 401.
967 3373 1184 3430 Sallentinorum
1200 3383 1252 3450 qui
1267 3397 1295 3431 ex
1330 3363 1331 3382 l

268 3454 329 3522 397.
351 3451 433 3504 nostri
454 3450 557 3514 maris,
577 3452 645 3502 lonii
663 3453 733 3503 inter
783 3453 900 3524 antiquis
921 3455 1063 3524 Messapiis
1077 3457 1212 3523 fuerunt,
1226 3473 1296 3511 trac-

232 3533 343 3603 Epirum
362 3543 389 3582 et
406 3530 634 3600 ltaliam-399.
655 3531 734 3582 Locri
781 3544 823 3584 tus
846 3545 903 3584 erat
927 3534 954 3583 in
983 3535 1139 3603 peninsula·
1153 3536 1295 3590 Calabria.

230 3609 421 3683 Epizephyrii,
439 3612 467 3660 in
478 3611 600 3674 Bruttiis⁷
613 3608 648 3662 ad
667 3607 730 3661 litus
779 3612 937 3664 lusederant
956 3631 1018 3664 eum
1037 3632 1101 3664 mox
1120 3613 1297 3672 Cretensium
1330 3633 1331 3644 ¹

230 3691 312 3745 Italiae
334 3703 454 3752 extremae
475 3689 609 3753 exterius,
631 3687 730 3740 Locro·
779 3693 904 3754 colonien
920 3695 954 3744 cf.
975 3691 1072 3746 Strabo
1084 3697 1139 3762 vl,
1152 3717 1181 3769 p.
1201 3703 1256 3755 281
1273 3703 1297 3754 Β,

230 3789 290 3821 rum
310 3767 491 3842 Opuntiorum
518 3766 638 3834 colonia,
664 3786 730 3838 quo-
779 3772 1299 3850 atqueadhasldomeneumTrojare·

231 3868 291 3901 rum
312 3861 369 3900 erat
391 3845 455 3896 urbs
478 3847 568 3917 Naryx
586 3846 630 3898 vel
646 3847 730 3922 Nary-
779 3851 889 3918 ducem,
910 3851 959 3904 sed
979 3870 1042 3904 mox
1061 3858 1155 3925 patria
1178 3861 1298 3930 ejectum

231 3931 359 3995 cium‚ex
377 3925 488 3976 adverso
505 3925 611 3978 Euboeae
628 3927 728 3982 insulae,
770 3929 831 4001 (cf.
850 3949 910 4002 sup.
938 3949 1002 3998 121,
1024 3945 1052 3985 et
1068 3936 1113 3986 inf
1132 3937 1189 4005 Xl,
1213 3939 1298 4009 265),

229 4009 330 4060 Locros
355 4003 451 4058 Ouolas
479 4002 553 4061 urbis
577 4005 729 4060 conditores
779 4010 902 4064 nonnulli
921 4011 1079 4066 retulerunt.
1102 4018 1179 4069 conf.
1207 4019 1297 4072 Varro
