2656 4592
337 308 572 376 AENEIDOS
595 309 749 374 LIBER
773 312 835 377 lvi
1043 315 1104 382 515

60 433 229 500 Admonet
241 433 275 498 in
288 435 411 498 somnis
424 450 457 497 et
468 431 600 498 turbida
612 449 713 498 terret
725 435 843 530 imago.

60 545 119 606 Me
132 563 216 629 puer
226 542 397 619 Ascanius,
411 541 592 628 capitisque
605 540 723 630 injuria
735 542 816 621 cari,

60 650 172 728 Quem
184 668 286 735 regno
300 647 469 735 Hesperiae
482 645 600 712 fraudo
613 663 645 710 et
658 647 810 712 fatalibus
822 651 917 714 arvis.
1064 665 1106 720 355

59 755 160 816 Nunc
173 753 272 815 etiam
284 754 450 840 Interpres
463 750 589 831 divom,
603 753 686 816 Jove
698 755 816 818 missus
829 754 869 820 ab
882 756 968 844 ipso,

58 859 201 941 (Testor
211 874 391 947 utrumque
404 862 518 946 caput)
532 859 648 923 celeris
660 857 814 923 mandata
823 883 883 947 per
894 885 988 927 auras

60 963 200 1028 Detulit.
216 965 290 1052 Ipse
304 963 404 1030 deum
416 966 591 1042 manifesto
604 967 637 1029 in
650 967 776 1030 lamiae
788 967 857 1032 vidi

60 1072 247 1134 latrantem
259 1093 386 1151 muros,
402 1094 583 1161 vocemque
596 1071 648 1137 his
659 1073 793 1137 auribus
805 1073 910 1139 hausi.

60 1178 188 1241 Desine
200 1199 321 1266 meque
332 1177 589 1242 tuisineendere
601 1195 701 1268 teque
715 1181 875 1268 querelis;
1046 1197 1109 1248 ooo

60 1283 193 1347 Italiam
205 1305 272 1346 non
286 1300 403 1370 sponte
416 1306 547 1373 sequor,
1110 1280 1114 1286 ³

109 1390 202 1453 Talia
214 1388 380 1453 dicentem
388 1388 588 1478 jamdudum
600 1413 714 1455 aversa
726 1409 851 1470 tuetur,

63 1496 142 1562 Huc
154 1493 232 1560 illuc
245 1494 381 1558 volvens
395 1494 523 1574 oculos,
537 1511 711 1585 totumque
724 1515 871 1585 pererrat

63 1600 262 1666 Luminibus
275 1600 395 1679 tacitis,
410 1617 442 1664 et
454 1601 500 1664 sic
512 1599 654 1666 adcensa
666 1603 832 1689 profatur:

62 1713 135 1776 Nec
147 1707 206 1772 tibi
219 1705 295 1772 diva
306 1730 438 1795 parens,
453 1708 581 1794 generis
595 1729 657 1771 nec
669 1705 842 1770 Dardanus
854 1724 982 1788 auctor,
1066 1717 1111 1770 ’365

97 1876 151 1924 353.
163 1878 268 1922 {aromate
276 1889 323 1920 una
334 1891 389 1922 voce
399 1877 480 1922 Franc.
489 1887 513 1922 et
522 1877 578 1938 Reg.
590 1893 612 1922 v.
623 1875 653 1920 26
664 1875 697 1930 11,
710 1889 763 1921 rao.
775 1877 845 1920 nectit
854 1877 1036 1940 Imaqollugen„
1046 1879 1114 1942 lapsu

62 1947 164 1994 librarii.
173 1971 203 1980 —
211 1945 263 2002 354.
271 1948 393 2010 capitisque
403 1947 616 2010 r'njan'esacn'Ven.
625 1943 1114 2006 2111222121.-355.εῑ6εεειΖιιΙίο1ι.,ιιοη

63 2016 136 2064 male.
148 2043 180 2054 —
189 2017 242 2063 356.
259 2018 311 2063 Hae
321 2017 488 2085 26122211υῦ222.
501 2033 581 2063 rursus
592 2015 620 2062 ab
635 2015 704 2062 Goth.
715 2028 782 2072 tero,
792 2017 907 2078 imperitia
921 2017 1018 2066 llbrarii.
1029 2021 1057 2066 ab
1068 2020 1114 2067 alte

64 2090 158 2153 2IIquot
168 2089 237 2136 codd.
248 2105 285 2151 ap.
296 2091 376 2137 IIeIna.
387 2092 576 2145 etBurmannua,
588 2103 660 2151 quem
668 2087 946 2152 νῶι-3572262462
958 2091 1028 2136 Goth.
1039 2109 1075 2154 pr.
1083 2117 1115 2128 -

36 2175 40 2183 ·
66 2161 121 2207 358.
132 2163 155 2204 in
162 2159 228 2205 deest
236 2160 303 2204 Witt.
311 2159 383 2206 Wall.
392 2161 439 2206 Eri.
447 2160 524 2206 ‘lr'mr'ne
531 2172 590 2215 tres,
602 2171 628 2204 ut
638 2156 762 2205 21.-36ο.
770 2159 833 2204 Dum
839 2163 886 2205 siae
893 2160 962 2206 Goth.
973 2173 1025 2207 tert.
1037 2178 1115 2226 meque

12 2227 14 2234 ’
64 2242 133 2295 teque
143 2232 190 2277 vid.
202 2232 280 2275 Burm.
298 2231 328 2276 ad
344 2232 431 2277 Lucan.
441 2232 485 2288 IX,
501 2231 554 2292 985.
568 2234 676 2276 decessere
689 2246 726 2292 pr.
737 2229 818 2274 Ilamb.
829 2245 873 2292 pro
884 2246 931 2276 var.
943 2230 997 2276 lect.
1011 2231 1115 2310 qperellr's
1147 2245 1151 2250 ·

65 2304 206 2350 vetusti0res
226 2301 279 2347 libri
298 2305 359 2348 Pier.
377 2317 400 2348 et
415 2305 536 2350 112162-
549 2302 601 2348 361.
616 2318 687 2365 quero
699 2301 797 2347 Dorvill.
817 2302 912 2350 indocte
929 2319 957 2348 ex
972 2305 1116 2366 interpreta-

65 2385 162 2419 mento:
176 2373 205 2418 el.
217 2387 271 2418 mox
282 2373 312 2418 ad
322 2373 375 2420 381.
387 2401 417 2410 —
427 2374 481 2420 362.
495 2373 565 2418 Multi
575 2373 682 2427 adversa,
691 2373 805 2434 pessime5
816 2374 859 2417 etsi
867 2371 1001 2418 Burmanno
1010 2390 1058 2419 non
1068 2374 1115 2419 dit·

64 2444 162 2507 pliceat.
174 2437 239 2490 versa'
249 2443 346 2490 Dor-vill.
353 2471 385 2482 —
393 2445 445 2502 364.
456 2453 563 2509 precatur
573 2445 610 2490 ed.
619 2445 715 2512 (leedan
727 2444 806 2488 nescio
813 2457 843 2488 an
853 2453 876 2488 et
888 2441 950 2500 aliae,
961 2443 1030 2491 obvio
1040 2445 1113 2507 lapsu.
1206 2501 1209 2506 Ι

65 2599 166 2659 parant
182 2585 258 2638 Iliad.
269 2587 301 2652 ψ,
320 2587 368 2640 105
385 2587 424 2659 aq.
438 2599 567 2662 suryuat,
617 2587 694 2654 θυμω
708 2583 840 2654 ὅδυρᾶμιγος
850 2584 890 2636 καὶ
904 2583 995 2652 iperi-r
1013 2587 1115 2658 ’Arprldl'r

66 2668 207 2718 oriuntur:
221 2685 245 2716 v.
257 2669 268 2717 I
278 2667 374 2740 Georg.
387 2669 447 2736 440.
460 2697 496 2708 -
506 2667 566 2721 353.
616 2664 671 2734 t'ipoei
682 2661 753 2734 pipat
766 2663 842 2734 χάριν.
859 2665 1013 2731 incendere,
1036 2686 1116 2738 quam

66 2745 175 2797 turbida
186 2747 286 2819 imapo,
296 2747 417 2813 turbata,
430 2749 511 2800 tristis
520 2788 528 2815 ‚
538 2760 568 2799 ut
617 2759 769 2817 opportune
788 2747 917 2816 positum!
932 2764 1116 2810 commovere,

66 2828 109 2890 V,
129 2825 196 2892 695,
210 2829 248 2878 ita
263 2829 348 2880 verius
369 2827 438 2881 Serv.
456 2828 498 2881 Ad
516 2827 568 2896 354
616 2829 709 2893 luctu,
731 2826 824 2879 dolore
842 2841 867 2879 et
883 2830 927 2878 ira
949 2846 1115 2899 exasperare.

67 2906 140 2957 conf.
154 2921 212 2974 sup.
228 2904 279 2970 234
290 2923 330 2975 sq.
617 2907 705 2960 Cerdo
724 2906 817 2957 laudat
830 2906 928 2959 Catulli
942 2928 948 2955 :
969 2907 1076 2960 Nostros
1088 2919 1119 2958 at

107 2983 160 3036 356
187 2999 245 3052 sqq.
267 2982 399 3036 Adornata
420 2986 515 3050 verba,
539 2989 569 3036 ut
619 2986 703 3037 luctus
710 3024 719 3050 ,
732 2995 877 3056 nostraeque
890 2984 1012 3034 incendia
1024 2987 1119 3038 mentis

67 3059 146 3116 Iliad.
170 3079 206 3121 υ,
232 3061 282 3112 223
307 3071 448 3133 utramque
470 3077 567 3133 caput,
618 3065 701 3133 (laxs,
716 3066 785 3136 226).
805 3065 891 3114 Etiam
913 3079 955 3132 ap.
975 3064 1115 3118 valeam.

67 3159 160 3197 meum
173 3159 204 3194 ae
223 3153 306 3192 tuum.
319 3143 376 3192 Hoc
395 3143 423 3192 in
434 3141 522 3193 verbis
535 3141 570 3193 'ad
617 3145 680 3206 vn,
702 3143 761 3209 243.
781 3144 820 3193 De
841 3141 957 3194 Medea:
980 3144 1119 3215 Perpetior

68 3223 204 3275 Didonem
215 3219 314 3273 habitis
330 3224 411 3292 magis
431 3233 569 3274 eonsenta·
619 3223 690 3274 duroe
695 3220 856 3292 jamdudum
870 3220 992 3270 incendia
1005 3224 1111 3293 mentia

68 3321 166 3368 neum,
180 3319 277 3372 quam,
291 3302 313 3351 si
325 3301 413 3353 AEneoe
424 3313 451 3352 et
462 3301 570 3352 Ascanii
655 3301 704 3352 362
712 3300 812 3374 5364.
823 3301 937 3372 Egregia
950 3301 1030 3352 anlmi
1041 3305 1119 3355 tumi-

69 3384 214 3455 intelligas.
238 3381 364 3432 Formula
383 3381 492 3450 jurandi
512 3383 571 3452 ipsa
620 3383 648 3434 di
661 3384 867 3452 repraesentatio.
880 3401 984 3447 avem,
998 3383 1119 3456 adeoque

68 3467 135 3519 fatis
148 3477 188 3516 est
199 3475 335 3527 notamen
348 3460 382 3512 de
394 3480 426 3514 ea
436 3463 569 3532 quaritur.
620 3463 745 3533 oblique:
761 3475 843 3514 torve.
861 3463 895 3513 ef.
919 3461 1119 3517 CardaLumi-
1210 3466 1213 3472 ’

70 3545 136 3597 Mox
152 3581 160 3608 ‚
180 3542 319 3613 manifesto
342 3541 370 3592 in
393 3538 494 3593 tamine
508 3580 517 3608 ,
542 3555 571 3593 ut
619 3543 696 3596 nibus
708 3541 807 3606 tacitis,
818 3541 844 3592 h.
861 3561 884 3594 e.
898 3545 957 3612 ipsa
967 3556 1065 3597 tacens.
1077 3547 1119 3600 Sic

71 3624 160 3677 solent
181 3623 218 3674 dii
239 3621 396 3675 mortalibus
416 3641 572 3690 occurrere,
619 3625 681 3689 VII,
694 3623 745 3690 343
753 3622 908 3675 esttact'tum
916 3621 998 3675 lt'men
1007 3626 1118 3679 Amatae.

71 3704 171 3771 ἐναργῆ,
192 3704 334 3756 Homerica
351 3719 433 3753 vocer
448 3713 479 3753 ut
495 3702 570 3754 Iliad.
619 3703 682 3755 Non
692 3702 840 3754 audiendus
848 3703 935 3754 Burin.
949 3703 1049 3757 Eodem
1058 3725 1119 3759 sen-

73 3807 98 3846 a,
114 3785 170 3836 130.
183 3783 277 3856 Odyaa.
289 3803 318 3844 π,
333 3784 389 3836 161.
400 3801 424 3832 v.
438 3781 500 3834 Exc.
511 3783 571 3834 XIII
621 3803 652 3836 su
670 3783 794 3855 Apollon.
814 3784 853 3849 II,
877 3783 912 3854 49
935 3783 994 3850 ripa
1006 3786 1028 3840 ἐς
1050 3783 1120 3839 ariade

74 3865 111 3918 ad
122 3867 150 3929 1,
160 3863 219 3930 402.
233 3861 351 3932 Ieidpmr
369 3861 436 3916 aaa
448 3861 523 3915 Illad.
537 3883 570 3924 a,
621 3864 657 3931 ἔχ’
667 3865 774 3932 ὄμματα.

78 3945 137 4000 223.
475 3997 477 4004 ,
656 3945 707 3998 365
721 3963 779 4016 sqq.
797 3943 937 3996 Orationis
954 3942 1047 4011 hujus,
1060 3963 1121 3996 cum

112 4021 172 4076 360.
185 4021 261 4075 Iliad.
276 4044 298 4084 ι,
315 4024 366 4078 6011
379 4019 421 4074 Mr'
433 4041 475 4088 μοι
487 4019 571 4089 σύγχει
621 4023 856 4078 vehementissimis
870 4041 901 4075 ae
913 4024 1073 4092 gravissimis
1084 4027 1123 4076 al·

901 4111 942 4162 33.

1247 374 1254 407 1
