2656 4592
240 301 302 389 t76

485 301 518 364 P.
543 298 773 363 vrnsrnn
797 297 1030 399 Minonis

271 652 343 705 Libri
356 652 434 723 hujus
447 652 586 706 artificium
603 654 661 724 quis
677 669 732 703 non

236 735 332 786 sensit?
351 735 410 804 quis
426 753 481 798 npn
496 733 621 786 laudibus
637 731 733 804 predi-

236 813 322 864 cavit?
333 825 372 865 est
383 814 453 865 enim
463 813 498 865 nd
507 831 674 864 communem
682 808 733 861 bo·

236 893 335 944 minum
357 894 483 944 affectum
502 904 658 964 comparata
673 907 732 954 res,

237 991 311 1023 amor
321 974 452 1024 infaustus
461 985 487 1025 et
496 984 731 1024 successn'carens.

235 1049 307 1104 Side
324 1052 355 1102 iis
368 1052 489 1123 partibus
505 1053 628 1104 carminis
642 1048 734 1120 quaeri-

235 1141 293 1195 tur,
307 1150 364 1201 quse
371 1131 483 1203 Virgilio
493 1133 607 1202 propriae
618 1141 692 1192 sunt,
707 1138 734 1178 et

233 1212 374 1280 exquibus
387 1214 442 1280 ejus
451 1213 586 1282 ingenium
596 1223 622 1262 et
634 1227 676 1260 ars
689 1209 734 1257 in-

233 1292 327 1359 primis
344 1292 458 1360 spectari
473 1290 604 1359 simulque
616 1287 683 1339 illud
694 1287 735 1337 in-

163 1431 170 1440 ·
233 1368 317 1440 telligi
330 1371 428 1438 possit,
446 1381 575 1438 quantum
592 1367 627 1419 ad
644 1368 734 1434 cujus·

235 1463 287 1515 que
297 1459 383 1516 poeta
393 1447 511 1499 indolem
521 1459 583 1498 etas
594 1461 620 1498 et
627 1457 735 1515 tempo-

233 1543 306 1589 rum,
331 1528 359 1578 in
381 1545 438 1597 quae
465 1526 558 1578 incidit
585 1528 641 1594 ejus
663 1527 733 1589 vita,

233 1609 326 1678 genius
339 1608 436 1660 faciat:
450 1607 548 1660 librum
560 1606 632 1657 hunc
647 1607 733 1676 primo

233 1685 295 1737 loco
308 1687 477 1739 excitandum
487 1705 543 1739 esse
554 1685 677 1738 arbitror.
689 1686 736 1736 Ni-

232 1765 271 1816 bil
281 1767 360 1829 enim,
369 1768 396 1816 in
406 1768 521 1816 Homero
533 1777 617 1829 certe,
628 1763 733 1830 babuit,

234 1845 307 1916 quod
318 1859 485 1914 sequeretur;
499 1863 560 1912 nam
571 1845 734 1896 alienissima

202 1933 204 1943 ‘
233 1943 275 1976 res
288 1925 321 1975 ab
334 1927 442 1976 Homeri
452 1925 548 1975 saeculo
559 1935 584 1975 et
594 1924 712 1974 moribus
725 1961 733 1989 ‚

233 2003 342 2055 delicias
355 2005 383 2054 in
399 2021 488 2055 amore
501 2005 605 2067 lacere,
625 2013 671 2054 aut
688 2022 732 2054 ex-

235 2082 399 2154 quisitionem
409 2082 525 2153 aliquem
537 2083 664 2134 affectum
677 2099 732 2132 sns-

234 2163 330 2231 cipere.
344 2162 479 2232 Euripidis
490 2161 608 2212 Alcestin
626 2162 653 2210 in
665 2179 731 2212 non·

232 2239 312 2292 nullis
331 2253 392 2292 ante
411 2241 503 2293 oculos
520 2239 618 2292 babere
635 2243 730 2311 potuit.

230 2321 320 2381 ,Etiam
336 2340 367 2372 ex
382 2320 466 2371 Naevii
478 2320 549 2372 bello
559 2319 659 2372 Punico
672 2339 733 2372 eum

232 2400 363 2452 nonnulla
385 2402 524 2453 retinuisse
546 2403 681 2473 suspicor;
705 2422 730 2454 v.

232 2481 352 2532 Macrob.
361 2481 410 2545 VI,
422 2499 435 2532 2
445 2495 509 2532 extr.
521 2495 547 2534 et
560 2481 631 2533 Serv.
644 2482 678 2534 ad
686 2484 732 2547 IV,

232 2577 257 2627 ss·
272 2559 323 2610 Sed
338 2564 471 2613 communi
484 2563 611 2634 opinione
625 2563 733 2635 Apollo-

232 2639 307 2687 nium
325 2637 412 2688 Rhcd.
430 2654 558 2708 sequutus
575 2659 631 2693 esse
648 2645 732 2694 fertur

230 2718 286 2784 jam
298 2718 326 2767 in
340 2718 471 2770 Servianis
485 2720 520 2771 ad
535 2721 580 2772 lib.
600 2723 635 2774 IV
651 2743 692 2794 pr.
706 2735 732 2775 et

232 2796 352 2847 Macrob.
374 2799 411 2861 V,
442 2815 480 2867 ¹7·
507 2799 612 2851 Scilicet
631 2801 731 2854 Medeae

234 2895 351 2930 amorem
374 2875 409 2928 ad
431 2877 564 2931 Didonem
587 2881 729 2932 transtulit.

232 2958 296 3024 Quae
306 2969 395 3009 tamen
404 2958 456 3009 alia
464 2959 526 3011 inde
535 2960 628 3012 tollere
638 2974 734 3031 potue·

231 3041 279 3102 rit,
289 3051 384 3109 praeter
398 3057 499 3109 pauca,
511 3058 569 3110 quae
585 3040 619 3092 ad
630 3043 731 3111 primos

232 3116 294 3168 libri
306 3136 396 3169 versus
409 3130 435 3170 et
444 3119 543 3190 passim
556 3119 619 3171 alibi
631 3123 732 3174 notavi·

230 3195 311 3259 mus,‘
324 3199 367 3247 vix
389 3200 532 3268 quicquam
553 3202 683 3263 occurrit;
705 3215 733 3254 et

230 3273 333 3326 Medeae
355 3295 429 3328 amor
450 3276 592 3329 admodum
612 3277 730 3332 diversus

234 3351 268 3406 ab
288 3375 377 3408 amore
389 3355 515 3419 Didonis;
529 3359 555 3409 in
570 3377 623 3430 qua
635 3379 731 3430 secun-

234 3432 330 3485 darum
339 3438 493 3505 nuptiarum
505 3436 606 3508 pudor,
617 3451 643 3490 et
657 3442 730 3512 regia

232 3513 362 3584 dignitas,
376 3518 580 3590 ¹imperiumque
606 3519 632 3569 in
660 3539 730 3572 novo

232 3611 329 3663 regno,
343 3597 463 3665 inprimis
480 3615 543 3649 vero
561 3600 677 3649 animum
690 3617 732 3650 su-

232 3671 328 3740 perbia
335 3686 361 3725 et
371 3675 411 3726 ira
421 3676 598 3727 exstimulant.
609 3676 733 3728 Ceterum

232 3750 304 3805 huuc
321 3752 433 3804 Didonis
447 3773 564 3805 amorem
582 3775 598 3806 a
615 3768 656 3806 tot
676 3757 734 3808 aliis

231 3823 449 3886 muliercularum
462 3834 610 3900 amoribus,
624 3849 678 3888 eta
694 3856 735 3890 re-

232 3913 381 3963 centiorum
403 3911 511 3978 studiis,
531 3929 588 3980 quae
609 3917 688 3967 toties
707 3918 735 3968 in

234 3989 282 4040 tali
303 4003 458 4062 argumento
485 4003 617 4063 occupata
645 3995 734 4068 fuere,

782 651 926 704 admodum
939 653 1078 706 diversum
1088 669 1150 704 esse
1164 651 1240 703 facile
1251 651 1280 701 in·

781 732 893 804 telligas.
904 733 984 800 Quod
998 752 1053 804 qua
1066 733 1239 804 potissimum
1250 749 1282 780 ra·

781 814 856 864 tione
869 826 975 884 apoeta
986 815 1122 865 effectum
1134 813 1184 876 sit,
1194 812 1216 861 si
1224 812 1281 860 forte

783 909 900 962 quaeras,
916 894 998 962 quaeri
1013 904 1107 944 autem
1121 890 1178 942 hoc
1189 901 1282 960 potest,

782 988 881 1022 caussae
897 973 936 1024 rei
948 970 1015 1022 mihi
1030 989 1065 1022 ex
1077 989 1112 1021 eo
1124 971 1281 1044 potissimum

783 1049 910 1102 ducendae
918 1068 975 1102 esse
983 1049 1127 1115 videntur,
1137 1049 1212 1119 quod
1219 1064 1282 1098 amor

783 1149 800 1182 a
808 1129 913 1181 Didone
923 1142 948 1180 et
958 1131 1044 1180 AEnea
1053 1147 1113 1178 non
1125 1129 1231 1191 leviter,
1243 1123 1282 1176 sed

783 1219 844 1279 post
853 1209 949 1260 multas
958 1226 1133 1280 magnasque
1142 1208 1282 1258 molitiones

783 1289 818 1341 ad
833 1306 950 1341 amorem
961 1286 1183 1358 extinguendum
1196 1289 1283 1338 frustra

783 1387 800 1420 a
810 1368 914 1419 Didone
924 1369 1025 1431 factas,
1037 1379 1066 1417 et
1079 1368 1238 1418 consociata
1248 1365 1282 1414 lu-

782 1450 859 1499 nonis
870 1467 900 1499 ac
910 1447 1022 1500 Veneris
1034 1445 1071 1497 ad
1083 1465 1150 1498 eam
1160 1445 1284 1517 impellen-

783 1527 845 1580 dam
873 1546 969 1598 opera,
1000 1529 1168 1596 suscipitnr;
1200 1543 1282 1597 porro,

784 1606 856 1677 quod
879 1608 976 1678 partim
997 1625 1077 1656 novae
1099 1607 1181 1658 urbis
1208 1607 1282 1656 incre-

783 1698 915 1752 mentum,
927 1685 1027 1754 partim
1044 1703 1207 1735 arrumnosae
1220 1686 1283 1735 navi·

782 1765 895 1836 gationis
907 1763 966 1814 finis
978 1782 1011 1815 ex
1021 1783 1054 1816 eo
1064 1777 1209 1834 captatum
1221 1761 1283 1833 quod

782 1846 803 1896 is
815 1847 912 1896 amoris
922 1846 1037 1896 affectus
1047 1863 1113 1896 cum
1122 1845 1199 1908 aliis,
1208 1847 1284 1915 iisque

782 1926 956 1994 gravissimis,
967 1925 1119 1976 affectibus
1132 1926 1283 1993 conjunctus

782 2015 834 2065 est;
846 2002 918 2073 quod
926 2003 1041 2054 Didonis
1051 2021 1108 2054 non
1118 2003 1204 2054 modo
1212 2003 1286 2054 decus

782 2101 813 2133 ac
831 2083 917 2146 lama,
934 2080 981 2133 sed
1000 2082 1075 2133 salus
1096 2101 1132 2133 ao
1149 2084 1245 2134 vitain
1259 2100 1285 2133 eo

783 2161 880 2232 agitur;
901 2159 1029 2230 quodque
1050 2163 1226 2212 miserationi
1241 2173 1286 2212 ter·

782 2259 827 2291 ror
839 2243 894 2310 ipse
911 2253 951 2292 est
966 2239 1113 2291 admixtus.
1128 2243 1228 2292 AEneas
1239 2242 1287 2311 qui·

780 2320 841 2374 dem
854 2321 952 2372 nostris
966 2320 1090 2371 moribus
1104 2320 1202 2372 idonei
1221 2340 1287 2372 ama·

781 2401 846 2453 toris
858 2417 1001 2471 personam
1019 2399 1091 2450 male
1110 2402 1244 2452 sustinere
1256 2402 1288 2449 vi·
1317 2405 1318 2454 l

782 2483 839 2534 deri
862 2493 964 2553 potest3
988 2499 1040 2531 nec
1065 2491 1160 2550 potest
1187 2482 1288 2552 negari,

781 2565 824 2614 vix
833 2575 858 2614 te
866 2561 901 2614 ad
907 2560 970 2613 libri
981 2561 1073 2630 quarti
1083 2557 1169 2611 finem
1179 2559 1286 2631 legendo

781 2643 935 2713 pervenire,
957 2641 1024 2710 quin
1045 2641 1138 2691 AEneae
1158 2642 1286 2691 feritatem

782 2735 808 2773 et
820 2722 1012 2772 immanitatem
1026 2722 1187 2772 exsecreris.
1205 2720 1288 2771 Subsi-

782 2800 821 2851 dit
833 2812 921 2852 tamen
933 2802 988 2864 ira,
1003 2801 1026 2850 si
1040 2801 1165 2851 fatorum
1179 2801 1288 2852 necessi-

781 2891 877 2943 tatem,
890 2878 1025 2930 vaticiniis
1036 2891 1063 2930 et
1072 2879 1195 2930 oraculis
1206 2880 1287 2929 AEnea

782 2961 845 3011 satis
855 2959 1036 3023 declaratam,
1049 2960 1166 3029 cogitas.
1179 2959 1232 3011 Sed
1241 2977 1289 3007 om·

781 3042 844 3090 nino
857 3058 899 3100 res
911 3041 1011 3090 nostris
1026 3040 1149 3091 moribus
1164 3061 1197 3092 ac
1210 3040 1289 3092 sensi·

780 3121 830 3172 bns
842 3138 897 3170 non
908 3131 946 3170 est
953 3119 1123 3188 judicanda;
1138 3131 1166 3171 et
1179 3138 1212 3172 ex
1225 3129 1290 3169 vete·

780 3199 854 3251 ribus
869 3199 927 3248 vite
945 3200 1076 3249 institutis
1088 3197 1198 3250 ‘multas
1216 3215 1288 3249 excu-

781 3281 897 3330 sationes
917 3296 958 3330 res
978 3277 1116 3344 babebat,
1135 3279 1158 3329 si
1181 3281 1288 3330 amicam

781 3358 926 3411 desereres.
951 3357 1043 3424 Quid?
1065 3358 1142 3428 quod
1165 3361 1289 3428 majorem

782 3459 813 3491 ex
826 3441 885 3510 ipsa
895 3441 983 3490 AEn'eae
994 3439 1163 3490 truculentia
1179 3452 1206 3491 et
1219 3458 1289 3510 aspe-

781 3523 858 3572 ritate
869 3519 1027 3591 dignitatem
1039 3539 1151 3571 carmen
1165 3519 1255 3580 duxit;
1267 3533 1288 3570 et

782 3600 893 3652 deorum
909 3599 1069 3666 voluntate,
1085 3602 1212 3652 fatorum
1226 3600 1290 3651 ordi-

782 3699 831 3746 ne,
844 3682 903 3749 ipsa
919 3680 946 3729 in
959 3678 1069 3731 Didone
1090 3682 1195 3732 amoris
1210 3683 1291 3751 impo-

784 3761 881 3825 tentia,
891 3771 918 3811 et
925 3761 998 3810 facta
1008 3761 1038 3810 in
1046 3779 1109 3812 eum
1117 3760 1202 3814 finem
1209 3763 1290 3813 AEnen

785 3840 933 3890 orationem
944 3857 968 3888 v.
985 3839 1036 3891 332
1056 3858 1119 3911 sqq.
1139 3841 1225 3912 eulpa
1242 3845 1291 3910 ejus

785 3920 911 3972 elevatur.
925 3919 1057 3990 Dignitati
1072 3921 1165 3974 herois
1178 3924 1221 3974 sui
1232 3940 1291 3992 poe·

784 4010 812 4052 ta
832 3996 950 4072 providit
966 3999 1050 4054 etiarn
1070 4002 1099 4054 in
1117 4001 1190 4071 boc,
1209 3999 1291 4074 quod,
