2690 4594
214 267 277 347 464
540 257 809 323 axoonsus
833 260 934 324 vni

211 390 317 442 illarum
330 384 481 438 tabularum
496 395 592 434 natura
605 402 636 434 ac
651 383 755 434 rationo
768 381 833 434 nihil
847 395 951 434 mutare
964 387 1069 454 possit,
1088 387 1143 437 nisi
1155 387 1265 457 sibiipsi

210 468 291 520 fidem
303 466 366 519 velit
378 461 534 527 detrahere,
550 462 690 514 ferendum
700 474 740 512 est
752 463 794 526 id,
810 462 885 532 quod
897 463 983 514 minus
994 465 1205 516 incommodum
1216 479 1263 530 est,
1315 521 1316 526 ¹

212 561 240 598 ut
252 545 385 600 interdum
400 546 427 593 in
441 541 487 593 tali
499 540 592 593 fabula
603 543 665 591 insit
681 541 799 612 aliquid,
818 541 890 611 quod
904 542 1000 610 judicii
1018 543 1201 596 subtilitatem
1217 565 1263 596 non

210 631 295 686 ferat;
314 625 436 694 inprimis
449 641 510 673 cum
524 621 608 672 multe
621 622 674 672 alia
685 621 843 692 plerumque
855 620 960 686 adsint,
974 641 1034 692 qua
1046 623 1100 674 hoc
1114 624 1263 674 fabularum

210 709 303 759 vitium
327 703 438 755 elevent.
463 703 532 752 Nam
556 704 693 752 vetustatis
719 703 859 752 sanctitate
881 714 1039 753 consecrata
1063 702 1262 772 quodammodo

209 805 301 844 earum
311 797 351 836 est
363 784 526 846 auctoritas,
540 785 660 852 inprimis
672 784 695 834 si
708 801 766 833 cum
778 783 906 853 religione
920 783 1011 853 aliqua
1024 786 1183 853 conjunctae
1195 796 1261 846 sunt,

209 867 294 920 multo
307 867 390 936 magis
406 867 434 916 in
450 863 567 914 oraculis
585 882 617 914 ac
629 865 776 927 vaticiniis,
792 876 820 914 nt
832 863 865 914 tle
879 863 985 915 levitate
997 881 1107 927 earum,
1126 865 1171 916 vel
1184 882 1262 914 mons·

210 963 283 1001 trosa
290 961 387 1000 natura
395 947 512 1018 cogitare
522 963 555 996 ne
567 944 712 996 audeamus
723 943 839 1015 quidem.
850 944 939 1011 Quum
949 963 1032 1015 porro
1041 948 1127 996 etiam
1136 944 1261 997 doctiores

210 1029 294 1080 multa
317 1028 432 1080 lectione
455 1044 470 1076 a
491 1027 579 1094 prima
600 1038 675 1076 aetete
697 1027 752 1076 istis
773 1023 871 1074 fabulis
894 1023 1085 1091 adsueverint,
1105 1026 1260 1076 narrationis

210 1111 339 1162 suavitate
352 1107 426 1157 ducti
443 1125 474 1156 ac
490 1105 606 1168 deliniti,
625 1124 679 1156 non
689 1105 769 1156 facile
786 1106 812 1155 in
828 1107 945 1156 animum
960 1105 1112 1169 inducunt,
1131 1118 1164 1156 ut
1179 1104 1260 1155 subtili

206 1189 310 1260 judicio
323 1190 362 1239 uti
370 1188 461 1238 velint.
476 1189 537 1238 llaeo
547 1199 573 1238 et
583 1186 648 1238 talia
660 1186 802 1238 obversata
814 1185 938 1236 videntur
954 1200 1042 1256 poeta
1062 1188 1174 1251 animo,
1189 1204 1260 1255 quun

209 1270 307 1324 similes
317 1269 422 1320 fabulas
435 1270 462 1318 in
475 1286 550 1319 suam
563 1267 699 1319 AEneidem
712 1271 860 1338 reciperet,
874 1272 953 1318 etiam
965 1269 1013 1318 inf.
1029 1269 1083 1334 IX,
1098 1285 1135 1337 79
1149 1286 1221 1338 sqq.,
1232 1266 1260 1316 de

209 1350 320 1402 navibus
333 1352 360 1400 in
372 1348 509 1420 Nymphas
521 1351 665 1400 conversis.
683 1347 781 1400 Saltem
796 1367 827 1400 ea
842 1349 973 1417 judicium
990 1362 1118 1400 nostrum
1133 1368 1149 1400 a
1162 1349 1259 1401 temeri-

209 1443 263 1482 tate
280 1449 405 1482 revocare
418 1429 534 1496 debent,
552 1432 601 1481 etsi
618 1429 645 1480 id
664 1429 799 1480 interdum
817 1442 887 1480 recte
903 1447 930 1480 se
946 1429 1047 1481 babere
1065 1442 1178 1500 potest,
1196 1431 1216 1479 si
1231 1428 1261 1478 ad

208 1523 301 1564 nostra
318 1522 439 1580 tempora
450 1523 608 1580 nostrosque
628 1527 720 1561 sensus
738 1528 793 1560 rem
809 1511 964 1573 referimus,
983 1522 1030 1561 aut
1045 1512 1067 1560 si
1085 1510 1149 1562 illas
1164 1508 1259 1561 fabulas

209 1589 283 1662 quod
300 1609 391 1642 verum
412 1603 501 1642 tamen
519 1609 573 1642 non
595 1602 653 1654 est,
673 1609 689 1640 a
709 1602 789 1660 poeta
809 1591 929 1640 inventas
949 1603 974 1640 et
997 1591 1170 1662 excogitatas
1189 1589 1257 1659 poni·

208 1687 275 1720 mus.
297 1669 493 1734 Afabulerum
515 1672 685 1740 antiquarum
708 1671 866 1720 auctoritate
883 1671 1086 1720 excusationem
1109 1682 1198 1740 poeta
1213 1673 1259 1736 jan

207 1749 342 1808 ¹Voltarius
354 1751 432 1819 petiit
450 1750 481 1800 de
494 1749 572 1801 Poesi
587 1750 662 1819 epica
675 1748 802 1800 adversus
820 1766 882 1814 eos,
900 1750 946 1820 qui
957 1763 1070 1820 poetam
1086 1745 1260 1820 reprebende-

207 1841 274 1879 rant.

662 1955 804 1968 ῳ

488 2084 847 2175 EXCURSUS
884 2089 974 2175 IX.

561 2297 616 2360 De
628 2299 733 2383 clipeo
746 2296 903 2362 Abantis.

243 2478 295 2541 lll,
310 2474 359 2527 286
372 2471 505 2543 clipeum,
519 2473 611 2544 mapni
622 2483 753 2545 pestamen
769 2473 886 2524 Abantis.
899 2473 965 2538 Quis
978 2474 1053 2526 Abas
1066 2470 1114 2527 ille
1127 2479 1179 2544 sit,
1192 2482 1263 2547 cujus

207 2571 360 2630 gestamen,
374 2547 481 2620 φὸμμι,
501 2553 602 2624 clipeus
614 2565 688 2622 erat,
707 2556 776 2606 inter
793 2556 950 2623 interpretes
965 2573 1022 2604 nou
1035 2570 1164 2622 constat,
1181 2573 1208 2610 et
1219 2579 1264 2628 per

208 2658 235 2689 se
258 2634 353 2707 pamla
371 2636 453 2684 refert
464 2635 549 2697 scire,
560 2636 612 2686 nisi
624 2634 658 2686 de
670 2636 779 2686 invento
792 2654 823 2686 ac
835 2635 958 2686 doctrina
975 2649 1064 2705 poetar
1078 2639 1161 2689 etiam
1175 2642 1202 2690 in
1214 2640 1262 2690 hoc

209 2733 329 2788 quaeras;
347 2733 404 2784 quae
422 2715 514 2783 utique
531 2713 647 2766 honesta
663 2728 703 2766 est
716 2717 834 2785 quaesti0.
852 2718 976 2768 Serviano
996 2732 1154 2770 commenta
1172 2739 1263 2790 parum

207 2818 235 2850 se
247 2795 373 2868 probant.
386 2795 458 2846 Abas
470 2794 530 2857 ille,
548 2797 595 2865 qui
607 2814 675 2847 unus
688 2815 702 2848 e
716 2798 795 2847 sociis
808 2799 859 2847 fuit
872 2797 946 2867 (sup.
960 2798 988 2860 1,
1007 2815 1053 2849 rat
1063 2801 1074 2865 )
1085 2837 1093 2864 ,
1106 2799 1163 2851 hnc
1176 2801 1265 2852 vocari

207 2875 317 2949 nequit;
339 2895 401 2928 nam
417 2874 450 2926 de
470 2875 576 2945 spoliis,
596 2895 654 2946 qnae
672 2877 720 2927 uni
736 2895 767 2927 ex
782 2876 888 2929 Achivis
903 2877 970 2928 caesis
987 2882 1140 2930 detraxerat
1152 2883 1263 2944 AEneas,

207 2978 278 3011 nunc
291 2960 385 3030 agitur.
403 2953 483 3026 Apud
500 2957 645 3007 Homerum
662 2970 751 3009 tamen
768 2957 856 3008 nullus
875 2958 927 3008 boc
942 2961 1050 3010 nornine
1065 2962 1137 3012 inter
1150 2961 1265 3012 Achivos

208 3041 332 3092 occurrit.
345 3039 438 3107 ltaque
452 3055 466 3087 e
478 3039 564 3106 poetis
580 3037 685 3108 cyclicis
703 3037 808 3089 duxisse
823 3038 907 3088 videri
919 3051 1005 3107 potest
1025 3053 1117 3110 poeta.
1133 3042 1264 3111 Equidem

208 3121 272 3172 olim
284 3121 322 3170 sic
341 3117 509 3182 statuebam,
531 3117 749 3187 quandoquidem
770 3117 803 3169 ab
823 3119 938 3169 Homero
958 3119 1096 3170 Abantum
1114 3140 1149 3172 ex
1165 3123 1266 3173 Euboea

206 3202 289 3251 virtus
302 3197 465 3259 celebratur,
478 3196 554 3247 Iliad.
572 3198 605 3261 β,
624 3196 675 3249 536
694 3216 771 3268 sqq.,
792 3215 906 3267 quorum
924 3197 1157 3269 Abas,·Neptuni
1179 3201 1266 3264 lilius,

207 3281 330 3332 conditor
341 3279 409 3345 fuit,
421 3275 585 3329 reconditam
599 3278 717 3348 aliquam
729 3280 911 3330 narrationem
924 3281 951 3329 in
964 3281 1054 3330 animo
1072 3280 1206 3335 habuisse
1226 3283 1264 3332 vi-

207 3359 264 3411 cleri
275 3356 424 3428 Virgilium.
440 3357 508 3408 Nam
526 3357 564 3408 illi
577 3359 628 3426 ipsi
645 3359 763 3409 Abantes
779 3376 793 3408 a
811 3358 893 3427 Troja
908 3356 1021 3408 reduces
1038 3358 1073 3408 ad
1092 3361 1169 3429 Epiri
1187 3361 1266 3412 litora

206 3451 362 3510 tempestate
381 3437 463 3489 delati
485 3439 556 3488 circa
576 3437 721 3500 Ceraunios
737 3452 840 3490 montes
858 3438 1053 3490 consederant:
1073 3439 1128 3490 vid.
1148 3441 1264 3492 Pausan.

205 3521 241 3584 V,
256 3536 305 3582 22,
325 3518 396 3568 unde
413 3517 540 3588 Apollon.
554 3519 604 3582 IV,
628 3519 695 3584 ¹²¹4
713 3515 823 3585 anu'rsa
842 3514 960 3578 Ἀβάντων
981 3521 1068 3583 Οὔρεα,
1087 3517 1159 3571 Satis
1173 3524 1266 3590 itaque

207 3598 324 3650 animose
337 3595 387 3646 sub
400 3595 507 3649 illorum
520 3599 597 3666 quasi
613 3596 698 3658 oculis
715 3611 845 3668 tropeum
860 3597 894 3649 de
910 3597 1063 3648 Abantibus
1073 3603 1199 3664 statuit,
1216 3599 1266 3648 lixo

206 3677 309 3747 clipeo,
321 3676 391 3726 forte
399 3676 528 3742 Abantis,
541 3679 680 3748 inpugna,
694 3677 774 3732 alicui
787 3697 817 3729 ex
828 3677 963 3730 Abantnm
976 3675 1094 3728 ducibus
1108 3681 1186 3730 caesis
1198 3681 1267 3728 inter

205 3757 310 3826 reliqua
322 3756 408 3826 spolia
418 3769 519 3826 erepto.
531 3756 611 3827 Apud
621 3757 709 3808 Valer.
723 3757 762 3808 Fl.
774 3758 826 3824 453
835 3760 905 3810 inter
915 3761 1086 3828 Argonautas
1099 3758 1227 3812 Canthus
1238 3778 1267 3808 rx

204 3837 307 3889 Euboea
316 3837 428 3888 Abantis
442 3839 484 3887 avi
497 3839 537 3887 sui
551 3836 665 3906 clipeum
678 3851 771 3908 gestat.
786 3838 909 3910 Suppetit
921 3839 990 3902 alia,
1005 3841 1103 3891 nescio
1116 3860 1151 3892 an
1166 3841 1268 3912 proba-

204 3916 302 3978 bilior,
314 3918 381 3966 ratio
397 3938 401 3963 :
417 3915 489 3965 Abas
502 3917 553 3966 fuit
565 3935 596 3966 ex
609 3919 724 3988 antiquis
737 3919 896 3989 Argivorum
910 3917 1034 3990 r·egibuS‚
1045 3919 1146 3989 Lyncei
1159 3923 1196 3984 f.,
1211 3923 1267 3990 ipse

203 4009 280 4066 pater
291 3997 388 4048 Acrisii
400 4007 426 4046 et
436 3997 528 4062 Proeti,
543 3999 678 4067 qniannis
691 4001 760 4052 inter
772 4019 799 4052 sc
815 4014 947 4054 certantes
960 4000 1095 4071 clipeum,
1108 4001 1266 4074 Argolicum
