2718 4598
229 271 292 358 298
478 270 513 332 P.
538 264 772 330 VIRGlLll
795 267 1028 334 MARONIS

227 398 305 473 Fas3
318 411 374 459 aut
385 393 441 458 ille
453 392 531 458 sinit
542 393 654 480 superi
666 407 821 480 regnator
833 392 977 483 Olympi.

226 502 340 588 Longa
352 500 413 565 tibi
425 499 550 578 exsilia,
565 515 598 564 et
610 515 739 564 vastum
751 499 851 564 maris
864 523 980 590 aequor
991 500 1173 584 arandum3
1236 519 1277 580 7³0

210 593 269 670 'Et
280 623 401 672 terram
414 605 608 695 Hesperiam
620 605 750 670 venies:
767 605 825 670 ubi
839 603 977 695 Lydius
993 630 1071 671 arva

226 716 317 777 Inter
329 713 439 801 opima
451 713 573 792 virum,
586 711 654 776 leni
667 711 740 776 lluit
752 712 883 800 agmine
895 711 1049 801 Thybris.

227 820 298 884 Illic
311 842 362 884 res
375 820 470 898 laetae,
483 841 705 907 regnumque,
720 835 754 882 et
766 819 855 906 regia
866 818 1012 909 conjunx

225 928 321 990 Parta
332 925 410 1006 tihi;
422 925 572 992 lacrimas
584 924 714 991 dilectae
726 925 813 1014 pelle
826 927 968 990 Creusae.

128 1099 133 1106 ,
225 1033 299 1095 Non
313 1054 375 1119 ego
387 1031 636 1121 Myrmidonum
649 1031 745 1097 sedes
758 1032 970 1120 Dolopumve
982 1031 1143 1120 superbas
1235 1047 1274 1109 785

226 1137 428 1225 adspiciam,
442 1154 498 1202 aut
510 1138 616 1203 Graiis
629 1138 786 1202 servitum
799 1138 959 1204 matribus
972 1138 1042 1219 ibo,
1104 1174 1106 1180 ·

226 1242 402 1333 Dardanis,
417 1261 450 1307 et
462 1242 547 1308 divae
558 1246 697 1308 Veneris
709 1267 829 1310 nurus:

224 1434 352 1495 portasse),
365 1431 447 1477 Hamb.
459 1447 520 1478 seo:
533 1447 572 1479 nee
584 1443 604 1479 te
612 1433 663 1479 ltine
672 1450 692 1479 c.
702 1443 804 1502 portare,
817 1433 865 1479 duo
873 1425 975 1479 Mores}
986 1447 1026 1478 nec
1037 1440 1057 1477 te
1066 1434 1169 1478 corticem
1179 1440 1277 1494 portare⁷
1336 1431 1337 1454 ³

224 1501 330 1548 Parrhas.
341 1518 346 1546 :
358 1516 398 1547 mc
411 1511 431 1546 ta
442 1505 545 1548 comitem
553 1514 677 1567 aspernare.
688 1529 720 1540 -
731 1520 784 1566 779.
800 1514 842 1550 aut
857 1501 895 1549 ille
910 1519 930 1548 s.
944 1518 973 1548 ex
982 1503 1069 1551 Medic.
1083 1514 1107 1548 et
1120 1500 1173 1548 aliis
1184 1505 1276 1564 optimis

223 1576 328 1635 reposuit
343 1573 435 1629 Heius,
449 1585 475 1618 ut
484 1575 534 1635 jam
543 1575 581 1620 ed.
596 1574 649 1620 Ald.
659 1587 683 1622 et
692 1575 744 1620 aliae
755 1585 810 1621 vett.
822 1573 900 1637 Vulgo
912 1572 975 1619 ltaud
985 1572 1029 1618 t'lle.
1043 1572 1090 1618 Sed
1100 1587 1128 1618 ex
1140 1571 1217 1617 Codd.
1230 1585 1276 1616 uon

222 1643 291 1690 facile
301 1642 346 1689 tale
356 1643 414 1707 quid
427 1643 552 1708 dijudicari
567 1657 652 1707 potest,
667 1647 725 1691 Wit.
739 1644 801 1692 haud
814 1643 927 1690 desinet.
943 1645 1016 1690 Porro
1029 1645 1113 1688 summi
1127 1643 1182 1686 Ere.
1195 1641 1270 1685 Burni.

221 1719 277 1779 puri
286 1715 356 1761 Goth.
368 1711 434 1761 dlter.
444 1716 537 1778 -78o
556 1715 647 1782 lonqum
662 1718 740 1773 Gud,
754 1733 798 1779 pro
809 1733 857 1763 aar.
870 1713 924 1762 lect.
937 1712 1088 1760 etiamtum.
1103 1709 1191 1757 auxih'er
1208 1709 1275 1755 Goth,
1337 1715 1338 1722 ’

223 1798 276 1832 tert.
284 1811 315 1821 —
323 1785 376 1848 781.
387 1786 419 1830 Et
429 1795 511 1832 terram
520 1787 552 1831 H.
563 1788 643 1834 Heius.
654 1802 708 1833 cum
720 1789 811 1849 optimo
823 1801 932 1848 quoque,
941 1785 1011 1830 etiam
1020 1777 1277 1846 Pieriano;Virgiliauo

224 1871 288 1902 more
298 1872 326 1912 ex
339 1857 424 1902 Graecis
436 1857 521 1912 ducto,
531 1869 557 1902 ut
568 1858 600 1903 ad
610 1861 738 1904 omittatur.
749 1857 827 1920 Vulgo
836 1869 914 1902 tamen
923 1855 963 1901 Aa
973 1864 1001 1909 t,
1013 1866 1073 1900 utet
1084 1849 1196 1899 nonnulli
1206 1849 1272 1896 codd.

222 1925 323 1982 hahent,
335 1938 359 1972 et
367 1926 457 1972 Probus
466 1930 491 1972 in
502 1930 565 1974 Arte.
576 1929 656 1974 lleins.
669 1927 731 1988 eonj.
748 1928 780 1972 Ut
789 1936 805 1972 t.
819 1926 925 1972 Parthas.
935 1927 1075 1989 Hesperiam.
1084 1949 1116 1959 -
1126 1922 1180 1984 78².
1192 1919 1243 1966 taeo
1249 1918 1272 1980 f.

221 1994 321 2042 Dorvill.
335 2011 388 2040 cum
397 1995 518 2042 nonnullis
528 1998 590 2043 Pier.
600 2023 632 2033 -
641 1997 694 2060 783.
707 2013 743 2043 res
757 1997 824 2044 Italae
833 1997 920 2043 Medic.
935 2007 957 2042 et
968 1994 1044 2041 Colot.
1058 2011 1095 2056 ap.
1111 1995 1191 2039 Ursiu.
1201 2027 1208 2048 ,
1219 1994 1277 2036 miro
1338 1993 1339 2009 ¹

222 2065 284 2112 lusu.
296 2082 331 2113 res
342 2066 395 2114 lata
405 2080 428 2114 et
440 2083 476 2113 res
486 2066 539 2113 latae
548 2068 672 2114 nonnulli:
688 2068 729 2115 sed
745 2085 782 2115 res
794 2068 851 2115 laetoe
862 2066 973 2130 praeclnre
983 2077 1054 2130 poeta
1062 2065 1092 2111 de
1103 2063 1168 2112 felici
1178 2075 1207 2130 et
1214 2075 1278 2124 pros·
1338 2075 1339 2098 l

223 2144 282 2198 p'ero
291 2153 369 2183 rerum
379 2149 440 2183 statu
453 2149 477 2184 et
493 2139 643 2195 conditione,
656 2150 682 2185 ut
693 2155 755 2201 sape
765 2138 830 2184 alibi.
841 2163 873 2174 -
884 2138 936 2200 785.
954 2135 1075 2201 supertiam
1086 2137 1168 2181 Franc.
1179 2159 1212 2170 -
1225 2131 1275 2193 786.

224 2204 280 2250 haut
289 2205 327 2253 vel
339 2205 401 2252 haud
409 2208 507 2271 aliquot.
516 2235 548 2244 -
560 2209 613 2272 787.
630 2218 653 2255 et
671 2219 712 2255 tua
726 2212 812 2274 conjux
823 2207 935 2272 supplent
950 2207 1059 2254 nonnulli
1069 2221 1162 2253 versum
1172 2207 1201 2251 iu
1215 2205 1276 2249 Serv.

221 2363 311 2434 plena.
330 2383 433 2436 —779.
456 2367 521 2432 Fas,
548 2370 654 2434 fatum,
676 2389 724 2422 seu
771 2366 831 2422 356.
848 2367 882 2420 of.
907 2364 1003 2420 Cerda.
1029 2364 1178 2434 Acceptum
1198 2364 1278 2434 igitur
1339 2387 1340 2398 π

222 2444 346 2496 voluntas
358 2445 479 2498 deorum.
488 2450 523 2498 ef.
533 2450 724 2520 Heius-780
770 2448 1033 2502 novumvatieiuium
1044 2464 1061 2496 a
1070 2443 1175 2496 Creusae
1183 2443 1278 2494 umbra

221 2523 324 2592 -784
347 2523 438 2576 exsilia
458 2545 508 2597 pro
533 2528 674 2595 exsilium,
697 2541 736 2600 ets
771 2529 805 2581 de
818 2527 926 2580 sedibus
938 2529 966 2580 in
975 2525 1054 2578 ltalia
1062 2521 1214 2594 quaerendis
1226 2545 1232 2573 s
1242 2524 1276 2574 cf.

219 2602 275 2658 hoo
286 2621 336 2673 pro
348 2603 429 2677 longo
442 2607 536 2670 itinere
548 2609 590 2661 vel
611 2628 722 2673 errore,
770 2609 889 2679 Disquis.
902 2609 933 2658 ll.
956 2625 977 2658 s.
990 2607 1015 2660 6.
1034 2606 1117 2654 Porro
1129 2602 1163 2654 de
1175 2601 1228 2654 hae
1240 2602 1279 2652 lo·

223 2681 351 2750 adjuncta
361 2687 487 2752 notione,
501 2687 575 2759 quod
587 2701 660 2742 extra
671 2708 724 2759 pa·
777 2707 896 2754 corum,
933 2705 986 2757 quo
1019 2696 1198 2756 perventurus
1223 2693 1278 2733 erat

221 2763 302 2812 triam
322 2762 358 2813 fit.
384 2767 418 2816 ef.
443 2767 532 2819 Burm.
554 2769 671 2820 Ductum
692 2787 724 2819 ex
773 2769 886 2831 AEneas‚
913 2765 1073 2830 notatione⁷
1098 2779 1153 2832 quo
1175 2760 1277 2830 judicio

223 2837 301 2907 oapi·
313 2856 339 2896 et
347 2863 378 2896 ex
384 2847 515 2898 arandum
528 2847 723 2920 adsumendum
773 2849 847 2910 facta
859 2849 908 2908 sit;
921 2866 946 2897 v.
963 2847 1025 2897 Exn.
1039 2844 1087 2895 XV
1100 2842 1135 2895 ad
1148 2841 1175 2892 h.
1186 2841 1233 2893 lib.
1244 2869 1277 2881 -

222 2922 334 2974 verbum
351 2925 451 2977 latius:
473 2928 609 2996 obeunda,
627 2941 657 2979 ut
667 2931 723 2998 jam
775 2927 834 2997 784.
846 2937 925 2997 parta
950 2925 1000 2976 tibi
1011 2917 1099 2988 nune,
1121 2925 1178 2974 fato
1199 2921 1278 2973 desti·

222 3002 294 3055 Serv·
311 3005 409 3076 Lydius
432 3007 543 3078 Thybris
563 3027 615 3080 pro
634 3009 725 3061 Etrus·
773 3019 845 3059 nata.
869 3004 992 3057 lacrimas
1019 3005 1139 3066 Creusae,
1166 3014 1276 3073 propter

223 3101 286 3148 cus,
308 3104 340 3136 ex
355 3100 443 3139 vetere
468 3091 594 3159 opinione
614 3091 723 3162 originis
775 3085 902 3138 Creusam
916 3108 922 3135 ι
936 3084 1038 3136 utalia.

222 3162 394 3216 Etruscorum
404 3186 420 3218 a
429 3167 507 3239 Lydis
520 3168 605 3219 ductae
624 3187 648 3219 v.
660 3171 722 3221 Exn.
810 3163 968 3234 785-789.
975 3161 1097 3214 Praeclari
1107 3177 1215 3220 versus;
1224 3179 1276 3212 me·

222 3243 260 3292 lll
271 3243 306 3295 ad
318 3243 364 3296 lib.
379 3248 447 3297 Vlll.
460 3265 524 3299 arva
535 3248 621 3298 virum
634 3250 725 3321 signa-
774 3257 848 3296 tuere
863 3256 951 3295 autem
960 3243 1070 3306 debuit,
1079 3261 1113 3292 ne
1123 3240 1206 3292 illain
1218 3239 1279 3291 hos-

224 3335 268 3387 te,
293 3325 414 3396 exemplo
435 3325 520 3378 Graeci
546 3323 641 3396 dispar.
669 3326 724 3379 leni
775 3326 843 3376 tium
863 3341 956 3375 manus
977 3321 1115 3374 incidisset
1133 3334 1159 3372 et
1172 3323 1277 3391 captiva

210 3400 286 3482 fluit
297 3405 411 3475 aqmine.
427 3404 513 3477 Supra
523 3406 619 3479 Georg.
632 3406 725 3475 1‚322-
774 3403 960 3458 abduceretur.
992 3399 1200 3457 Similitudinem
1233 3399 1277 3450 ha-

223 3499 319 3552 aqmen
335 3502 466 3555 aquarum
478 3487 581 3538 dixerat
592 3507 599 3549 ;
619 3499 647 3538 at
658 3486 684 3538 h.
700 3475 722 3536 l.
772 3484 837 3536 bent
849 3483 1016 3549 inf.111,321
1028 3499 1068 3552 sq.
1082 3478 1276 3532 Andromacha

223 3559 348 3614 absolute
358 3563 436 3615 Ennii
457 3567 579 3636 exemplo
593 3564 723 3616 Annal.V
773 3563 868 3625 verba3
885 3576 911 3615 et
933 3563 1036 3633 quoties
1058 3578 1114 3611 non
1133 3559 1276 3612 decantata

224 3639 305 3708 Quod·
322 3659 371 3712 per
395 3650 525 3695 amoenam
552 3644 641 3695 urbem
670 3641 726 3695 leni
775 3658 815 3698 est
838 3645 894 3697 haeo
921 3644 1058 3697 calamitas
1083 3644 1112 3694 in
1134 3639 1272 3712 Tragieis!

212 3717 400 3794 fluitaqmine
401 3722 508 3796 flumen
520 3722 592 3793 apud
601 3723 722 3774 Maerob.
775 3726 907 3778 Memorat
931 3735 1019 3776 autem
1040 3721 1212 3792 Neoptolemi
1232 3739 1275 3770 re·

225 3799 274 3861 vl,
298 3799 323 3864 l·
343 3798 420 3850 Adde
446 3801 550 3852 Lucre&
569 3803 601 3866 V,
624 3819 673 3870 272
697 3815 724 3855 et
774 3806 845 3878 giam
856 3823 881 3855 v.
897 3801 955 3874 785.
970 3815 1099 3872 tanquam
1111 3801 1274 3872 praeeipuam

225 3877 311 3930 nostri
332 3879 493 3932 imitatorem
515 3877 579 3933 Stat.
602 3882 614 3933 l
637 3879 724 3936 Theb.-
773 3885 902 3958 praecipui
913 3885 984 3938 inter
1000 3878 1165 3936 Achivorum
1184 3877 1273 3932 duces.
