2718 4598
418 262 481 324 An
504 261 705 325 erenum
730 265 777 326 11.
912 230 919 237 ”
1051 271 1112 357 32,

74 382 219 453 ἀπολογία(
230 395 342 452 utraque
355 383 382 432 in
393 381 492 436 Reiskii
503 382 591 434 Orattn
608 383 652 434 Gr.
666 385 725 435 Vol.
745 385 824 456 VIII)
840 384 993 457 Sophisticis
1006 395 1116 463 argutiis

74 469 189 527 referta3
203 465 249 515 ubi
262 465 341 514 etiam
350 482 377 532 p.
395 464 442 514 118
454 461 529 512 locus
540 462 572 513 de
583 465 695 515 inventis
708 464 805 516 diserte
818 478 960 518 tractatur:
974 469 1006 520 de
1020 474 1116 540 quibus

74 546 111 595 cf.
127 543 245 594 Fabricii
260 542 288 590 B.
309 540 353 591 Gr.
377 542 401 603 I,
425 541 465 596 ²3·
486 541 608 616 Inprimis
628 541 678 592 loc.
701 542 839 612 Sophoclis
852 545 879 593 in
893 545 1031 598 Palamede
1044 549 1117 618 apud

74 621 174 673 Achill.
188 621 247 670 Tat.
261 617 295 670 ad
308 619 379 669 Arat.
393 637 419 688 p.
444 635 500 670 122.
518 619 662 692 Uranolog.
676 621 764 673 Petav.
781 621 819 672 Ex
831 624 973 696 serioribus
988 625 1116 696 sophistis

74 703 169 753 locum
180 700 308 752 habemus
321 701 348 748 in
360 698 512 750 Philostrati
522 701 641 752 Hernicis
653 720 675 753 c.
691 717 720 751 ro
733 719 771 772 sq.
781 739 789 767 ,
801 705 861 772 qui,
875 723 934 754 cum
948 709 1054 757 omnino
1066 726 1116 777 pro

73 780 198 844 Achille,
217 781 281 830 forti
300 777 420 849 quidem,
440 779 487 830 sed
508 779 650 850 iracundo,
671 783 803 851 pervicaci
823 796 849 834 et
865 782 972 836 immani
991 786 1117 850 homine,

73 860 259 924 Palamedem,
273 861 371 929 quippe
383 860 507 929 perfectae
526 862 661 930 sapientie
675 874 700 912 et
719 864 822 913 virtutis
835 864 999 933 exemplum,
1014 866 1048 916 ab
1060 868 1119 917 Ho-

75 959 153 994 mero
167 940 297 998 delectum
311 957 367 991 esse
378 952 503 1010 cuperet,
517 958 596 1010 quem
606 942 683 1011 epica
691 945 844 996 narratione
854 944 1015 1009 celebraret,
1029 965 1118 996 cumn·

74 1021 144 1072 lavit
153 1023 180 1072 in
188 1019 355 1078 Palamedem
365 1021 466 1084 omnia,
478 1038 535 1089 quae
544 1022 570 1070 in
578 1023 725 1090 sapientem
734 1021 883 1073 Stoicorum
893 1023 988 1076 cadere
1000 1029 1120 1094 possint;

76 1113 175 1153 contra
187 1099 285 1171 Ulyssis
297 1097 440 1170 prudentia
450 1098 484 1169 ad
496 1098 605 1154 fraudes
615 1117 716 1165 merae,
735 1101 846 1152 scelesta
863 1101 974 1153 consilia
993 1115 1018 1154 et
1034 1104 1120 1154 bono-

75 1199 139 1230 rum
162 1181 367 1232 obtrectationes
389 1178 511 1230 referturss
533 1181 708 1249 Exponuntur
729 1183 837 1250 copiose
856 1183 957 1232 semina
978 1195 1003 1233 et
1022 1203 1120 1235 caussae

77 1257 205 1310 odiorum
214 1261 282 1309 inter
290 1256 362 1308 hunc
372 1270 398 1311 et
410 1256 578 1311 Palamedem
585 1280 592 1319 ;
606 1259 725 1310 sollertia
738 1259 815 1328 hujus
831 1261 938 1310 inventa
950 1272 976 1310 et
992 1263 1119 1314 consilia:

76 1341 105 1388 in
125 1339 222 1408 quibus
238 1338 290 1390 hoc
309 1336 495 1400 memorabile,
516 1335 589 1408 quod
607 1339 758 1409 pestilentia
776 1343 891 1391 tentatos
913 1339 1027 1390 Achivos
1044 1343 1121 1409 jubet

77 1417 202 1468 tenuiore
226 1417 298 1474 victu
319 1428 446 1484 motuque
468 1416 609 1466 intentiore
631 1419 684 1477 uti;
706 1417 840 1468 interdIcit
862 1431 978 1468 mercatu
1002 1422 1122 1469 carnium

77 1497 238 1559 exercitum,
250 1495 336 1565 pomis
350 1511 414 1546 vero
427 1505 452 1544 et
465 1493 581 1547 oleribus
595 1497 707 1546 refectos
719 1495 814 1546 milites
826 1495 897 1557 vult,
910 1497 937 1544 in
951 1495 1033 1546 altum
1046 1517 1122 1548 evec-

75 1590 134 1639 tos,
154 1575 291 1628 laboribus
314 1574 426 1636 assiduis
446 1571 584 1642 exerceri(
597 1575 618 1644 §.
633 1575 657 1640 4.
671 1577 688 1646 ).
709 1577 770 1624 Non
783 1575 893 1624 multum
913 1575 946 1624 ab
963 1574 1004 1625 his
1018 1576 1122 1626 abludit

78 1659 200 1708 narratio
217 1659 245 1707 in
262 1657 411 1726 fragmento
430 1656 475 1706 οόν
492 1657 595 1722 Τροῖκὸο
616 1673 630 1705 e
649 1655 709 1706 cod.
722 1656 806 1707 XXIV
817 1653 941 1704 Biblioth.
962 1655 1122 1706 Uffenbaclr.

77 1756 105 1806 p.
120 1736 287 1804 683—686,
307 1734 354 1785 ubi
373 1747 399 1785 et
415 1733 466 1786 hoc
486 1736 618 1797 occurrit,
640 1733 729 1804 quod,
751 1733 814 1784 dum
833 1733 967 1803 lapidibus
986 1735 1122 1796 obruitur,

76 1808 233 1878 Palamedes
254 1814 397 1874 exclamat:
418 1814 499 1882 χαῖρο,
518 1810 647 1874 ‘Attidem
668 1810 710 1881 apd
732 1813 788 1876 ἐμοῦ
805 1809 852 1880 peip
874 1811 997 1868 sidereae·
1019 1826 1074 1864 tum
1095 1817 1123 1864 in

79 1895 178 1945 Tzetzae
191 1892 401 1952 Antehomerieis
416 1911 440 1942 v.
458 1891 506 1957 114
519 1910 592 1962 sqq.,
611 1894 639 1944 in
652 1892 747 1962 quibus
766 1890 858 1942 eadem
870 1891 952 1942 verba
965 1893 1002 1942 sic
1019 1891 1124 1942 reddita

79 1987 157 2026 sunt:
172 1974 253 2042 Χαῖρε,
264 1968 378 2023 Ἀλήθεια
390 1967 472 2039 rvdpti,
485 1967 656 2039 apidavtcpdp
669 1972 739 2035 ἐμοῖο.
755 1972 812 2021 Hoc
823 1971 949 2042 singulari
962 1974 987 2021 in
1003 1971 1123 2022 Palame-

80 2054 143 2106 dem
156 2054 243 2106 studio
257 2065 349 2124 captos
367 2053 456 2108 videre
473 2051 535 2103 licet
548 2054 627 2110 etiam
640 2052 846 2112 Grammaticos,
859 2050 1014 2121 finguntque
1024 2053 1042 2100 ii
1055 2051 1123 2102 adeo

80 2131 250 2184 Palamedem
269 2142 376 2200 poetam
387 2131 485 2192 fnisse,
506 2133 580 2198 eujus
597 2131 726 2186 Homerus
739 2129 841 2180 nnllam
853 2131 1013 2179 mentionem
1029 2127 1124 2179 fecisse

81 2209 181 2262 dicitur
191 2209 293 2271 invidia
305 2221 443 2260 contactus
454 2228 459 2256 :
472 2227 496 2258 v.
511 2205 583 2258 Suid.
596 2206 623 2258 h.
636 2226 661 2258 v.
681 2209 740 2257 lam
752 2207 847 2276 Dictyn
859 2207 898 2265 ll,
919 2205 949 2255 16
962 2216 988 2254 et
999 2206 1123 2256 Daretem

81 2309 105 2340 c.
123 2306 155 2358 ¹9
168 2306 242 2358 sqq,
260 2288 443 2358 supposititios
463 2299 601 2350 auctores,
614 2303 821 2336 commemorare
842 2283 907 2334 nihil
929 2285 1035 2348 attinet,
1055 2302 1124 2354 quo·

81 2389 143 2422 rum
151 2368 195 2424 ille
203 2367 335 2420 rhetorice
344 2367 482 2435 historiam
493 2367 698 2418 commentitiam
709 2366 875 2434 conscripsit,
884 2363 927 2414 hic
936 2363 1124 2416 declamatorie

81 2450 154 2502 idem
165 2462 348 2520 argumentum
360 2459 536 2518 persequutus
553 2449 600 2497 est'.
619 2448 701 2499 Poeta
713 2457 816 2511 noster,
830 2464 863 2496 an
874 2447 970 2496 veteris
987 2447 1125 2515 scriptoris

81 2528 222 2599 exemplo,
235 2531 340 2593 nescio,
353 2521 500 2590 Palamedis
512 2529 619 2581 nomine
629 2526 754 2596 preclare
765 2543 827 2576 usus
840 2538 879 2576 est
892 2525 926 2576 atl
938 2527 1125 2577 auctoritatem
1188 2529 1190 2532 ’

80 2608 188 2660 Sinonis
200 2606 278 2659 dictis
291 2606 511 2678 comparandam,
524 2605 655 2676 siquidem
669 2605 708 2656 illi
717 2605 798 2660 Sinon
809 2623 897 2657 comes
907 2606 958 2655 fult
971 2616 996 2656 et
1009 2613 1124 2656 consan-

80 2690 203 2760 guinem.
218 2687 298 2756 Quod
307 2700 408 2753 autem,
421 2687 486 2758 quia
500 2685 567 2756 bella
580 2687 696 2750 vetabat,
710 2687 813 2738 occisus
827 2686 861 2737 ab
873 2684 980 2746 Achivis
990 2698 1125 2748 narratur,

82 2769 186 2822 recedit
205 2788 221 2826 a
238 2768 340 2840 vulgari
356 2769 524 2833 narratione,
547 2786 602 2837 qua
615 2766 775 2838 proditionis
794 2765 968 2837 arguebatur,
987 2764 1070 2816 literis
1090 2765 1124 2815 ab

84 2849 179 2920 Ulysse
191 2867 240 2919 per
251 2846 373 2910 lraudem
383 2849 528 2914 submissis.

120 2931 151 2980 ln
160 2927 307 2990 Palamedis
320 2940 456 2980 stemmate
469 2928 560 2981 turbas
572 2930 661 2984 fecere
671 2930 849 2995 J‘ama‘eteres.
863 2944 887 2991 r.
899 2926 987 2974 Burm.
1001 2926 1028 2974 in
1041 2923 1126 2993 Argo·—

84 3021 160 3062 naut.
178 3027 237 3060 voc.
254 3005 396 3076 Nauplius.
416 3008 523 3061 Munclt.
548 3006 582 3058 ad
600 3007 696 3077 Hygin..
713 3009 732 3057 f.
756 3007 812 3074 157.
826 3005 925 3057 etNot.
943 3003 977 3078 ad
999 3002 1125 3071 Apollod.

83 3109 112 3160 p.
128 3090 179 3157 274
196 3107 250 3158 sq.,
267 3100 293 3138 et
305 3090 360 3156 ipse
373 3087 448 3141 Maro
466 3090 493 3137 in
506 3104 537 3138 eo
554 3086 645 3155 lapsus
658 3099 710 3150 est,
724 3106 783 3138 cum
796 3084 914 3136 Belidem
926 3101 987 3134 eum
1000 3081 1125 3150 appellat.

83 3169 155 3218 Nam
166 3169 188 3218 is
202 3164 373 3228 Palamedes,
392 3163 425 3216 de
447 3182 500 3234 quo
520 3165 589 3235 agit,
608 3164 717 3238 Nauplii
729 3165 841 3240 Euboici
860 3161 1024 3231 eGlymcne,
1036 3157 1125 3210 Catrei
1187 3223 1190 3236 ‚

83 3247 155 3310 filia,
168 3257 225 3297 erat
236 3243 321 3306 filius3
341 3261 453 3312 cumque
467 3257 551 3296 mater
569 3253 638 3294 esset
657 3261 733 3294 soror
749 3245 859 3312 AEropes
877 3239 1003 3292 PIIstheni
1018 3251 1122 3307 nupta,

87 3342 146 3394 qua
156 3319 379 3394 Agamemnonem
393 3335 419 3372 et
430 3322 581 3376 Menelaum
593 3334 673 3391 partu
683 3320 818 3383 ediderat,
831 3316 937 3369 Atridas
948 3315 992 3368 ille
1005 3330 1125 3367 materno

84 3421 183 3475 genere
196 3401 349 3472 attingebat.
363 3401 487 3453 Diversus
497 3403 548 3452 fuit
557 3401 702 3471 Nauplius,
716 3401 761 3468 qui
772 3398 806 3451 ad
815 3397 925 3466 Argivas
934 3393 1042 3447 fabulas
1052 3411 1128 3464 spec·

84 3496 143 3550 tat,
155 3482 273 3552 Neptuni
283 3494 309 3534 et
323 3482 481 3552 Amymones
493 3481 581 3547 filius,
600 3499 657 3552 quae
670 3499 729 3531 cnm
741 3479 828 3530 Danai
847 3488 915 3527 esset
931 3473 998 3538 filia,
1018 3474 1125 3546 Beliqus

83 3563 157 3618 adeo
173 3564 276 3633 neptis,
295 3562 423 3614 hactenus
446 3562 616 3627 Palamedes,
635 3544 776 3632 peiperam
794 3557 827 3618 ab
847 3573 878 3628 eq
898 3555 1008 3620 ductus,
1027 3553 1127 3606 Belides

87 3642 176 3694 dictus
186 3656 233 3694 est.
246 3643 362 3714 Septimo
372 3642 456 3714 gradu
465 3663 480 3696 a
488 3643 550 3702 B‚elo
561 3644 688 3714 originem
699 3639 803 3692 trahere
811 3638 879 3690 falso
890 3637 986 3688 dicitur
994 3655 1010 3686 a
1019 3636 1125 3687 Lutatio

88 3722 125 3775 ad
138 3720 214 3774 Statii
225 3720 320 3774 Achill.
334 3724 359 3787 I,
377 3725 411 3794 94
424 3737 478 3781 eta
496 3722 586 3778 Servio
606 3723 640 3776 ad
651 3722 677 3774 h.
691 3722 708 3773 l.
722 3721 779 3772 AEn.
799 3721 837 3786 II,
857 3719 903 3783 81,
924 3717 970 3768 ubi
982 3716 1124 3786 Apollonio

89 3814 199 3883 nuptore
212 3801 241 3854 id
254 3802 373 3856 traditur.
410 3813 413 3818 '
