2742 4586
270 313 328 380 190
604 285 865 354 excussus
889 289 949 354 1x.

265 427 387 478 Remum,
414 428 479 484 quos
502 407 561 459 dira
582 406 715 460 discordia
738 409 914 479 disjunxerat,
938 413 1033 463 iterum
1058 429 1214 488 regnaturos
1237 439 1294 474 esee

265 501 366 556 dixerit.
376 497 435 546 Meo
445 505 533 543 tamen
542 505 618 538 sensu
626 491 665 541 rei
675 493 840 560 sermonique
850 505 934 562 poetae
943 496 1168 550 accommodatius
1177 515 1216 552 est
1223 500 1292 552 hoe:

264 582 396 636 Bellorum
408 572 523 624 civilium
534 587 603 620 nora
620 568 752 620 interdurn
766 589 781 620 a
792 569 867 622 Remi
884 571 953 624 carde
966 576 1150 644 repetebatur,
1170 599 1223 649 qua
1238 594 1294 632 tota
1360 569 1361 582 ¹

264 661 403 734 posteritas
420 651 503 722 culpe
515 665 541 702 et
553 648 658 720 piaculo
676 661 733 701 erat
744 649 873 721 obligata3
883 654 939 721 jam
950 653 1026 705 bellis
1038 657 1161 710 civilibus
1174 662 1292 730 expiatus

263 742 337 796 Remi
349 735 453 804 sangnis
464 731 615 792 videbatur,
625 741 655 779 ut
665 746 690 778 v.
704 747 727 779 c.
741 731 832 782 Horat.
847 731 930 801 Eporl.
949 749 977 802 7,
993 749 1032 802 17.
1052 737 1145 806 ltaque
1161 757 1193 790 ea
1209 751 1293 808 poetae

262 837 351 874 mens:
364 817 523 881 Tempornm
534 809 702 876 antiquorum
713 810 887 880 integritatem
898 825 923 863 et
932 815 1073 883 puritatem
1082 817 1115 866 iri
1125 820 1291 880 restitutum,

263 888 1292 974 qualisillaluerit,antequamfratemnssanquisinterrumdcflnxinprimum·
1360 901 1361 946 l

264 999 314 1052 que
322 964 566 1042 illudparrioidium
575 967 625 1016 fuit
634 968 809 1018 commissum.
821 971 922 1020 Pacatis
932 971 1026 1022 iterum
1034 975 1128 1024 animis
1139 986 1166 1025 et
1175 975 1292 1024 fraterna

262 1055 405 1113 eoncordia
416 1050 527 1121 pristina
542 1063 598 1097 rem
612 1046 758 1098 Romanam
769 1046 902 1100 moderari
918 1062 945 1101 et
960 1055 1027 1103 tueri
1042 1055 1119 1122 quasi
1130 1052 1291 1104 videbuntur
1360 1113 1361 1118 ,

196 1173 198 1176 .
260 1141 356 1190 Remus
368 1125 543 1184 aeliomulus.
556 1124 595 1174 De
605 1123 724 1194 Agmppa
735 1143 795 1178 eum
807 1125 897 1178 Servio
909 1141 935 1179 et
947 1130 1186 1202 aliiscugitarinon
1196 1121 1290 1202 posse,
1360 1121 1361 1168 l

260 1227 331 1268 recte
343 1212 506 1262 Burmannus
518 1204 627 1254 monuit.
640 1203 720 1269 Quod
731 1221 794 1256 vero
806 1219 891 1275 poetae
905 1210 1019 1260 animum
1030 1209 1065 1261 ad
1073 1209 1121 1261 has
1129 1211 1290 1262 rerumima·
1360 1249 1361 1260 .

260 1295 334 1366 gines
347 1287 503 1345 deduceret,
514 1293 544 1330 ttt
555 1281 660 1344 Fidem,
672 1294 699 1332 et
712 1283 833 1348 Vestam,
846 1303 905 1336 cnm
916 1285 996 1338 Remo
1004 1306 1034 1339 ac
1049 1286 1162 1339 Romulo
1178 1305 1290 1338 comme·
1360 1295 1361 1334 l

260 1380 388 1431 moraret,
399 1366 481 1416 inisse
491 1363 612 1432 suspicor
628 1362 707 1412 etiarn
719 1361 786 1427 hoc,
805 1365 894 1434 quod,
911 1379 940 1416 ut
957 1385 987 1418 ex
1006 1367 1190 1438 topographiis
1203 1369 1289 1417 Roma

260 1451 327 1503 disci
337 1457 440 1519 potest,
454 1444 482 1492 in
497 1439 615 1491 Palatino
628 1453 733 1501 moute,
747 1442 868 1513 adeoque
879 1445 951 1496 circa
963 1447 1107 1500 Palatinam
1118 1444 1230 1498 Caesaris
1243 1445 1290 1496 do-

259 1549 344 1592 mum,
356 1523 456 1595 templa
470 1519 559 1584 Fidei,
578 1522 662 1592 Vesta
676 1540 707 1571 ae
720 1523 825 1574 Romuli
836 1525 963 1595 liemique
975 1540 1057 1579 erant.
1071 1529 1200 1597 Majorem
1212 1528 1290 1597 igitur

259 1608 413 1666 haecomnia
426 1602 583 1654 suavitatem
591 1599 689 1652 babere
702 1601 832 1668 debuere,
845 1606 866 1654 si
875 1605 1009 1658 Romanus
1022 1627 1054 1659 ea
1062 1607 1174 1679 legeret,
1188 1608 1233 1676 qui
1245 1605 1289 1656 illa
1360 1621 1361 1624 ’

229 1735 231 1741 .
258 1688 357 1759 templa
369 1697 429 1737 aute
438 1681 549 1751 Augusti
560 1679 668 1731 domum
677 1682 939 1750 positameminisset.
950 1683 1013 1736 Mox
1021 1704 1045 1735 v.
1056 1685 1177 1758 293·294
1185 1681 1289 1735 Bellum
1360 1695 1361 1746 j

258 1770 302 1821 bie
313 1782 453 1838 personam
463 1761 506 1812 dei
518 1758 626 1812 induere
636 1773 715 1828 puto;
728 1774 768 1811 est
779 1760 789 1810 i
801 1760 910 1828 Πέλιμος.
924 1766 1034 1818 Diversa
1044 1765 1109 1816 Belli
1119 1784 1135 1816 a
1144 1761 1255 1815 Bellona
1263 1775 1288 1813 et
1360 1753 1361 1764 ¹

258 1853 342 1902 Marte
359 1859 480 1916 persona.
500 1839 782 1910 aprunianus,
804 1842 853 1908 36,
876 1845 914 1897 16.
933 1845 1039 1916 Apelles
1055 1843 1125 1896 Belli
1146 1843 1286 1915 imaginem

259 1925 376 1982 restrictis
385 1923 420 1972 ad
427 1932 497 1992 terga
505 1917 625 1969 menibus
632 1920 730 1988 pinxit,
740 1919 925 1973 Alexandreia
936 1941 1014 1974 curru
1025 1921 1212 1992 triumphante.
1224 1921 1287 1972 Eam
1360 1955 1361 1980 ,

259 2027 319 2062 eum
336 2004 418 2056 altera
428 1997 520 2050 tabula
535 1995 635 2067 Apellis
653 1998 785 2070 Augustus
798 2003 824 2052 in
842 2003 903 2054 Fom'
916 2005 956 2053 sui
975 2004 1095 2074 partibus
1109 2001 1286 2053 celeberrimis
1360 2027 1361 2078 ,

259 2089 400 2141 dicaverat.
413 2081 449 2131 Ut
458 2092 546 2130 tamen
558 2079 687 2148 picturam
699 2079 768 2132 hanc
783 2082 908 2152 Virgilius
923 2081 967 2134 hic
984 2097 1044 2134 ante
1057 2081 1149 2133 oeulos
1162 2079 1287 2130 habuisse

257 2165 341 2217 videri
353 2161 462 2222 debeat,
476 2156 548 2227 quod
563 2159 618 2225 jam
638 2159 665 2206 in
681 2156 811 2210 Serv-inuis
823 2162 970 2230 suspicatus
988 2160 1095 2229 aliquis,
1108 2173 1217 2209 necesse
1233 2173 1286 2206 non

258 2255 305 2295 est.
315 2241 395 2291 Notio
405 2237 461 2287 haro
473 2234 616 2286 admodum
627 2235 705 2287 obvia
721 2250 748 2288 et
764 2241 924 2300 communis;
937 2252 966 2290 ut
977 2238 1158 2300 Discordiam,
1171 2234 1284 2297 Bellum,

257 2325 383 2383 Martem,
394 2317 512 2376 vinctos,
525 2313 639 2384 religatis
652 2327 713 2384 post
724 2328 826 2386 tergum
836 2317 972 2384 manibus,
981 2315 1078 2387 lingere
1091 2316 1180 2366 animo
1194 2312 1283 2371 liceat;

256 2400 375 2470 inprimis
387 2399 455 2446 inter
467 2411 525 2458 eos,
543 2395 589 2462 qui
601 2394 762 2464 triumphum
778 2397 833 2466 agi,
850 2398 877 2446 in
891 2415 975 2466 eoque
986 2395 1075 2448 hostes
1088 2406 1180 2464 captos
1193 2392 1283 2441 vinctis
1360 2389 1361 2432 l

218 2477 221 2482 ’
256 2493 317 2550 post
333 2492 435 2547 tergum
447 2473 568 2524 manibus
581 2472 643 2525 duci
655 2474 784 2526 viderunt.
797 2475 920 2526 Occurrit
933 2493 1037 2546 qnoque
1049 2473 1133 2526 simile
1146 2488 1285 2541 argumen-
1360 2499 1361 2510 ³

257 2572 313 2608 tum
327 2559 353 2605 in
364 2555 426 2606 artis
436 2552 528 2621 priseae
540 2553 672 2620 operibus.
686 2553 749 2603 Erat
762 2552 860 2622 Sparta
873 2568 948 2606 vetus
960 2557 1062 2626 signum
1078 2553 1170 2604 Martis
1180 2547 1282 2600 vinculo

256 2635 383 2706 impediti.
397 2634 506 2683 Pausan.
520 2631 563 2680 111.
581 2631 619 2682 15.
632 2651 659 2702 p.
674 2632 732 2698 245.
743 2633 868 2684 Nostrum
881 2647 941 2686 ante
952 2635 1042 2686 oculos
1054 2633 1147 2684 habuit
1159 2629 1281 2700 Calpurn.

256 2719 281 2781 l,
294 2716 327 2781 46
345 2713 377 2764 de
390 2711 551 2762 Numeriano
563 2711 681 2763 Caesare:
695 2712 768 2762 dabit
779 2712 861 2782 impio
881 2714 978 2764 vinctas
991 2714 1164 2783 postrenum
1175 2709 1285 2762 Bellona

256 2809 364 2856 manus,
377 2787 539 2860 spoliataque
557 2786 614 2840 telis
631 2791 665 2840 In
675 2807 722 2840 sua
740 2807 844 2841 omanus
858 2792 987 2862 torquebit
1000 2791 1094 2842 nucero
1112 2807 1225 2854 monus,
1236 2781 1283 2848 Et,

254 2870 330 2922 morlo
342 2885 401 2942 qun
411 2877 462 2918 toto
471 2865 560 2917 ciuilio
568 2867 753 2932 distulitorbc,
768 2868 860 2920 Secum
868 2867 936 2919 bellu
946 2880 1024 2942 geret.
1035 2871 1117 2938 Hujus
1126 2880 1203 2939 porta
1214 2869 1282 2934 dira,

255 2953 317 3022 quia
329 2949 373 3001 dei
379 2947 430 2998 diri
436 2957 462 2998 st
469 2946 649 3011 abominandi,
658 2947 789 3000 clauditur
789 2949 865 3018 ferro
870 2951 1066 3022 eteompapilrus
1075 2951 1137 3000 ortis
1147 2951 1284 3002 avinculis

253 3029 279 3082 h.
286 3049 308 3082 e.
315 3027 618 3080 foribusferrarisflom.
627 3025 698 3094 θύραι
703 3026 797 3079 πυκιναὶ
806 3039 832 3080 et
837 3029 934 3084 nunrra‘ir
941 3029 1056 3096 ἀραρυῖαι.
1065 3029 1131 3081 ilani
1143 3028 1284 3100 templum,
1300 3019 1302 3024 Ι

254 3107 326 3177 quod
335 3107 419 3156 «lanus
429 3103 567 3172 Quirinus,
578 3106 619 3156 vel
628 3106 712 3158 Janus
722 3107 843 3175 Quirini,
853 3107 895 3157 vel
902 3107 985 3158 Jcnus
991 3107 1112 3178 geminus
1122 3107 1283 3177 appellatur,

252 3189 384 3258 respicere
395 3197 504 3255 putatur
514 3198 539 3236 et
551 3199 629 3236 recte.
643 3187 700 3236 AEn.
714 3189 774 3251 Vll,
791 3187 843 3256 607
855 3187 924 3238 Sunt
931 3188 1043 3259 peminoe
1059 3185 1129 3238 Belli
1140 3198 1224 3258 portu·
1231 3227 1240 3253 ,
1251 3189 1285 3241 sic

251 3263 359 3320 nomine
374 3266 473 3316 dictent.
496 3267 602 3316 Centum
615 3266 676 3316 arei
694 3266 805 3318 cludunt
818 3277 916 3332 vectos,
934 3277 1080 3338 eternaque
1088 3267 1158 3337 ferri
1168 3267 1267 3320 Robora
1275 3306 1283 3332 ‚

252 3364 299 3397 nee
314 3355 396 3396 castos
407 3344 505 3395 absistit
515 3343 616 3394 lumine
626 3347 717 3396 Junus.
731 3346 778 3397 nbi
788 3346 842 3398 vid.
855 3348 918 3398 Not.
931 3345 1064 3397 Plutarch.
1077 3344 1110 3399 de
1122 3347 1194 3396 Fert.
1207 3349 1283 3398 Rom.

251 3441 278 3493 p.
298 3424 348 3474 322
362 3421 389 3472 B.
406 3418 516 3473 ‘laeteri
530 3421 557 3470 δ’
573 3417 608 3474 uir
622 3421 674 3474 rire
691 3425 763 3494 (sub
775 3425 884 3496 Numa)
900 3422 939 3475 uui
951 3419 983 3476 ro*
995 3421 1038 3475 ni
1050 3419 1124 3476 'loiron
1145 3424 1254 3484 diuvant,
1274 3423 1285 3473 i

251 3498 351 3565 nonime
360 3498 432 3552 ariani
440 3501 546 3563 motet,
557 3515 586 3552 nt
595 3515 666 3555 recte
673 3505 727 3572 jam
736 3504 869 3576 Xylander
878 3507 956 3556 vertit
963 3499 1102 3567 nonnixrr.
1109 3503 1162 3553 Pax
1169 3503 1285 3556 occludit

251 3578 347 3627 lanum
360 3596 401 3647 ap.
410 3579 508 3630 Lucan.
519 3582 530 3630 l
536 3616 544 3643 ,
556 3583 598 3632 61.
608 3583 649 3634 62.
659 3581 758 3634 Contra
766 3584 860 3636 Pacem
870 3584 960 3636 clauso
970 3585 985 3633 J
987 3601 1037 3634 ano
1048 3581 1177 3632 inclusam
1188 3585 1283 3650 teneri,

251 3657 433 3726 interpretatio
451 3671 477 3710 et
496 3665 626 3714 sententia
643 3663 733 3715 Ovidii
752 3681 807 3716 esse
827 3664 931 3716 videtur
949 3666 1018 3716 Fast.
1032 3665 1057 3728 l,
1076 3663 1142 3730 281,
1155 3665 1178 3714 si
1196 3663 1282 3714 locum

251 3745 321 3784 recte
334 3736 460 3805 capimus.
478 3737 557 3807 Apud
573 3741 706 3812 Aristoph.
719 3745 747 3794 in
763 3745 829 3796 Pace
849 3763 897 3796 aaa
916 3762 973 3814 sqq.
987 3740 1088 3807 nimpe:
1099 3743 1195 3793 Pacem
1208 3754 1281 3794 antro

251 3810 401 3864 incluserat.
412 3813 486 3864 Adeo
498 3819 576 3868 trariis
589 3820 673 3871 modis
687 3833 712 3872 et
725 3821 925 3891 accipietreddi
937 3823 1023 3892 potuit
1035 3838 1086 3884 res,
1099 3835 1159 3872 cum
1174 3823 1282 3891 antiqua

250 3891 310 3942 lani
320 3891 444 3957 edicula,
457 3893 491 3945 ad
507 3895 615 3948 mudum
627 3901 716 3972 templi
734 3902 932 3973 amphiprostyli
953 3904 1076 3971 utrinque
1092 3901 1198 3970 pervia,
1213 3918 1280 3970 qua,

250 3969 321 4022 ballo
333 3971 447 4037 indicto,
459 3977 547 4046 prisco
559 3995 631 4030 more
643 3982 751 4052 patebat
765 3981 922 4034 adeuntibus
936 3995 961 4034 et
974 3980 1198 4051 supplicantibus,
1216 3999 1282 4052 pace
