2694 4574
164 337 232 406 na
256 339 478 404 canutus
502 340 646 405 arr-co
668 340 973 407 vinounmo
1049 299 1101 434 29²

93 465 161 529 XV.
179 467 327 530 Primum
336 464 538 540 deconsz'lz'oj
551 465 640 554 quod
650 483 748 554 poeta
759 467 793 530 in
803 468 940 533 AEneide
950 472 1090 536 conscri-
1103 518 1107 528 .

53 570 153 636 henda
165 589 326 661 sequutus
337 571 392 651 sit,
407 588 439 634 ct
450 553 693 660 define,quem
706 574 912 660 propositum
922 575 1088 655 hahuerit,

10 677 11 682 ’
53 677 141 740 multi
164 678 254 742 varia
278 677 582 742 comminiscuntur.
606 680 680 741 Jam
701 680 847 767 primum
867 681 963 744 Juliae
976 667 1089 768 ¹gentis
1115 741 1119 750 ‚
1159 763 1160 768 η

9 795 10 860 3
53 783 138 869 origo
157 782 200 846 ah
222 785 324 846 AEnea
343 783 455 864 ducta,
477 799 510 847 et
531 783 678 847 studium
698 785 807 871 gratiae
826 788 963 874 Augusti
982 786 1091 852 deme-

9 887 10 916 *
52 886 173 965 r‘endae,
188 888 298 975 potuit
308 888 394 951 forte
406 887 535 975 Virgilii
549 889 696 951 animum
708 888 750 953 ad
764 890 828 954 hoc
840 892 985 957 AEneidis
996 916 1090 980 argu·

9 975 10 996 ¹
51 1010 196 1056 mentum
217 993 407 1074 advertere,
426 979 672 1058 hactenusnon
693 997 778 1060 male
800 995 865 1060 dici
884 1013 1006 1084 potest,
1028 999 1098 1062 nisi

52 1098 247 1164 Octavianus
270 1100 305 1162 in
326 1117 459 1186 gentem
480 1101 601 1163 Juliam
621 1100 795 1188 adoptatus
817 1103 945 1182 fuisset,
967 1104 1092 1167 nullam

53 1225 106 1266 nos
120 1203 295 1268 habituros
309 1226 379 1268 esse
395 1202 585 1284 AEneidem3
600 1224 676 1269 sunt
690 1229 824 1294 quoque
836 1209 939 1272 multa
951 1210 985 1272 in
997 1211 1015 1272 J
1018 1209 1092 1272 uliae

53 1311 152 1395 gentis
167 1312 377 1399 Augustique
390 1310 551 1375 honorem
568 1312 601 1373 in
614 1312 758 1375 carmine
771 1313 941 1399 ingeniose
955 1315 1092 1392 intexta3

53 1439 107 1481 nec
119 1434 233 1482 tamen
247 1418 312 1483 dici
327 1435 450 1506 potest,
472 1421 658 1506 Augustum
674 1419 819 1484 AEneidis
839 1404 937 1508 caput
950 1423 1091 1486 fontem·

52 1545 110 1610 que
119 1545 204 1588 esse.
215 1523 306 1587 Nihil
316 1525 418 1612 magis
431 1524 575 1588 alienum
587 1547 658 1589 esse
670 1542 779 1613 potest
791 1523 832 1588 ah
845 1528 939 1613 epico
949 1527 1095 1590 carmine

52 1651 146 1716 quam
165 1631 341 1719 allegorto5
356 1630 486 1719 jugulat
508 1632 597 1694 enim
615 1647 719 1694 totam
739 1630 809 1719 ejus
828 1631 909 1709 vim,
932 1654 1041 1694 rerum
1062 1647 1094 1694 et

5 1797 6 1800 ,
50 1732 222 1798 hominum
237 1733 430 1824 dignitatem
445 1752 607 1815 attenuat,
624 1753 753 1824 gratum
767 1736 868 1799 animi
881 1759 1026 1800 errorem
1041 1759 1093 1800 ex-

51 1842 141 1921 cutit,
164 1859 197 1906 et
212 1843 418 1906 aestuminter
428 1835 609 1928 legendum
619 1843 805 1928 refrigerat,
822 1842 1094 1931 voluptatemque

52 1969 182 2011 omnem
198 1947 374 2033 intercipit.
391 1948 548 2010 Certatim
563 1963 674 2011 tamen
684 1947 747 2010 viri
763 1946 852 2011 docti
862 1947 997 2034 argutiis
1012 1949 1093 2026 saie,

49 2053 157 2116 AEneae
170 2073 360 2139 personam,
377 2052 473 2115 nohis
489 2053 631 2139 eripere,
647 2068 680 2114 et
697 2053 882 2138 Augustum
902 2053 1095 2116 submittere

4 2187 5 2190 ¹
49 2157 281 2222 allaborarunt.
298 2158 404 2220 Etiam
418 2179 457 2220 ex
471 2172 583 2243 parata
597 2178 684 2219 nova
700 2156 735 2217 iu
752 2157 847 2218 Latio
864 2156 942 2218 sede
959 2159 1096 2220 miseros

49 2263 214 2351 Trojanos
232 2262 462 2341 exturbarunt3
482 2259 715 2324 adumbratum
736 2268 841 2325 csse'a
858 2277 956 2347 poeta
973 2283 1096 2326 novum

49 2387 120 2433 tum
140 2371 253 2433 Romae
274 2369 490 2433 constitutum
515 2368 614 2431 unius
634 2366 866 2454 principatum.
893 2365 996 2430 Simili
1019 2390 1096 2430 acu-

49 2476 148 2556 mine,
159 2475 217 2538 alii
229 2497 356 2554 arcana,
368 2473 479 2538 nescio
490 2496 574 2561 quae,
586 2470 822 2536 dominationis
835 2474 1009 2559 Augusteae
1022 2495 1097 2537 con·
1180 2500 1183 2515 ·

51 2581 134 2659 silio,
155 2581 190 2642 in
213 2579 349 2644 AEueide
371 2576 545 2644 condenda
565 2576 816 2666 deprehendere
838 2576 900 2644 sibi
923 2579 985 2644 visi
1008 2597 1095 2644 sunt.

52 2686 99 2749 lta
113 2682 291 2771 Spencius,
311 2679 467 2771 elegantis
480 2683 605 2770 ingenii
620 2683 671 2745 vir
689 2683 747 2766 (ι),
769 2687 912 2747 contritis
930 2705 1010 2770 epos
1025 2706 1096 2749 esse

50 2790 230 2854 AEneidem‘
236 2790 299 2854 sibi
314 2812 508 2877 persuasum
522 2787 678 2866 hahebat,
694 2810 805 2875 neque
816 2786 906 2850 aliud
919 2789 1096 2877 quicquam
1142 2853 1146 2860 ,

49 2915 184 2987 poetam
200 2914 379 2986 spectasse,
396 2920 495 2985 quam
512 2913 548 2960 ut
562 2897 679 2962 animis
696 2895 855 2959 libertatis
873 2913 993 2982 ereptae
1011 2897 1097 2961 desi·
1196 2896 1198 2914 ¹

50 3003 146 3068 derio
167 3004 262 3091 aegris
280 3004 426 3066 fomenta
442 3001 647 3081 admoveret,
666 3017 834 3064 etnovum
846 2999 1029 3087 principem
1043 3025 1099 3089 ap·
1178 3017 1183 3026 ·

49 3109 218 3198 probaret.
242 3107 332 3171 Nihil
345 3126 455 3172 tamen
470 3110 580 3172 AEneae
598 3128 789 3195 personam,
813 3105 993 3185 fortunam,
1014 3107 1098 3172 facta

51 3231 85 3279 et
100 3216 168 3280 fata
179 3215 303 3280 habere
315 3212 441 3292 videas,
461 3212 551 3302 quod
565 3214 595 3276 ei
610 3211 747 3276 consilio
760 3209 973 3298 respondeat-3
987 3211 1097 3277 nullus

48 3322 85 3383 in
101 3319 241 3385 AEneide
255 3319 399 3407 populus
415 3335 464 3382 est
475 3317 573 3398 liber,
588 3319 645 3406 qui
658 3317 831 3381 dominum
844 3317 996 3404 accipiat,
1008 3320 1098 3384 nulla

48 3426 166 3514 regni,
187 3449 246 3490 seu
269 3424 416 3512 imperii,
438 3423 663 3488 monarchiam
685 3445 857 3502 vocamus,
876 3422 964 3486 bona
985 3423 1097 3489 videas

49 3533 211 3621 exposita,
223 3548 280 3594 aut
290 3529 534 3610 commendata,
546 3529 649 3593 verbo
661 3527 745 3598 nihil
755 3528 911 3605 occurrit,
924 3552 990 3616 quo
1000 3529 1096 3594 liber-

47 3639 129 3704 tatis
143 3660 257 3702 amore
271 3637 412 3701 contacti
424 3636 525 3699 animi
542 3633 677 3714 adduci,
695 3649 752 3696 aut
765 3633 850 3698 allici
870 3635 1008 3721 possint,
1026 3652 1063 3699 ut
1079 3659 1098 3702 a

47 3744 145 3809 bono
153 3743 304 3832 principe
312 3742 648 3828 malinttutoregnari,
657 3763 838 3830 quamcum
846 3738 1003 3805 libertatis
1012 3765 1096 3806 vano

11 409 14 474 l

87 3894 132 3964 (ι)
145 3891 426 3966 Polymetis‘Dialoque
437 3894 486 3960 111,
499 3912 526 3965 p.
543 3909 573 3963 ¹7
587 3911 660 3966 sqq.,
671 3911 750 3965 quem
759 3893 858 3966 passim
868 3905 1014 3964 sequuntur
1028 3893 1098 3945 War-

50 3986 117 4040 ton,
132 3972 298 4028 Holdrworth
306 4012 315 4040 ,
328 3984 354 4026 et
367 3973 420 4027 alii.
594 3989 596 4000 ¹
1123 3985 1125 3992 ’
