2690 4594
226 292 290 374 425
472 293 507 354 r.
531 287 762 353 vlnerum
785 271 1018 356 usnouts

224 411 439 503 Respicimue.
453 413 532 478 Dira
543 412 686 492 illuvies,
700 411 911 500 immissaque
921 410 1039 491 barba,

225 523 420 586 Consertum
432 535 589 606 tegumen
601 519 720 607 spinis:
733 534 767 582 at
778 535 887 583 cetera
898 519 1032 595 Graius,

225 629 268 692 Et
280 623 448 716 quondam
459 625 571 713 patriis
582 623 626 689 ad
637 624 773 714 Trojanr
785 624 904 690 missus
916 625 951 686 in
963 624 1076 687 armis.
1237 637 1278 696 595

225 737 324 824 Isque
336 732 394 796 ubi
406 731 589 798 Dardanios
601 731 733 797 habitus
746 750 778 798 et
789 733 891 797 Troia
901 730 985 796 vidit

224 845 323 906 Arma
334 839 466 928 procul:
479 839 628 928 paullum
639 839 800 930 adspectu
811 839 1009 905 conterritus
1022 835 1136 915 haesit,

224 945 461 1034 Continuitque
474 945 627 1033 gradum3
640 970 717 1011 mox
728 969 799 1012 sese
811 945 854 1011 ad
865 946 962 1010 litora
973 965 1128 1032 praeceps

223 1056 308 1119 Cum
320 1053 401 1119 iletu
412 1055 633 1145 precibusque
645 1056 730 1122 tulit.
744 1059 806 1120 Per
817 1053 925 1121 sidera
937 1070 1058 1131 testor,

224 1164 288 1226 Per
299 1178 564 1252 superos,atque
576 1162 641 1230 hoc
653 1164 728 1229 coeli
739 1161 894 1252 spirabile
905 1162 1037 1224 lumen:
1234 1171 1277 1217 σου

225 1337 314 1384 zulich.
325 1355 337 1383 a
347 1355 378 1383 m.
388 1355 424 1400 pr.
436 1351 460 1386 et
470 1338 555 1396 walt,
564 1339 655 1386 librarii
665 1341 744 1403 lapsu,
757 1343 824 1402 cujus
834 1342 912 1385 animo
921 1337 1071 1400 frequentior
1080 1338 1144 1382 ratio
1153 1335 1276 1383 insederat.

224 1432 256 1443 -
268 1407 319 1468 593.
330 1408 481 1469 Prospr'cimus
490 1407 581 1472 aliquot
592 1411 702 1456 Pieriani.
715 1408 822 1474 inplumes
831 1412 907 1472 Sprot.
922 1409 1059 1470 dimissaque
1072 1405 1144 1452 barba
1153 1407 1218 1453 idem
1228 1418 1278 1450 cum

224 1475 318 1522 Vratisl.
329 1491 382 1522 cum
392 1476 463 1524 Goth.
474 1492 520 1523 sec.
536 1479 725 1540 (masimissa),
741 1483 852 1543 promissa
861 1481 950 1525 Nouius
960 1481 986 1522 in
997 1478 1144 1539 promittere,
1162 1489 1186 1524 et
1195 1475 1253 1521 Gud.
1265 1491 1278 1518 a
1297 1492 1299 1496 ·

225 1559 257 1591 m.
269 1561 321 1608 pn:
336 1558 462 1610 utrumque
474 1547 592 1609 vulgarius
603 1565 651 1611 prm
663 1566 704 1605 eo,
719 1549 784 1612 quod
796 1565 906 1596 excusum
919 1559 961 1594 est.
978 1550 1135 1610 immensaque
1143 1547 1214 1590 Witt.
1227 1548 1277 1589 Ser·

225 1618 289 1662 vium
301 1619 402 1678 argutari
416 1618 525 1664 arbitror.
534 1644 567 1655 -
578 1619 631 1679 596.
645 1629 747 1684 tequmeu
758 1621 837 1668 Heius.
855 1621 948 1681 scripsit
958 1633 1012 1683 cum
1029 1616 1121 1661 Medic.
1135 1629 1159 1662 et
1176 1614 1228 1661 aliis
1240 1631 1276 1660 ve·

225 1687 300 1732 tustis.
311 1686 342 1730 61.
354 1685 425 1731 eund.
438 1687 481 1732 ini.
492 1689 547 1744 Vll,
557 1687 617 1744 666,
630 1701 654 1736 et
663 1690 693 1735 ad
702 1690 772 1736 Ovid.
783 1691 836 1734 xlv
846 1690 903 1734 Met.
920 1687 970 1734 166.
981 1689 1041 1733 ltem
1051 1686 1147 1732 Pierius
1157 1703 1171 1733 e
1182 1685 1276 1731 duobus.

225 1756 303 1801 Ceteri
316 1758 409 1818 teqimeu
420 1755 458 1822 vel
469 1765 569 1822 myrteo,-
578 1757 624 1804 hoc
639 1759 757 1807 habebant
768 1759 823 1805 edd.
833 1757 911 1822 vuqu.
923 1759 979 1804 Mox
994 1766 1018 1802 et
1031 1755 1070 1803 vel
1086 1772 1116 1801 ac
1129 1766 1208 1802 cetera
1215 1754 1278 1801 multi

226 1841 264 1888 ap.
276 1827 396 1871 116616.-
407 1828 450 1888 595
469 1829 502 1874 Ut
511 1830 626 1893 quondam
637 1832 669 1875 ita
678 1833 784 1893 reposuit
792 1833 870 1876 burm.
884 1847 912 1876 er
921 1830 1028 1890 liugom,
1040 1841 1068 1873 ut
1076 1831 1221 1874 sententiam
1231 1841 1276 1870 me·

225 1895 272 1942 lius
281 1909 445 1948 connecteret:
464 1902 522 1961 poni
534 1903 596 1946 enim
613 1910 653 1956 ut,
667 1901 864 1964 quemadmodum
876 1915 949 1962 saepe,
967 1908 994 1944 ut
1003 1908 1066 1954 erat,
1082 1901 1211 1944 sicutemt.
1222 1896 1276 1941 lude

226 1964 267 2010 illa
276 1964 381 2023 illuvies,
397 1968 453 2013 inde
465 1969 556 2015 detritae
567 1982 654 2026 vestes,
668 1971 733 2032 quod
751 1970 793 2015 diu
810 1972 835 2014 in
848 1970 971 2016 obsidione
985 1969 1063 2030 Trojae
1081 1967 1190 2014 haeserat.
1204 1964 1278 2026 Vulgo

226 2036 312 2098 legitur
325 2038 364 2082 Et.
381 2039 467 2085 Videat
481 2039 569 2098 lector,
586 2055 616 2087 an
632 2044 657 2086 in
673 2041 718 2086 boc
732 2043 880 2104 acquiescere
891 2039 957 2085 malit
964 2057 972 2095 ;
984 2039 1097 2102 equidem
1107 2037 1155 2084 hoc
1165 2037 1279 2084 revocari.

225 2109 284 2152 Nam
293 2110 395 2170 primum
409 2110 442 2155 Ut
453 2125 539 2173 parum
553 2112 715 2169 commodum,
727 2127 869 2175 quocunque
879 2110 950 2156 modo
960 2113 1077 2172 accipias;
1087 2108 1191 2168 (melius
1204 2119 1279 2153 tamen

225 2179 327 2241 positum
338 2179 402 2226 dicas
413 2196 456 2242 pro
465 2183 548 2246 quippe
555 2187 602 2247 qui.
614 2185 647 2228 Ex
656 2183 860 2228 Burmasententia
875 2181 907 2226 Ut
917 2188 968 2226 erat
979 2179 1051 2243 plene
1064 2179 1150 2224 fuisset
1165 2177 1280 2240 eloquen-

226 2250 308 2308 dum).
323 2259 373 2296 erat
381 2254 478 2308 Graius,
489 2253 513 2298 h.
526 2270 548 2300 e.
561 2255 641 2300 Graeco
652 2254 747 2310 habitu,
761 2257 843 2318 quippe
851 2256 893 2317 qui
902 2261 954 2298 ante
968 2251 1162 2315 Trojaimfitisset.
1178 2251 1234 2294 flac
1245 2249 1280 2294 rix

226 2320 351 2367 coherent.
365 2324 450 2379 Porro,
463 2324 601 2374 detritarum
611 2327 709 2375 vestium
719 2329 810 2371 caussas
821 2325 850 2370 ab
860 2325 983 2371 obsidione
992 2325 1071 2385 Trojae
1081 2333 1206 2384 repetere,
1219 2321 1280 2382 jeju·

224 2405 282 2435 num
292 2391 392 2438 videtur.
402 2395 493 2440 Sufficit
503 2395 605 2458 aliquem
615 2411 659 2458 per
667 2409 714 2442 tres
723 2411 815 2442 menses
822 2398 892 2442 vitam
901 2397 927 2441 in
940 2393 1050 2440 silvarum
1061 2391 1161 2438 latebris
1172 2392 1279 2452 exegisse.

225 2461 307 2523 ltaque
321 2465 387 2525 sequi
399 2465 477 2510 malim
487 2469 607 2512 Servium:
621 2484 644 2513 v.
653 2479 703 2512 not.
716 2469 778 2523 Nisi,
790 2467 854 2530 quod
867 2467 980 2522 arbitror,
992 2477 1055 2511 totus
1065 2479 1149 2510 versus
1158 2461 1250 2508 alienus
1259 2469 1280 2504 et

225 2547 253 2575 ex
266 2531 307 2576 lib.
323 2535 357 2589 11,
376 2533 405 2596 87
420 2537 512 2600 Pmtper
527 2541 551 2582 in
566 2550 631 2582 amia
645 2548 711 2601 pater
724 2541 803 2602 primis
819 2537 862 2584 hue
878 2540 978 2582 musitio
992 2539 1058 2582 anuis
1072 2534 1199 2581 confictus.
1216 2533 1279 2578 Certe

224 2615 294 2655 eum,
310 2604 328 2645 si
341 2601 413 2660 absit,
425 2619 496 2650 nemo
510 2605 579 2652 lacile
593 2607 719 2654 desideret.
732 2609 819 2654 Leuior
828 2607 943 2654 medicina
960 2608 1021 2652 foret
1037 2605 1101 2660 baec,
1114 2617 1143 2650 ut
1151 2616 1223 2650 versu
1234 2616 1278 2660 seq.

224 2685 269 2730 pro
281 2673 349 2735 Isque
360 2671 423 2735 legas
438 2677 544 2740 Namque
551 2695 560 2732 ,·
574 2690 600 2724 ut
613 2681 645 2724 sic
656 2682 731 2724 oratio
742 2679 869 2742 procedat:
881 2687 906 2724 at
921 2687 995 2724 cetera
1009 2680 1107 2732 Graius,
1125 2677 1160 2738 Et
1169 2673 1279 2739 quondam

222 2743 303 2806 patriis
311 2743 343 2788 ad
353 2746 444 2807 Treq'am
454 2748 535 2793 mutus
552 2752 576 2792 in
590 2753 666 2794 armis.
685 2752 790 2814 Namque
807 2749 846 2795 ubi
860 2751 989 2796 Dardanios
999 2747 1090 2794 habitus
1100 2755 1126 2791 et
1146 2747 1217 2790 Troia
1230 2741 1280 2787 uidit

225 2811 298 2857 Arma
308 2814 401 2875 procul,
412 2834 435 2880 p.
446 2834 468 2863 a.
481 2833 500 2863 c.
514 2818 584 2866 hoesit.
600 2823 634 2865 Ita
646 2822 723 2866 omnia
736 2823 798 2867 inter
811 2837 836 2868 te
847 2837 920 2878 nexa;
934 2823 978 2866 etsi
986 2821 1098 2866 Servia'ua
1110 2818 1174 2863 ratio
1188 2818 1221 2862 sic
1231 2815 1279 2860 satit

224 2895 275 2934 tem
285 2886 387 2947 expedit.
396 2914 428 2925 -
440 2871 493 2954 597i
508 2899 601 2954 aspectu
614 2890 718 2954 paullum
729 2893 797 2938 Witt.
812 2895 888 2956 pauco
901 2901 993 2955 aspectu
1003 2890 1074 2937 Goth.
1087 2905 1136 2936 seca
1153 2885 1279 2951 pauitama

222 2965 344 3018 sempecta
353 2958 422 3005 Gotb.
435 2972 489 3006 tert
501 2987 533 2998 ·-
542 2963 595 3009 666.
606 2963 723 3009 Rufinian.
735 2963 764 3014 de
776 2963 829 3027 tiqq.
842 2981 866 3026 p.
881 2964 909 3010 26
922 2963 1036 3026 (2091t.)
1051 2964 1124 3008 citat:
1139 2974 1184 3023 per
1192 2969 1279 3019 superos

262 3108 419 3182 593—595.
448 3115 483 3166 cf.
510 3128 562 3168 ret.
587 3128 670 3188 poeta
692 3116 725 3170 de
774 3117 898 3170 babitum
907 3111 1280 3186 hominisreputares.Latius

223 3185 338 3259 Thyeste
351 3190 424 3261 apud
436 3191 492 3244 Cic.
511 3194 590 3247 Tusc.
604 3196 655 3262 Qu.
675 3195 725 3260 111,
775 3197 881 3249 Servius
894 3221 899 3248 ι
912 3196 1002 3249 Habet
1023 3195 1097 3247 enim
1114 3203 1281 3263 unaqueque

228 3283 269 3318 ra.
292 3270 405 3324 immissa
424 3274 452 3325 in
471 3274 582 3340 faciem,
604 3275 726 3346 adeoque
773 3295 836 3350 qens
848 3277 975 3351 iaceqsum
988 3287 1016 3326 et
1027 3292 1118 3326 vocmu
1134 3270 1279 3344 propriam·

223 3349 381 3417 exquisitius
396 3368 477 3421 quam
492 3354 619 3424 promissa
636 3355 722 3406 barba.
773 3385 808 3396 -
821 3356 880 3425 595.
896 3354 992 3428 patriis
1008 3355 1044 3406 ad
1062 3354 1174 3424 Trojam
1195 3349 1281 3401 mittut

227 3426 378 3478 Cauterium
389 3431 471 3501 spinis
482 3442 610 3503 tequmen.
624 3447 726 3485 vestem
775 3436 803 3487 in
820 3436 916 3501 amnis,
934 3435 1078 3488 Homerica
1095 3432 1205 3494 orati⁰1
1222 3445 1280 3479 ”³¹¹¹

224 3503 342 3562 laceram
353 3509 518 3562 acdetritam
531 3512 662 3579 habebat,
680 3526 728 3578 et,
774 3505 870 3584 laepius
888 3513 980 3565 similis
1001 3514 1106 3579 forma,
1125 3509 1246 3580 aliquem
1264 3523 1280 3555 a

224 3603 260 3635 ne
282 3590 366 3655 panni
384 3587 549 3656 diffluerent,
569 3595 652 3664 spinis
673 3612 724 3663 pro
773 3607 849 3665 patre
866 3594 901 3646 ad
912 3592 1012 3644 bellum
1025 3609 1084 3643 esse
1096 3592 1227 3652 missum,
1239 3604 1281 3636 oe·

225 3662 277 3714 fitis
287 3679 426 3718 consutam
438 3681 463 3719 et
476 3684 582 3722 sartam.
597 3673 630 3722 61.
644 3671 723 3724 ovid.
774 3675 865 3725 currit.
887 3670 987 3740 Adjicit
1005 3669 1079 3722 Serv.
1106 3686 1140 3719 ex
1163 3665 1279 3739 sequenti

225 3743 291 3796 Met.
302 3743 378 3809 xlv,
394 3745 457 3811 166,
469 3748 516 3800 ubi
528 3749 612 3802 multa
623 3771 655 3803 ex
668 3753 725 3804 Vim
774 3755 828 3832 ejus
837 3751 996 3822 consessione
1010 3749 1060 3802 bac
1069 3748 1168 3801 didicit
1175 3749 1279 3798 AEaeas.

223 3823 289 3892 qilio
306 3822 473 3879 adumbrata.
491 3827 529 3878 Ex
545 3826 586 3880 his
604 3833 669 3902 ipsis
688 3844 726 3883 ta·
773 3833 808 3883 At
821 3831 854 3884 de
866 3833 1016 3883 toto'versu
1029 3831 1065 3880 cf.
1077 3827 1228 3879 Var.Lect.

225 3920 288 3954 meu
302 3907 398 3974 pannis
412 3907 606 3978 agnoscebatur
623 3911 726 3963 Gratus
810 3911 968 3982 599-606.
989 3919 1084 3974 testor,
1110 3923 1220 3978 queso,
1237 3904 1281 3955 ob-

225 3999 300 4040 esse:
317 3984 418 4040 scilicet
429 3987 451 4040 si
465 3998 551 4042 totum
564 3990 725 4044 vestitumet
774 4003 865 4044 testor.
887 3989 936 4044 toa
948 3986 1014 4054 ,coeii
1028 3983 1158 4057 spirabile
1176 3981 1279 4046 iumen,
1327 4005 1328 4081 q
