2724 4580
322 334 554 406 AENEIDOS
576 335 727 406 LI'BER
751 342 775 406 Ι.

38 458 124 524 Turn
136 455 183 525 sir,
194 459 341 549 reginam
352 459 553 550 adloquitur,
566 461 755 553 cunctisque
768 481 901 552 repente
991 537 993 544 ¹

41 567 240 654 Improvisus
253 567 313 631 ait:
327 569 457 647 Coram,
472 589 570 655 quem
583 567 865 656 quaeriti5‚adsum
1026 569 1092 644 ⁵9⁵⁸·

38 671 158 735 Troius
168 670 300 750 AEneas,
313 671 441 760 Libycis
454 689 583 758 ereptus
595 673 636 736 ab
647 672 754 738 undis.
790 729 792 735 .

39 776 148 840 Osola
161 774 316 840 infandos
326 778 434 865 Trujae
446 777 595 840 miserata
608 777 749 858 labores,
763 811 765 816 ·

39 881 120 961 Quae
131 902 208 960 nos,
222 882 374 969 reliquias
387 885 548 961 Danaum,
563 898 722 971 terraeque
734 885 895 973 marisque

42 984 203 1050 Omnibus
215 985 387 1050 exhaustos
397 986 465 1075 jam
477 987 618 1066 casibus,
632 990 779 1052 omnium
792 1012 925 1077 egenum
956 1031 959 1036 -

44 1091 146 1169 Urbe,
161 1089 275 1171 domu,
289 1092 407 1156 socias!
421 1094 723 1179 gratespersnlvere
737 1095 849 1182 dignas
886 1117 891 1126 ·
988 1108 991 1116 “
1027 1105 1071 1154 60⁰

44 1199 116 1260 Non
129 1199 202 1284 opis
215 1214 264 1260 est
275 1213 406 1275 nostrae,
421 1196 521 1276 Dido,
535 1221 596 1272 nec
608 1198 769 1287 quidquid
781 1200 905 1287 ubique
917 1216 965 1266 est
1013 1262 1017 1268 ,

45 1303 159 1366 Gentis
171 1301 357 1380 Dardaniae,
370 1326 524 1389 magnum
537 1325 609 1392 quae
622 1326 731 1391 sparsa
743 1327 803 1392 per
814 1305 937 1368 orbem.

46 1409 86 1470 Di
98 1407 173 1486 tibi,
187 1409 213 1472 si
226 1431 291 1496 qua
302 1409 374 1496 pios
387 1409 728 1495 respectant'numina,
742 1393 769 1472 si
781 1405 862 1496 quid

1 1508 5 1522 ’
47 1513 193 1602 Usquam
201 1513 328 1602 justitia
340 1529 388 1577 est
401 1529 433 1577 et
445 1501 536 1578 mens
549 1513 610 1576 sihi
622 1515 750 1578 conscia
763 1515 855 1592 recti,

1008 347 1068 428 rit

47 1659 114 1704 eota.
127 1673 165 1720 ap.
179 1659 283 1703 ursum
293 1656 322 1702 aa
332 1659 380 1701 nn.
393 1658 440 1712 m,
455 1657 504 1701 ns.
517 1656 607 1716 ..594
622 1659 685 1702 runc
699 1655 767 1701 son.
777 1671 812 1719 pr.
825 1651 877 1702 clm
887 1656 945 1702 arus
955 1658 1044 1718 -59s
1056 1659 1075 1703 r.
1117 1641 1121 1660 ¹

47 1731 109 1774 adest
124 1744 160 1791 pr.
174 1728 255 1773 nauh.
265 1748 296 1762 -ε-
306 1727 356 1789 596.
368 1727 473 1789 abreptus
484 1743 529 1772 sec.
546 1728 626 1772 Hamb.
638 1753 669 1763 -
679 1728 729 1788 598.
742 1727 806 1772 Idem
816 1727 864 1772 iere
876 1743 953 1773 versus
972 1743 1021 1789 sup.
1038 1727 1076 1772 30.

47 1799 138 1859 -599.
155 1808 246 1844 exacuas
264 1797 352 1843 Zulieh.
371 1814 384 1842 a
404 1813 433 1842 m.
449 1814 483 1859 pr.
494 1801 543 1860 jam
553 1801 620 1860 copir's
631 1801 772 1860 omniumque
788 1797 891 1842 Parthas.
903 1797 943 1842 ted
960 1799 984 1842 in
1006 1813 1076 1858 marg.

46 1869 216 1933 exhaususjam
225 1869 326 1915 casibus:
338 1869 403 1932 quud
415 1869 516 1914 deterius
527 1870 593 1914 soret.
604 1870 694 1914 -6οι,
708 1868 748 1913 Nil
755 1872 801 1930 opis
808 1868 895 1913 Zulich.
907 1873 978 1914 nostri
987 1871 1078 1928 Menag⁵

48 1955 81 2001 pr.
89 1949 124 1985 est
130 1943 241 1986 omittunt
250 1953 296 1986 tres
303 1941 380 1985 Heius.
388 1939 467 1990 th'clo
474 1939 542 1984 Goth.
551 1941 688 1986 see-um
697 1939 833 1985 Dardanidae
842 1951 887 1984 tres
897 1956 934 2000 ap.
944 1941 1019 1984 Burm.
1027 1955 1079 2002 quoe

49 2023 152 2074 nuquam
163 2027 199 2072 pr.
210 2012 293 2056 Muret.
306 2023 330 2058 et
338 2011 411 2070 Bigot.
423 2025 514 2072 aspersa
525 2025 570 2055 sec.
587 2012 695 2056 Rnttend.
708 2013 753 2056 Sed
766 2009 935 2056 hemistichium
943 2009 987 2054 hoc
999 2011 1078 2055 abesse

49 2081 107 2126 isrte
117 2081 282 2142 malisiAuget
291 2084 492 2142 lamentententiae
499 2084 552 2125 rim.
563 2083 718 2128 Consederaut
725 2097 800 2128 autem
805 2083 898 2144 Trojani
909 2079 987 2126 exules
994 2070 1092 2141 partini¹

50 2153 73 2196 in
81 2153 165 2196 viduit
176 2152 273 2198 Troadis
280 2153 338 2206 oris,
350 2151 464 2212 partimin
477 2149 586 2204 Thracia,
600 2153 769 2214 Creta‚Epiro‚
778 2152 862 2206 Sicilia,
873 2152 1014 2196 Venetorum
1025 2151 1080 2194 oris.

2 2212 5 2223 ¹
49 2221 135 2266 -601t
146 2231 271 2284 respectent
282 2221 318 2268 ed.
330 2219 489 2276 lunt-604.
499 2221 579 2284 siquid
590 2221 690 2283 Usquam
697 2225 786 2283 justitia
795 2231 834 2266 est.
847 2223 879 2264 ita
887 2221 1082 2280 rescripsi,etiam

50 2292 200 2337 Brunckiov.
209 2294 234 2337 C.
240 2291 402 2353 adstipulante.
409 2295 440 2336 Ut
445 2292 514 2353 vulgo
522 2291 613 2353 legitur,
621 2293 688 2336 etiam
695 2295 719 2337 in
725 2293 894 2352 fragmvatia,
902 2290 981 2354 siquid
988 2303 1083 2352 usquam

3 2393 5 2400 ,
46 2353 1083 2426 justitioeest,impeditalitratioejus,qui5dsequitur:etmetts'st'lricanscittrecti5quodadeo

50 2433 195 2493 jungendum
201 2450 254 2479 eum
263 2447 313 2496 sup.
320 2434 360 2478 Dii
364 2443 386 2479 et
393 2449 453 2479 mens
462 2449 480 2479 s.
492 2450 536 2480 c.r.
545 2435 640 2479 Proemia
647 2435 834 2498 ‹liqnuserantlit
841 2431 1085 2479 hacteuussecundurn

52 2505 138 2549 Stoicos
150 2517 243 2566 poetam
260 2504 362 2550 brutum
379 2504 456 2550 direre
467 2507 543 2566 potuit
554 2507 653 2550 Servius.
667 2507 761 2566 Legenti
773 2516 849 2550 tamen
865 2502 931 2548 facile
947 2504 1032 2562 cuique
1044 2517 1085 2546 ocd

53 2589 142 2620 currere
155 2586 247 2636 potest:
259 2575 343 2638 siquid
354 2591 448 2638 usquam
459 2577 550 2620 lustitia
563 2587 596 2620 est
607 2583 630 2620 et
640 2589 701 2620 mens
710 2574 752 2620 sali
759 2577 845 2620 conscia
855 2575 920 2626 recti,
932 2572 955 2616 h.
967 2588 987 2616 e.
999 2573 1023 2614 in
1036 2570 1085 2616 ullo
1179 2633 1181 2636 Ι

52 2647 125 2705 pretio
137 2657 181 2691 est.
193 2647 246 2705 Quo
258 2646 328 2692 altera
339 2648 499 2709 interpretatio
511 2649 731 2710 Servianaspeetat:
743 2649 764 2690 si
775 2644 903 2707 valetapud
913 2641 1009 2688 homines
1016 2644 1085 2703 justi*

54 2767 159 2824 honores
177 2769 361 2844 distinguiturt
384 2787 440 2823 esse
458 2771 546 2841 potius
614 2775 615 2780 ’
631 2769 681 2841 595
693 2788 731 2840 sq.
740 2770 867 2822 Praeclara
876 2780 901 2821 et
910 2757 1087 2833 alfectus'ple-

54 2855 281 2923 comparationem
304 2851 489 2904 retrahendam
513 2847 547 2924 ad
595 2868 631 2902 na
654 2851 749 2901 aratio.
763 2880 794 2889 -
809 2847 867 2918 598.
891 2845 1014 2917 reliquias
1034 2845 1086 2893 Da-

54 2932 161 2985 AEneam
178 2932 247 2984 nube
260 2929 460 3002 circumfusum,
476 2929 548 3004 quud
596 2948 693 2994 naum,
707 2929 829 2980 aDanais
840 2923 945 2977 relictos
953 2944 960 2985 ;
973 2923 1086 2992 passive,

55 3008 123 3061 clara
138 3012 167 3064 in
181 3012 240 3063 luce
256 3010 370 3080 refulsit,
387 3024 417 3061 ut
429 3028 495 3080 opus
507 3009 548 3061 vel
597 3021 626 3060 ut
639 3011 724 3068 aiunt3
738 3008 817 3076 stragi
826 3006 1001 3070 Trojanorum
1012 3000 1088 3052 credi-

56 3104 240 3142 ornamentum
265 3091 423 3153 sintrrteum⁷
454 3108 547 3162 argen·
598 3099 648 3159 que
666 3090 699 3139 ab
712 3087 816 3137 Achivis
831 3093 986 3154 perpetrata·
1000 3095 1089 3148 super·

55 3179 123 3222 teum
136 3171 180 3222 vel
189 3189 365 3224 marmoreum
384 3190 448 3224 auro
465 3171 548 3223 iriclu·

56 3265 127 3313 sum,
141 3269 225 3303 aurea
237 3267 284 3302 ora
299 3252 445 3314 ambiente,
457 3259 509 3321 (lua
518 3269 550 3301 ex

57 3332 112 3380 auri
123 3328 269 3400 splendore
281 3327 367 3400 ipsum
377 3347 443 3398 opus
453 3367 461 3394 ,
478 3329 550 3399 quod

57 3409 188 3461 inclusum
196 3422 248 3468 ests
258 3423 362 3460 auctum
373 3411 485 3460 nitorem
495 3425 551 3458 mu·

58 3499 154 3540 luatur.
169 3487 204 3537 cf.
220 3486 276 3538 AEn.
291 3483 329 3551 X,
343 3487 391 3540 135
401 3501 460 3557 sqq
470 3500 495 3538 et
508 3486 552 3538 adi

58 3563 164 3619 Excurs.
181 3565 215 3619 ad
235 3567 262 3618 h'.
283 3587 323 3630 m,
345 3569 390 3638 qui
412 3580 450 3619 est
472 3567 550 3618 xxii.

56 3645 146 3698 Verba
167 3659 256 3697 autern
277 3649 314 3699 sic
334 3646 552 3716 interpretandas

59 3725 150 3776 restitit
162 3737 188 3776 et
198 3722 299 3794 refulsit
310 3726 356 3778 tali
369 3746 428 3778 rum
441 3727 553 3788 decore,

597 3170 679 3219 stites.
687 3166 831 3227 exhaustus,
843 3164 954 3226 attritos,
965 3175 1089 3211 consum·

599 3260 653 3310 tos,
665 3259 779 3298 ivexatos.
791 3247 824 3294 cf.
838 3243 925 3293 Burm.
939 3239 1035 3304 sociat,
1054 3237 1088 3290 ds

599 3330 710 3387 cunata,
722 3326 839 3392 recipere
850 3323 897 3370 vis.

633 3405 692 3456 603.
702 3402 803 3474 Siquid
814 3415 922 3470 usquam
922 3398 1028 3469 justitia
1038 3403 1089 3448 est-¹

599 3485 622 3534 sl
633 3502 687 3534 non
698 3486 776 3533 inane
791 3493 886 3531 nomen
899 3489 954 3530 est:
969 3476 1015 3526 sed
1033 3493 1091 3541 res,

599 3553 698 3628 virtus}
707 3561 785 3612 laude
796 3577 826 3610 ar.
839 3559 944 3627 prtnmio
956 3556 1042 3626 digna.
1055 3555 1088 3606 cf.

600 3639 632 3693 V.
647 3643 675 3692 L.
688 3639 754 3693 Ante
772 3641 862 3692 oculos
876 3641 924 3689 luit
940 3637 1037 3708 Ulyssis
1057 3635 1092 3688 arl

600 3721 848 3773 Nausicaamoratio
855 3716 1023 3788 pulrhrarum
1033 3733 1093 3766 sen-

59 3803 137 3872 quale
155 3824 250 3856 manus
267 3804 277 3874 (
297 3805 402 3856 artificis
423 3806 433 3877 )
454 3803 556 3856 addunt
600 3802 741 3851 tentiarum
748 3795 998 3869 plena,ubi0dyss.
1011 3796 1032 3860 ζ,
1044 3795 1092 3844 180

60 3883 130 3931 ebori
141 3883 235 3947 decus,
247 3881 274 3932 h.
295 3902 317 3934 e.
331 3884 409 3953 quale
423 3897 462 3936 est
474 3883 554 3934 decus
583 3883 640 3932 ΧΣοὶ
656 3875 813 3941 llirrolnlra
825 3878 895 3937 lons,
913 3873 957 3926 lou
969 3872 1031 3943 spui
1041 3872 1092 3941 ’ἥθ’

61 3961 149 4028 operis
162 3961 257 4012 eburni
271 3975 316 4012 aut
329 3965 429 4033 argenti
439 3978 554 4013 marmo-
599 3962 760 4028 parturiretc.

13 4113 18 4128 .
61 4039 129 4092 risve
146 4038 255 4098 candidi
268 4059 332 4095 auru
344 4041 508 4100 cirtumdati·

130 4141 156 4177 a.

877 4133 920 4182 .¹0
