2742 4586
244 298 305 376 204
572 281 835 372 excussus
857 288 948 391 xix

243 418 278 470 ed
301 415 413 482 urbem,
438 425 516 484 atque
540 415 619 467 etiem
642 427 704 485 post
724 414 873 466 Memnonis
895 424 1008 464 mortem
1029 411 1196 484 complexum
1221 431 1278 468 esse

242 496 352 548 Achillis
365 507 494 560 extrema,
507 494 585 546 ludos
598 495 723 546 funebres
742 495 766 545 ei
784 495 870 546 iactos
882 506 908 545 et
917 492 1047 563 judicium
1057 511 1192 545 armornm
1209 495 1277 545 inter

242 575 361 648 Ulyssem
373 587 399 628 et
416 576 531 644 Ajacem.
544 573 616 626 Nihil
631 575 721 645 itaque
732 574 841 641 mirum,
855 573 928 645 quod
939 571 1026 624 Schol.
1039 572 1145 626 Pindar.
1159 575 1184 638 l,
1198 574 1230 640 4,
1244 573 1276 626 58
1343 601 1344 610 ¹

241 649 329 723 djacis
354 651 498 722 αὐτοχειρίαν
519 670 550 704 ex
569 652 616 704 illo
637 654 754 705 carmine
775 652 861 705 docet.
883 653 969 704 Etiam
990 653 1018 702 in
1036 651 1141 704 Tabula
1158 652 1243 704 Iliaca
1262 670 1278 702 a
1344 653 1345 664 ¹

240 733 367 786 Febretto·
385 732 456 786 edita
474 729 585 788 meroen
603 727 667 784 mei
682 731 793 802 Ἀρνντῒννν
804 727 842 787 nir
856 728 966 786 Μνλνίσννν
980 731 1132 803 adscripta,
1149 745 1277 802 tanquam
1345 765 1346 778 ν

242 829 274 863 ex
295 829 349 882 qua
366 829 453 864 rerum
471 827 653 880 expressarum
669 829 730 882 pars
747 813 831 882 petita
849 814 892 878 sit.
909 812 1047 864 Arctinum
1064 811 1099 864 ad
1118 811 1225 884 Olymp.
1242 810 1279 860 IX
1346 839 1347 862 l

241 889 350 954 Suidas,
365 889 399 942 ad
417 891 452 940 lv
468 891 549 942 refert
568 891 697 944 Eusebius
715 893 868 963 Hieronymi
891 889 1032 957 MCCLIV,
1055 892 1101 943 ubi
1121 910 1145 942 v.
1168 893 1277 941 Pontac.
1347 948 1348 960 ¹

241 968 337 1040 Scalig.
349 969 461 1022 Vallars.
474 971 537 1022 item
549 969 658 1022 Salmas.
673 970 707 1022 ad
719 970 800 1022 Solin.
811 991 837 1042 p.
851 972 910 1042 599.
924 972 976 1023 600
987 969 1066 1041 Ryclr.
1080 969 1114 1021 de
1126 973 1204 1041 prim.
1218 966 1276 1019 ltal.
1347 971 1348 976 ’

241 1049 328 1101 colon.
342 1069 368 1120 p.
382 1049 442 1118 440.
455 1050 549 1102 Eidem
561 1050 623 1102 ν’νίννν
639 1047 719 1120 ssipen
731 1051 844 1116 tributa,
856 1051 890 1103 de
903 1069 956 1121 qua
967 1068 992 1100 v.
1004 1051 1112 1101 Excurs.
1124 1051 1137 1100 1
1151 1049 1186 1101 ad
1198 1048 1244 1100 lib.
1255 1048 1279 1098 ll
1348 1057 1349 1066 ¹

240 1145 282 1197 pr.
301 1127 452 1179 Secundum
470 1139 584 1192 veteres,
609 1146 676 1200 quos
697 1132 846 1194 amisimus,
867 1129 920 1181 late
944 1128 1103 1180 describitur
1126 1126 1278 1179 Memnonis
1349 1167 1350 1176 .

241 1209 327 1258 fatum
337 1208 461 1274 aQuinto
471 1209 585 1280 Paralip.
598 1209 645 1262 lib.
658 1211 681 1260 Il
694 1222 721 1263 et
738 1211 815 1282 Dicty
825 1211 874 1275 IV,
888 1209 912 1276 4
924 1211 974 1276 Vl,
989 1225 1027 1260 ιο.
1041 1221 1068 1260 et
1082 1207 1177 1259 ultimo
1189 1207 1250 1258 loco
1264 1223 1279 1256 a

241 1285 333 1337 Tzetza
343 1287 372 1336 in
383 1285 516 1338 Posthom.
529 1299 578 1340 ata
592 1307 649 1360 sqq.
661 1287 707 1340 ubi
718 1307 743 1339 v.
754 1288 873 1340 Jacobsii
884 1279 961 1352 nota,
975 1288 1020 1358 qui
1030 1284 1159 1337 Sturzinm
1171 1302 1280 1355 qnoque
1350 1317 1351 1336 ν

241 1366 337 1417 excitat
357 1366 391 1417 ad
411 1366 646 1440 Hellaniciiragm.
666 1388 692 1440 p.
717 1368 773 1440 149.
793 1369 884 1421 Multis
901 1369 981 1421 etiam
999 1367 1063 1418 olim
1076 1365 1212 1438 tragoediis
1228 1363 1281 1416 fuit
1351 1385 1352 1412 fi

240 1444 389 1497 celebratus
409 1447 548 1512 Memnon,
569 1448 684 1521 AEschyli
711 1449 831 1521 inprimis
856 1462 881 1501 et
900 1447 1053 1519 Sophoclis,
1074 1448 1148 1516 cnjus
1167 1444 1280 1499 sibime
1352 1495 1353 1516 ,

241 1524 359 1596 ejusdem
370 1529 515 1598 argumenti
525 1529 607 1581 fuisse
619 1529 758 1595 videntur,
770 1542 809 1595 et,
823 1529 895 1600 quod
905 1527 1045 1600 probabile
1055 1526 1097 1592 fit,
1109 1525 1280 1578 unaeadem-
1311 1517 1313 1522 ¹

241 1622 293 1674 qne
306 1623 366 1657 cum
378 1608 521 1661 Memnone
531 1609 633 1661 fabula.
644 1611 812 1661 Memnonem
822 1612 902 1663 etiam
912 1611 1042 1662 Homerus
1054 1609 1110 1679 ipse
1123 1608 1281 1660 memoravit
1353 1606 1354 1618 ¹

239 1684 334 1756 Odyss.
348 1686 374 1748 ὃ,
393 1689 449 1740 188.
463 1689 510 1742 nbi
528 1678 625 1746 Nestor
638 1689 722 1741 filium
737 1691 909 1743 Antilochum
920 1690 999 1743 abeo
1016 1705 1111 1740 ctesum
1122 1684 1228 1759 prodit3
1241 1698 1281 1738 est
1354 1717 1355 1742 1

238 1763 279 1814 ibi
290 1764 356 1821 Ἠοῦς
369 1769 456 1826 peririis
472 1767 562 1835 ἀγλαὸς
578 1765 633 1826 υἱός.
646 1771 679 1821 Et
694 1787 722 1831 t,
741 1770 789 1824 52¹
806 1771 911 1844 Ulysses
928 1768 1133 1842 Neoptolemum
1150 1767 1281 1838 predicat

238 1840 360 1899 arianam
368 1863 434 1912 pne
447 1845 555 1914 Mirantes
569 1849 626 1903 tta.
644 1852 705 1902 Fuit
718 1852 808 1922 itaque
819 1852 947 1904 Memnon
958 1847 1152 1922 pulcherrimus
1161 1847 1277 1917 juvenis.

236 1925 365 1997 Uirgilius
378 1939 466 1982 tamen
477 1929 583 2002 nigrum
593 1930 719 2002 appellat.
733 1930 838 1984 Scilicet
849 1930 958 1983 Tithoni
970 1942 996 1983 et
1007 1929 1115 1982 Aurorae
1123 1925 1193 1978 filius
1201 1926 1280 1980 indos

238 2017 267 2057 et
278 2004 413 2078 AEthiopes
422 2009 564 2063 adduxisse
573 2013 672 2064 fertur:
686 2024 715 2063 nt
724 2012 846 2082 Trojanis
859 2030 938 2083 opem
948 2011 1044 2064 ferret:
1059 2011 1113 2062 sive
1124 2005 1196 2079 quod
1206 2008 1282 2058 fama
1357 2044 1358 2069 ,

239 2099 379 2157 acceptum
393 2103 463 2156 erat,
472 2093 575 2144 venisse
588 2094 710 2163 Trojanis
723 2095 810 2145 socios
820 2105 846 2145 et
859 2091 956 2145 auxilia
967 2109 998 2144 ex
1010 2093 1088 2143 terris
1103 2089 1136 2142 ad
1150 2089 1281 2156 orientem

239 2163 353 2218 Troadis
369 2167 442 2236 sitis,
459 2169 513 2221 sive
526 2169 599 2241 quod
619 2191 635 2223 a
652 2171 764 2243 Cyclicis
777 2183 834 2223 tota
850 2170 897 2223 illa
908 2171 1026 2222 narratio
1042 2170 1094 2221 fuit
1109 2167 1185 2218 illata
1200 2165 1281 2220 rebus

239 2243 350 2296 Troicis.
363 2246 510 2301 Obscurior
524 2263 563 2302 est
574 2251 607 2304 de
616 2252 759 2305 Memnone
770 2251 880 2317 fabula,
895 2263 921 2303 et
934 2269 991 2322 qun
1002 2249 1083 2302 modo
1094 2247 1129 2300 ad
1140 2246 1281 2318 AEgyptum
1359 2267 1360 2296 ν

239 2324 418 2392 superiorem,
436 2328 517 2380 modo
537 2329 571 2381 ad
588 2331 756 2402 ¹Assyriorum
780 2330 848 2383 adeo
872 2332 987 2401 origines
1005 2340 1150 2382 revocetur.
1173 2325 1241 2380 Vide
1265 2343 1282 2376 a

238 2400 355 2453 Pocoliio
376 2419 503 2478 congesta
521 2409 556 2460 ad
572 2410 722 2462 Memnonis
742 2412 846 2483 signum
862 2409 1048 2462 illustrandum
1066 2410 1095 2460 in
1108 2407 1191 2460 ruinis
1207 2404 1281 2457 The-

237 2478 334 2530 barum
346 2483 361 2546 (
367 2483 492 2557 Descript.
505 2485 539 2554 of
546 2485 589 2537 the
599 2487 663 2556 Eost
672 2489 749 2540 Tom.
762 2490 788 2553 I,
798 2507 825 2560 p.
840 2504 884 2539 ιοι
900 2506 958 2560 sqq,
971 2499 997 2540 et
1005 2489 1034 2539 in
1045 2488 1211 2556 inscription.
1223 2495 1282 2536 ant.

238 2559 330 2626 graecis
345 2577 370 2629 p.
389 2560 423 2612 80
438 2579 497 2634 sqq.
517 2580 547 2634 9¹
572 2583 629 2636 sqq.
650 2568 668 2638 ).
681 2566 733 2620 Sed
754 2585 787 2620 ne
811 2579 897 2639 poetae
921 2564 1037 2618 absurda
1057 2564 1198 2632 commenti
1222 2581 1281 2616 esse

158 2709 161 2714 ἱ
237 2634 395 2704 videantur,
414 2639 467 2692 hoc
485 2642 578 2694 saltem
598 2646 779 2711 monebimus,
798 2647 965 2718 Assyriorum
981 2644 1120 2715 imperium
1133 2641 1218 2694 videri
1232 2640 1280 2692 illo

239 2724 361 2784 tempore
373 2733 456 2788 usque
466 2721 493 2770 in
502 2721 592 2776 Asiam
604 2725 734 2778 minorem
743 2725 891 2797 prolatum,
905 2737 984 2795 atque
994 2724 1066 2775 exiis
1075 2721 1188 2787 finibus,
1198 2721 1281 2774 adeo-

240 2811 292 2863 que
304 2812 336 2847 ex
346 2796 454 2852 Oriente
466 2797 476 2868 (
487 2797 549 2854 hine
561 2803 624 2854 Eooe
635 2804 724 2875 acies)
730 2844 739 2870 ,
754 2823 809 2856 non
820 2823 883 2857 vero
903 2822 934 2875 ex
949 2803 1057 2874 Assyria
1067 2801 1174 2872 proprie
1189 2799 1280 2864 dicte,

239 2874 359 2946 potuisse
377 2872 440 2947 finqi
455 2876 498 2934 rel
511 2880 581 2934 tradi
598 2881 713 2952 aliquem
729 2883 912 2951 Memnonem,
933 2883 1055 2945 Aurorae,
1076 2878 1156 2940 Ἠοῦςς
1177 2877 1280 2946 filium,

239 2954 330 3024 copias
353 2957 476 3028 Trojanis
499 2959 653 3024 adduxisse;
677 2963 758 3015 indos
780 2977 806 3015 et
828 2963 965 3035 AEthiopes
983 2973 1068 3034 poeste
1089 2971 1200 3021 vocant;
1225 2976 1280 3033 quo

238 3035 345 3086 nomine
368 3052 459 3089 omnes
485 3039 520 3092 ad
538 3041 672 3095 Orientem
692 3046 757 3096 sitos
776 3044 906 3116 populos,
926 3045 954 3095 in
977 3041 1137 3096 australibus
1157 3041 1281 3111 inprimis

237 3113 337 3185 plagis,
351 3115 524 3171 declarabant
535 3134 645 3175 veteres.
659 3124 761 3177 Ornata
771 3124 867 3178 deinde
880 3126 959 3177 variis
971 3122 1058 3175 modis
1075 3133 1102 3172 et
1119 3117 1281 3190 amplificata

237 3193 338 3270 fabula.
352 3197 386 3247 cf.
397 3199 509 3252 Pausan.
522 3201 562 3266 X,
576 3201 606 3253 31
621 3222 648 3274 p.
662 3205 722 3276 875.
736 3204 825 3257 Schol.
838 3203 914 3255 Pind.
926 3205 1001 3256 Nem.
1012 3204 1042 3263 6,
1056 3201 1097 3256 85.
1114 3201 1146 3264 3,
1160 3199 1209 3250 106
1217 3198 1280 3250 add.

240 3275 289 3325 inf.
308 3273 342 3327 ad
363 3295 387 3327 v.
415 3278 475 3349 751.
500 3270 560 3354 Fdit
582 3299 689 3354 quoque
709 3285 858 3338 Memnonis
883 3283 1039 3354 sepulerum
1054 3278 1128 3332 haud
1146 3276 1225 3349 longe
1247 3276 1283 3328 ab

239 3355 335 3425 AEsepo
344 3357 378 3408 ad
388 3361 596 3429 septentrionem
605 3362 718 3416 Troadis
727 3363 835 3416 finium:
848 3362 935 3415 Strab.
946 3363 1008 3413 Xlll
1017 3379 1044 3431 p.
1055 3359 1107 3428 878
1120 3356 1148 3408 C.
1162 3353 1283 3408 Confusa

238 3434 345 3486 tandem
359 3456 419 3489 cum
432 3439 485 3492 alio
499 3441 791 3515 Memnonefflgqptio,
807 3440 1013 3513 Pha-menopha
1026 3437 1098 3510 apud
1109 3439 1184 3488 Paus.
1201 3436 1227 3501 I,
1247 3435 1280 3494 da

237 3533 264 3584 p.
292 3530 354 3578 ror,
377 3517 442 3571 alibi
461 3520 637 3594 Amenoplsis,
656 3524 676 3574 f.
695 3521 900 3594 Amnn-nophi,
919 3520 1065 3574 secundum
1087 3515 1224 3570 iablonsk.
1247 3515 1282 3567 de

236 3593 414 3668 Memnonep.
425 3598 467 3650 31.
481 3601 544 3657 Erat
552 3602 575 3653 is
583 3603 623 3654 sol
634 3605 721 3656 oriens
732 3625 737 3654 :
751 3602 779 3654 id
791 3602 869 3673 quod.
876 3612 965 3655 statua
974 3617 1081 3674 quoque
1091 3596 1140 3652 ³1¹1>
1150 3597 1281 3650 ⁰¹10¹¹l0¹³

237 3669 320 3725 solem
333 3675 432 3730 vocalis
441 3677 603 3732 declarabat.
1167 3684 1172 3713 l
