2690 4594
83 357 165 409 urbes
178 315 315 427 qrridam
306 369 333 400 m
353 348 477 401 honorem
490 349 604 422 Anqusti
614 299 714 402 dictam
732 350 879 421 αιοίρὶιιηι,Ι
898 349 918 402 is
933 349 1003 402 enim
1021 367 1081 401 cum
1099 351 1128 402 ia

81 437 167 508 Epiro
185 429 328 502 Nicopolin
340 430 474 495 conderet,
495 431 565 480 cavit
583 431 610 480 in
626 430 726 500 foedere
743 431 855 482 civitatis
869 425 964 501 ipsius,
978 441 1008 480 at
1022 430 1129 502 aequati

82 517 279 567 observarentur
292 531 308 562 a
326 511 459 563 Romanis.
476 511 553 562 Certe
567 509 675 562 liberam
697 511 830 561 civitatem
851 528 907 566 esse
919 512 1010 578 jussit,
1021 529 1045 561 v.
1060 509 1126 560 Plin.

81 597 127 646 IV.
141 596 172 658 3,
184 592 325 664 plerasque
342 590 497 641 Acarnania
519 590 599 641 urbes
618 592 645 641 in
666 609 723 642 eam
741 593 871 642 contraxit
888 603 934 642 aut
946 591 970 640 ei
983 590 1135 641 accensuit.-

72 694 107 724 .v.
122 673 208 724 Strab.
221 671 263 736 X,
272 691 298 742 p.
313 667 365 736 450
378 670 406 720 C.
418 672 480 735 VII,
492 689 519 742 p.
531 669 581 722 325
594 672 625 722 D.
637 671 713 722 Paus.
727 672 763 734 V,
779 673 818 723 23.
832 673 895 738 VII,
910 671 956 734 18,
968 689 996 740 p.
1008 668 1128 738 569.1)i0

81 753 156 806 Cass.
168 754 201 804 LI
212 771 253 824 pr.
266 752 382 804 Omnino
394 752 421 801 in
430 750 472 801 his
486 753 538 801 oris
548 751 624 802 multi
633 753 702 802 cives
712 753 824 802 Romani
833 751 957 802 videntur
966 749 1128 812 consedisse,

70 833 259 904 ,navigationis
277 844 303 883 et
314 831 483 902 negotiorum
496 848 597 882 caussa.
617 831 776 882 Buthrotum
787 833 875 902 ipsum
886 834 1067 883 Romanorum
1084 847 1130 879 co-

79 914 155 965 lonia
164 914 236 964 facta
246 924 298 976 est,
311 930 334 961 v.
348 911 416 972 Plin.
428 913 463 961 IV
469 915 515 976 ,r
526 911 613 982 Atque
626 913 697 964 intra
705 912 763 964 haec
774 913 980 964 subsistendum.
990 913 1060 962 Nam
1070 908 1129 960 aliis

80 993 247 1062 temporibus
259 992 372 1042 Romani
384 1009 514 1042 summam
526 993 553 1041 in
566 991 689 1061 Epirotas
702 989 888 1042 crudelitatem
899 999 1086 1053 exercuerunt,
1098 998 1130 1036 ut
1189 1014 1190 1017 =

78 1086 175 1125 notum
186 1072 228 1124 vel
243 1089 276 1122 ex
289 1073 363 1122 Livio
375 1073 460 1135 XLV,
474 1073 517 1138 34.
530 1071 597 1136 Alii,
617 1072 714 1142 quibus
727 1073 848 1123 Nunnius
860 1073 908 1122 VII
919 1069 1031 1120 Miscel'l.
1051 1086 1073 1116 c.
1097 1082 1127 1115 ιι

78 1152 196 1223 praeivit,
209 1150 298 1203 Iocum
317 1150 435 1221 Dionysii
454 1149 539 1201 Halic.
559 1148 614 1201 huc
634 1149 744 1201 trahunt
765 1169 797 1201 ex
815 1149 861 1200 lib.
880 1151 907 1202 Ι,
924 1148 953 1198 51
973 1147 1024 1216 (4ι
1038 1145 1062 1213 ),
1082 1142 1131 1192 ubi

78 1233 202 1300 Trojanis
213 1229 271 1281 ab
256 1230 338 1299 Epiro
349 1229 512 1281 solventibus
523 1232 634 1282 comites
643 1249 671 1282 se.
684 1250 714 1282 ac
726 1233 774 1282 viae
784 1230 865 1282 duces
875 1229 1024 1298 adjunxisse.
1035 1234 1128 1275 narrat
1199 1251 1201 1259 ι

79 1310 224 1362 nonnullos
237 1327 267 1360 er
279 1309 387 1370 incolis;
400 1309 513 1362 Romani
522 1310 643 1380 ‚inquit,
657 1311 819 1402 coquationis
831 1321 858 1361 et
873 1307 993 1389 benaicii
1005 1321 1130 1357 memores

79 1390 265 1442 Acamanibas
275 1389 285 1459 (
297 1407 343 1458 qur
336 1389 449 1440 saltem
458 1389 609 1458 Epirotis
584 1391 665 1441 vrcini
677 1402 738 1440 sunt
748 1390 759 1460 )
768 1389 913 1440 Leucadem
923 1377 1129 1438 etAiractorium

80 1467 223 1521 Corinthiis
243 1469 376 1519 ademtam
397 1467 556 1518 addixerunt
563 1479 671 1539 ,atque
687 1468 855 1520 OEniaclcs
846 1487 874 1518 m
887 1467 1026 1594 pristilaam
1043 1462 1129 1514 sedem

79 1548 202 1599 reducere
209 1548 409 1618 penniserunt,
419 1565 451 1597 ex
459 1546 643 1604 Echinadibas
654 1559 743 1598 autem
757 1545 847 1598 insulis
858 1546 970 1616 vectipal
972 1545 997 1594 ia
1007 1561 1067 1593 cum
1079 1542 1130 1604 ΛΕ·

79 1625 140 1679 talis
159 1627 311 1678 communia
333 1625 426 1676 babere
439 1630 585 1699 jusserant.
605 1629 667 1678 Haec
686 1628 837 1697 Dionysius.
859 1624 1000 1675 Graviores
1021 1636 1129 1671 caussas

67 1704 146 1757 alias
157 1703 236 1772 hujus
248 1703 415 1756 liberalitatis
425 1705 551 1756 Romanis
562 1705 658 1770 fuisse,
669 1705 748 1756 facile
760 1704 924 1774 intelligitur.
935 1703 1017 1752 Facta
1027 1697 1129 1749 scilicet

75 1786 139 1850 illa,
160 1803 218 1855 quae
238 1797 358 1850 enarrat,
379 1786 477 1855 partim
495 1785 567 1836 bello
589 1804 650 1836 cum
670 1784 764 1836 AEtolis
786 1785 923 1847 confecto,
937 1781 1035 1851 partim
1055 1775 1128 1828 bello

76 1863 198 1915 Achaico
210 1861 364 1936 profligato,
382 1865 479 1933 partim
492 1865 571 1915 etiam
588 1863 671 1914 ducta
684 1864 717 1915 ab
730 1865 850 1933 Augusto
865 1862 971 1913 Actium
984 1856 1090 1910 colonia
1102 1866 1130 1905 et

76 1941 205 2010 Nicopoli
217 1940 334 1992 condita.
347 1942 447 1994 Leucas
457 1942 566 2012 quidem
575 1943 669 1994 AEtolis
681 1942 787 1994 ademta
798 1962 813 1993 a
820 1942 963 2017 Romanis,
973 1938 1036 1990 hine
1047 1937 1128 1985 Acar·

75 2022 194 2074 nauibus
213 2022 360 2085 restituta,-
367 2021 459 2091 paullo
481 2035 543 2093 post
554 2021 725 2074 Acarnanum
738 2022 852 2073 concilio
865 2023 988 2072 eximitur
1010 2035 1051 2086 ap
1070 2015 1126 2065 Liv

76 2103 163 2165 XLV,
179 2099 220 2150 31
241 2099 415 2150 Anactorium
432 2118 495 2152 vero
508 2101 614 2152 colonia
626 2103 677 2152 luit
689 2099 888 2151 Corinthiorum
906 2099 951 2168 (v.
965 2095 1054 2165 Steph.
1068 2095 1126 2164 Byz

74 2179 104 2231 h.
118 2198 143 2229 v.
157 2191 183 2230 et
192 2177 287 2229 Straba
299 2178 337 2240 X,
350 2197 376 2247 p.
391 2179 441 2244 452
460 2180 483 2249 );
497 2181 528 2230 iis
543 2182 633 2249 itaque
646 2179 781 2230 ademtam
798 2199 813 2230 a
826 2179 967 2240 Romanis,
985 2174 1128 2244 Dionysius

43 2298 45 2302 .
66 2269 179 2311 narrat.
190 2255 274 2308 Iidem
286 2254 418 2307 Corinthii
430 2256 580 2309 Leucadem
588 2270 728 2308 tenuerant
739 2257 780 2326 (v.
796 2257 891 2308 Strabo
901 2275 927 2326 p.
939 2254 998 2306 ead.
1009 2252 1056 2321 B.)
1067 2270 1129 2302 curn
1155 2245 1157 2256 ’

75 2351 136 2389 toto
154 2336 206 2388 hac
223 2335 379 2388 Acarnaniae
397 2349 485 2389 tractu
504 2337 619 2402 literali,
640 2339 719 2389 etiarn
738 2337 922 2400 Ambraciam,
942 2335 975 2386 de
995 2351 1049 2403 qua
1066 2329 1128 2382 vide
1209 2337 1217 2351 ‘

74 2416 198 2488 mythum
217 2417 373 2486 antiquioris
387 2419 434 2468 aevi
447 2437 489 2489 ap.
504 2418 631 2469 Antonin
645 2419 732 2469 Liber
753 2437 775 2469 c.
797 2419 821 2485 4.
836 2417 924 2469 Schol
937 2414 1061 2486 Apollon.
1075 2412 1128 2477 ΙΙΙ,
1197 2475 1202 2482 Ι

79 2513 147 2550 ιιιι
164 2509 190 2548 et
205 2497 279 2550 1216
291 2497 539 2550 OEniadaetandem
551 2498 722 2550 Acarnanum
730 2511 836 2570 ,cnptae
850 2499 982 2550 aLaevino
996 2491 1127 2546 etAEtolis

76 2577 253 2642 contributae,
271 2576 315 2647 (v.
335 2578 390 2630 Liv.
409 2580 507 2644 XXVI,
507 2580 583 2654 24)
602 2598 664 2631 mox
682 2599 749 2650 pace
770 2600 830 2632 cum
848 2579 942 2631 AEtolis
961 2577 1037 2628 victis
1054 2575 1128 2625 facta

74 2657 264 2710 Acarnanibus
277 2673 338 2710 sunt
353 2661 487 2712 restitutae
501 2680 526 2712 v
542 2662 597 2713 Liv.
621 2662 769 2726 XXXVIII,
788 2678 832 2723 11;
846 2679 899 2730 quo
914 2660 986 2711 lacto
999 2655 1088 2708 lorte'
1081 2666 1128 2704 rte·

75 2755 138 2790 rum
149 2748 251 2788 veteres
264 2739 357 2791 incolae
369 2742 444 2793 fuere
457 2741 569 2793 reducti.
585 2744 657 2794 Inter
669 2741 725 2792 haec
744 2753 833 2793 tamen
846 2743 935 2792 omnia
953 2738 987 2790 ad
1000 2756 1049 2801 ea,
1070 2751 1128 2803 quac¹

73 2814 213 2886 Augustus
225 2816 305 2883 fecit,
317 2820 430 2872 maxime
443 2821 590 2892 respexisse
602 2820 688 2874 videri
701 2820 781 2872 debet
792 2833 881 2891 poeta.

329 3065 697 3206 excursus
734 3117 874 3206 xlv.

401 3289 456 3354 De
469 3289 636 3356 Herculeo
652 3289 804 3356 Tarento.

110 3451 163 3515 III,
175 3446 234 3502 551.
252 3448 405 3502 Hincsinas
427 3450 569 3517 Herculei,
591 3453 613 3504 si
625 3470 685 3504 vera
699 3461 736 3502 est
749 3450 846 3521 sama,
865 3449 977 3500 Tarenti
1000 3448 1128 3504 Cernitur.

76 3532 144 3598 Quae
157 3529 190 3581 de
202 3530 318 3582 Tarante
329 3530 411 3583 heroe
424 3544 451 3582 et
462 3531 622 3598 Phalantho,
642 3531 843 3584 Partheniarum
852 3530 965 3581 duotore
982 3528 992 3600 (
1008 3548 1033 3581 v.
1046 3528 1133 3582 Strab.

75 3611 129 3673 VI,
151 3627 178 3678 p.
205 3609 254 3677 278
280 3628 338 3682 sqq.
359 3613 393 3662 cf.
415 3629 472 3682 sup.
494 3609 529 3662 ad
549 3614 585 3662 IV
608 3611 704 3683 Georg.
729 3609 818 3680 125),
843 3609 948 3660 Servius
974 3621 1000 3660 et
1021 3608 1066 3660 alii
1086 3607 1131 3659 hic

77 3702 243 3755 memorant,
264 3691 351 3744 aliena
369 3705 440 3743 sunt.
467 3693 536 3743 Nam
557 3693 657 3757 Taras,
683 3693 792 3744 Tarenti
811 3690 948 3755 conditor,
977 3690 1131 3741 notissimus

76 3766 177 3818 illevel
198 3787 211 3818 e
232 3769 437 3822 Tarentinorum
456 3772 542 3820 numis
566 3769 576 3839 (
600 3790 623 3822 v.
641 3769 740 3821 Eckhel
762 3782 824 3840 post
842 3769 983 3829 Golzium,
997 3769 1130 3837 Magnan,

75 3845 237 3898 Pellerinum
249 3847 341 3920 Suppl.
355 3851 400 3904 IV
408 3870 443 3900 aa
455 3848 564 3913 Recaeil
574 3850 616 3901 des
628 3847 766 3900 oredaitles
778 3851 814 3901 ad
822 3847 860 3921 pl.
877 3849 917 3911 II,
934 3845 999 3916 ιο),
1013 3845 1131 3913 Neptuni

77 3926 132 3978 fuit
144 3922 226 3992 filius,
245 3927 365 4000 nihilque
380 3930 462 3984 habet
474 3946 613 3982 commune
627 3947 687 3982 curn
703 3929 824 3984 Ilerculc.
844 3925 1009 3980 Phalanthos
1028 3935 1131 3986 autern,
