2690 4594
149 225 152 233 '
228 257 292 344 470
558 243 827 312 excursus
849 243 940 308 xiv

229 397 309 450 quem
324 375 429 430 Servius
442 383 565 426 omarum
587 373 620 424 ab
639 372 753 424 Hercule
773 372 852 438 facit,
868 371 938 422 ultra
957 381 1095 423 trecentus
1118 390 1206 426 annor
1222 388 1277 446 post

228 462 346 529 Trojtma
358 471 479 527 tempora
491 456 563 505 vixit.
581 453 641 505 ride
653 453 695 505 vel
708 452 820 504 Simeon.
833 451 958 504 Chronic.
972 454 1069 522 Neque
1082 472 1135 524 per
1147 456 1277 527 prolepsin

227 541 304 611 loqui
316 551 423 612 poetam
435 535 580 590 admodum
591 534 688 598 velim,
702 533 775 605 quod
784 532 937 585 Mazoehius
949 532 1091 604 amplexus
1102 548 1145 586 est
1157 536 1193 588 de
1205 538 1276 588 Tull.

228 617 393 670 Hemcleens.
407 615 498 668 Prodr.
512 633 535 666 c.
549 615 580 680 4,
596 613 643 666 uhi
654 613 744 664 multis
762 612 796 664 de
816 613 931 664 Tarento
949 625 1041 664 vetere
1063 616 1130 685 agit.
1151 617 1222 668 Nam
1240 617 1276 666 Je

228 698 353 763 ducenis,
372 698 418 768 qui
436 695 470 750 de
482 695 592 766 Antiqu.
606 705 633 745 et
646 712 701 745 our.
710 693 824 764 senuna
840 695 945 746 Terent.
961 695 1085 764 scripsit,
1098 695 1169 748 nihil
1187 696 1221 747 de
1237 715 1277 747 suo

230 779 328 832 attulit.
339 779 440 831 Ceteris
450 777 691 830 Grammaticorum
703 775 776 846 apud
786 775 904 826 Servium
916 777 994 847 nugis
1004 776 1210 846 praeferendum
1220 777 1279 842 boc,

230 857 305 930 quod
321 860 450 929 Pompon.
464 855 526 908 sab.
543 855 640 908 habet:
664 855 808 906 Tarentum
820 855 867 906 sub
884 853 1008 906 Herculis
1020 854 1108 906 tutela
1119 857 1196 926 fuit3
1211 858 1237 908 in
1255 876 1281 908 cn

227 939 379 990 servabatur
389 935 511 989 Herculis
522 935 594 988 teneo
616 936 703 1008 imaqo
722 954 738 984 a
754 933 868 1006 Iysippo
881 933 973 1004 facto,
998 953 1083 1006 quarn
1100 936 1199 988 Fabius
1214 937 1279 988 Mar.

229 1019 341 1070 secundo
354 1015 421 1069 bello
432 1017 536 1069 Punico
549 1017 631 1068 victor
642 1015 670 1066 in
686 1013 847 1087 Capitolium
860 1013 996 1068 transtulit
1008 1013 1020 1084 (
1032 1034 1058 1065 v.
1074 1015 1145 1067 Ptin:
1160 1017 1279 1075 XXXIV,

231 1116 263 1166 7,
277 1116 297 1149 s.
317 1099 375 1170 18).
389 1097 441 1150 Sed
455 1097 616 1167 Pomponius
628 1115 643 1147 e
655 1095 786 1147 Strabone
806 1097 899 1146 sumsit
918 1095 965 1146 lib.
982 1096 1034 1160 Vl,
1054 1115 1082 1166 p.
1103 1093 1206 1166 378'13,
1218 1095 1281 1147 unde

229 1191 319 1229 tamen
336 1180 469 1249 posterius
487 1191 592 1229 tantum
605 1177 740 1229 firmatur:
755 1187 781 1227 at
797 1178 871 1246 prius
884 1175 965 1241 illud,
979 1175 1055 1246 quod
1067 1177 1219 1228 Tarentum
1237 1176 1281 1228 sub

229 1257 351 1309 Herculis
362 1258 445 1310 tutela
456 1257 523 1321 fuit,
538 1259 587 1308 etsi
599 1256 626 1307 id
644 1275 676 1307 ex
690 1274 722 1308 eo
735 1255 876 1326 probabile
892 1257 982 1307 faeere
999 1257 1106 1326 possis,
1119 1255 1196 1325 quod
1208 1256 1282 1307 ducta

231 1335 404 1408 postmodum
415 1355 447 1388 eo
458 1355 489 1389 ex
498 1336 688 1389 Lacedaemone
698 1337 805 1388 colonia
813 1335 964 1400 Herculem,
974 1327 1070 1406 utpote
1080 1336 1281 1388 Romulidarum

231 1433 340 1466 suorum
351 1429 502 1482 auctorem,
515 1419 636 1486 inprimis
645 1417 768 1488 religiose
778 1416 865 1468 colere
873 1415 980 1477 debuit;
990 1427 1018 1468 et
1027 1418 1206 1486 reperiuntur
1216 1418 1283 1467 numi

230 1494 437 1547 Tarentinorum
450 1515 510 1548 cum
525 1497 646 1548 Herculis
665 1498 767 1565 capite,
788 1508 886 1548 etcum
904 1495 1020 1547 Hercule
1031 1494 1174 1567 clavigero
1186 1495 1281 1547 leonem

70 1573 73 1582 ’
138 1573 149 1588 ‘
233 1575 397 1637 suffocante;
409 1580 451 1644 (r.
463 1595 534 1627 nuno
542 1575 650 1627 Eclrhel.
661 1577 790 1626 Doctrina
798 1576 908 1626 Numor.
921 1586 974 1626 vet.
985 1575 1063 1624 Torn.
1072 1575 1092 1624 1.
1106 1577 1133 1624 P.
1145 1577 1167 1626 1.
1177 1593 1204 1644 p.
1216 1575 1283 1646 147.)

230 1663 320 1704 tamen
332 1653 366 1706 de
379 1673 410 1706 co
421 1669 501 1726 poeta
509 1657 626 1726 cogitare
634 1673 689 1705 non
699 1657 801 1725 potuit,
812 1655 938 1724 quoniam
949 1651 1027 1704 addit
1038 1653 1076 1704 :si
1083 1670 1146 1702 vere
1157 1652 1281 1722 estfamo·

231 1733 271 1784 De
283 1735 375 1786 fabula
384 1747 473 1788 vetere
486 1738 529 1807 agi
539 1738 629 1806 itaque
641 1753 749 1787 necesse
761 1746 807 1786 est.
826 1732 977 1804 Erythraeus
989 1735 1022 1783 in
1035 1732 1129 1784 ludica
1141 1734 1232 1804 Virg.,
1243 1734 1285 1782 Ju-

231 1815 291 1864 nius
303 1816 315 1864 I
327 1815 525 1868 Animaduerto.
542 1835 573 1886 9,
589 1829 628 1881 et,
649 1819 695 1886 qui
713 1819 745 1867 iis
764 1815 882 1885 praeivit,
902 1813 1062 1864 Parrhasius
1074 1815 1104 1864 in
1116 1812 1202 1864 docto
1212 1812 1284 1862 Coro-

232 1904 313 1942 ment.
328 1894 362 1944 ad
374 1894 514 1946 Claudiam.
526 1913 557 1948 ex
569 1895 711 1946 Aristotele
730 1893 764 1946 de
783 1893 879 1944 Mireb.
899 1893 1021 1946 Auscult.
1043 1892 1136 1943 locum
1157 1894 1285 1956 afferunt,

234 1991 287 2042 quo
302 1975 430 2043 probent,
445 1976 479 2027 ab
491 1977 604 2046 Hercule
623 1975 769 2045 aliquando
782 1987 889 2045 captum
910 1973 952 2024 vel
972 1975 1107 2024 insessum
1127 1974 1285 2024 Tarentum

234 2057 297 2123 quin
310 2068 418 2124 poetam
430 2057 527 2108 rerba:
541 2057 649 2126 sifama
662 2067 699 2107 est
710 2074 787 2120 vera,
800 2055 852 2106 hoc
864 2065 977 2125 propter
989 2055 1080 2123 ipsum
1094 2053 1243 2122 adjecisse,
1260 2066 1285 2102 ut

231 2137 381 2191 Aristotelis
394 2136 445 2188 fide
455 2155 510 2188 non
522 2137 602 2207 plane
621 2156 649 2188 se
668 2150 738 2188 stare
750 2135 915 2195 ostenderem
936 2133 965 2184 id
977 2133 1054 2204 quod
1074 2133 1157 2204 plane
1175 2133 1287 2185 insolens

233 2214 346 2267 videtur.
357 2217 451 2286 Neque
461 2218 488 2267 in
507 2216 666 2267 Aristotelen
681 2216 741 2266 loco
757 2213 802 2283 (v.
816 2215 846 2264 T.
860 2215 883 2263 ΙΙ
896 2211 938 2265 ed.
952 2210 990 2263 du
1002 2211 1067 2283 val.
1077 2231 1105 2282 p.
1121 2214 1196 2285 729)
1209 2213 1286 2264 ullum

235 2311 340 2359 eorum,
355 2312 412 2364 quae
424 2294 487 2346 inde
500 2293 617 2362 ducunt,
635 2307 674 2346 est
685 2294 832 2364 vestigium.
853 2291 924 2343 Male
944 2293 1026 2343 etiarn
1046 2292 1138 2342 locum
1159 2294 1287 2362 interpre-

233 2385 338 2439 tantur,
359 2375 392 2426 de
412 2393 466 2445 quo
487 2374 565 2427 docte
582 2377 636 2446 egit
653 2373 773 2426 Mazoch.
794 2372 830 2422 ad
848 2371 927 2423 Tabb.
948 2370 1058 2422 Heracl.
1075 2391 1103 2442 p.
1126 2389 1159 2439 7²
1180 2391 1239 2442 sqq.
1256 2371 1288 2420 Er

233 2455 347 2504 Pausan.
361 2453 398 2519 X,
414 2471 458 2519 10,
470 2457 530 2524 qui,
544 2473 601 2525 quae
621 2455 667 2506 alii
686 2454 719 2506 de
735 2451 852 2525 Myscelo
866 2450 1051 2517 tradiderant,
1066 2451 1102 2503 ad
1113 2451 1288 2504 Pbalanthun

164 2576 166 2580 .
233 2535 375 2598 transfert,
388 2548 513 2604 apparet,
526 2537 692 2587 narrationes
705 2534 738 2586 de
749 2534 858 2586 Tarenti
869 2545 895 2585 et
904 2532 1032 2584 Crotonis
1043 2533 1198 2606 originibus
1212 2535 1288 2584 fuisse

235 2612 304 2661 inter
313 2629 341 2661 se
351 2626 515 2680 permutatas
528 2634 544 2665 a
555 2615 699 2666 nonnullis.
710 2617 763 2666 Fac
772 2614 912 2685 Virgilium
924 2615 952 2664 in
963 2614 1046 2665 talem
1056 2615 1219 2684 scriptorem
1227 2615 1287 2664 inci·

236 2688 320 2748 disse;
333 2691 370 2740 ita
389 2691 497 2760 Herculi
514 2691 605 2744 debita
623 2696 699 2766 origo
718 2694 841 2745 Crotonis
854 2693 979 2745 traducta
996 2693 1032 2744 ad
1052 2694 1213 2745 Tarentum.
1228 2693 1288 2744 Sane

236 2767 361 2820 totalitec
373 2771 455 2822 Italiae
472 2789 533 2836 ora,
552 2784 582 2822 ut
600 2776 701 2843 passim
718 2774 775 2825 alite
794 2773 875 2824 lteliae
895 2785 1003 2843 partes,
1023 2773 1156 2824 fabulosa
1175 2771 1289 2825 Herculis

235 2862 408 2901 monumenta
418 2850 583 2905 ostendebat.
597 2853 667 2920 rid,
678 2866 775 2922 preter
784 2852 855 2904 Serv.
868 2850 936 2903 adv.
949 2850 1017 2916 552,
1027 2851 1185 2902 Diodorum
1194 2853 1242 2915 IV,
1254 2866 1287 2901 ao-

237 2945 267 2982 21
284 2946 341 3000 sqq.
355 2929 440 2985 Strab.
453 2933 502 2997 VI,
515 2951 541 3002 p.
557 2933 603 2984 281
622 2934 651 2984 C.
664 2933 743 2985 Ovid.
754 2934 818 2985 Met.
830 2933 894 2996 XV,
907 2949 924 3000 9
936 2949 996 3002 sqq.
1007 2933 1044 2983 ef.
1053 2932 1169 3004 Dionys.
1180 2931 1261 2983 Helie.
1270 2930 1288 2990 Ι,

237 3008 358 3078 39-44.
372 3010 405 3060 Et
417 3025 474 3062 erat
486 3014 513 3063 in
526 3025 643 3065 extrema
654 3013 732 3064 ltalia
741 3013 862 3064 Herculis
873 3015 983 3077 Portus,
996 3015 1220 3083 promontorium
1229 3014 1288 3063 Her-

163 3115 166 3122 ·
236 3088 357 3150 culeum;
380 3103 437 3142 erat
458 3093 537 3146 etiam
556 3093 686 3146 Heraclea
704 3093 784 3159 urbs,
804 3093 905 3164 deque
920 3093 1080 3148 Mazuchius
1095 3096 1210 3165 copiose
1229 3093 1288 3164 egit,

238 3166 399 3237 quamquam
416 3189 448 3222 ea
467 3172 501 3222 ab
518 3172 594 3222 initio
610 3172 740 3238 ‘rupendo
760 3173 832 3224 dieta
853 3171 965 3243 (Schol.
980 3173 1120 3244 Lycophr.
1135 3173 1172 3226 ad
1188 3191 1213 3224 r.
1227 3171 1289 3242 978)

237 3247 337 3315 templo
352 3250 440 3316 potius
454 3250 588 3316 Herculis,
606 3250 679 3320 quod
691 3252 729 3303 ibi
741 3253 805 3316 fuit,
821 3267 918 3304 nomen
931 3251 1061 3305 debuisse
1079 3253 1199 3305 videtur.
1217 3252 1289 3322 Igitur

236 3337 326 3374 manet
337 3324 403 3389 hoc,
423 3330 560 3398 antiquam
579 3329 698 3400 aliquam
714 3331 849 3396 fabulam,
872 3350 930 3403 quae
942 3351 1017 3384 nunc
1030 3345 1100 3386 nota
1118 3345 1244 3396 nonest,
1263 3328 1290 3378 dt·

237 3401 346 3454 Tarenti
359 3406 504 3477 originibus
516 3409 624 3462 Herculi
637 3409 777 3482 adscriptis
790 3423 876 3484 poeta
888 3411 915 3463 b.
931 3411 949 3464 l.
963 3413 991 3462 in
1006 3414 1102 3464 animo
1117 3413 1212 3464 luisse.
