2742 4586
532 291 798 356 EXCURSUS
821 288 967 357 XXIII.

454 628 817 720 excursos
852 581 1052 716 xxiii·

497 803 616 870 Teucri
630 803 679 870 ud
695 801 845 871 Sidonios
858 827 1013 869 accessus.

270 973 296 1035 I,
313 963 472 1037 619-626.
495 962 583 1037 Atque
609 965 731 1036 equidem
759 966 889 1016 Teucrum
917 963 1028 1015 memini
1049 963 1147 1016 Sidona
1170 966 1280 1032 venire,

204 1075 206 1080 ·
236 1049 344 1104 Finibus
363 1042 500 1116 expulsum
511 1043 621 1112 patriis5
640 1062 707 1095 nova
723 1060 802 1115 reqna
818 1053 949 1114 petentem
961 1040 1073 1092 Auxilio
1085 1041 1144 1093 Beli
1156 1065 1164 1092 .·
1175 1046 1282 1116 qenitor

170 1116 173 1124 ⁴
209 1138 211 1142 '
235 1142 293 1182 tum
309 1125 388 1180 Belus
404 1123 520 1196 opimam
537 1123 662 1176 Vastuhot
685 1125 799 1194 Cyprum
811 1133 838 1173 et
853 1122 937 1173 victor
955 1121 1055 1172 ditione
1067 1123 1177 1173 machot.
1194 1125 1282 1176 Multa

237 1229 297 1262 cum
310 1219 366 1258 arte
378 1217 404 1257 et
416 1206 559 1274 sagacitate
569 1201 625 1253 baec
639 1221 671 1256 ex
689 1205 851 1274 tragicorum
862 1203 961 1254 fabulis
979 1201 1014 1254 ad
1024 1203 1152 1270 majorem
1163 1206 1203 1256 rei
1215 1223 1282 1276 pro-

191 1339 194 1346 ,
233 1287 401 1340 habilitatem
413 1282 529 1333 traduxit
540 1295 629 1353 poeta.
643 1284 761 1346 Teucer,
774 1282 858 1334 redux
870 1301 886 1334 a
901 1283 995 1351 Troja,
1009 1299 1025 1332 a
1042 1291 1118 1350 patre
1132 1282 1281 1336 Telamone

234 1387 328 1439 aspere
354 1376 495 1435 acceptus,
520 1366 574 1415 sive
594 1363 668 1433 quod
692 1365 803 1415 fratrem
819 1364 928 1433 Ajacem
946 1380 1001 1413 non
1024 1373 1093 1413 esset
1109 1362 1200 1428 ultus,
1225 1367 1281 1414 sive

234 1451 288 1502 alia
306 1449 339 1500 de
361 1462 456 1498 caussa
476 1443 515 1513 (v.
534 1443 641 1514 Seru),
660 1462 747 1514 neque
768 1446 796 1494 in
815 1443 929 1494 insulam
952 1441 1111 1494 Salaminem
1133 1443 1280 1506 admissus,

233 1533 303 1584 forte
315 1527 408 1579 Pboebi
421 1537 548 1596 accepta,
559 1526 711 1595 profectus,
721 1543 818 1576 novam
832 1524 991 1576 Salaminem
1003 1527 1032 1575 in
1046 1523 1134 1595 Cypro
1148 1524 1279 1576 condidit.

232 1611 324 1662 Plures
343 1607 418 1657 fuere
436 1603 516 1671 hujus
535 1606 685 1675 argumenti
697 1606 803 1674 tragicae
819 1603 926 1654 fabulae.
939 1604 1018 1655 Nunc
1034 1623 1067 1656 ea
1083 1602 1116 1655 de
1132 1621 1161 1655 re
1178 1604 1282 1656 Helena

233 1773 306 1822 mina
313 1805 322 1832 ,
335 1764 406 1817 unde
416 1766 541 1816 Horatius
553 1767 564 1816 I
574 1765 660 1816 Carm.
676 1783 691 1835 7
704 1766 846 1834 expressit,
864 1766 916 1815 nisi
928 1765 949 1816 is
959 1768 1102 1818 Pacuvium
1115 1778 1175 1817 ante
1187 1766 1281 1817 ocrrlos

231 1847 334 1899 habuit.
356 1863 381 1892 v.
400 1842 456 1894 Cic.
473 1843 497 1891 ll
516 1842 550 1894 de
574 1842 621 1894 Or.
642 1843 685 1909 46.
709 1844 769 1894 Jam
789 1840 907 1913 Cyprum
929 1863 945 1894 a
973 1842 1141 1894 Phoenicibus
1165 1843 1280 1895 coloniis

230 1927 314 1976 inisse
330 1923 545 1992 frequentatam,
565 1933 645 1992 atque
666 1923 747 1973 etiam
770 1920 871 1973 ditione
892 1921 1030 1986 habitam,
1049 1921 1091 1974 vel
1109 1924 1166 1992 ipse
1186 1923 1280 1973 insulse

231 2008 296 2056 situs
316 1999 457 2074 probabile
469 2000 541 2052 facit.
562 2003 642 2054 Forte
662 2015 751 2053 tamen
770 2014 797 2053 et
817 2001 989 2054 historiarum
1001 2015 1174 2054 monumenta
1194 2003 1281 2055 tradi-

231 2086 341 2147 derant,
364 2101 380 2133 a
397 2083 482 2152 Tyriis
506 2081 548 2134 vel
567 2081 703 2146 Sidoniis,
726 2094 752 2134 et
776 2081 883 2153 quidem
908 2103 924 2136 a
944 2083 1007 2134 Belo
1032 2083 1143 2153 aliquo,
1162 2083 1280 2156 Cyprum

230 2167 312 2217 fuisse
326 2162 399 2214 hello
416 2163 535 2231 petitam.
548 2162 641 2213 Paullo
662 2175 751 2213 tamen
767 2161 890 2214 licentius
902 2164 930 2212 in
942 2162 998 2227 his,
1008 2165 1068 2232 jure
1088 2162 1280 2232 quidemsuo,

229 2257 350 2298 versatur
366 2255 455 2314 poeta.
475 2244 550 2294 Facit
568 2243 637 2308 Beli,
657 2243 719 2314 Tyri
737 2244 823 2314 regis,
837 2242 927 2296 sedem
939 2243 1080 2308 Sidonem,
1094 2261 1152 2314 quae
1171 2255 1280 2308 tamen,

145 1747 146 1750 Ἴ
233 1691 325 1760 Eurip.
339 1688 373 1755 89
382 1703 440 1755 sqq.
452 1683 500 1749 144
511 1701 568 1754 sqq.
581 1696 620 1734 est
630 1683 802 1736 consulenda.
811 1683 1036 1736 Extiteruntiorte
1045 1686 1125 1736 etiam
1134 1683 1283 1755 lyricacar·
1357 1699 1359 1704 ’

229 2325 352 2394 Trojanis
371 2321 464 2373 saltem
482 2322 664 2394 temporibus,
676 2341 739 2374 suos
752 2340 826 2394 reges
838 2325 898 2393 ipsa
908 2321 1003 2374 habuit
1015 2319 1065 2390 (cf.
1082 2321 1117 2373 ad
1131 2321 1278 2374 Gutlirium
1357 2357 1358 2360 κ

229 2405 260 2454 T.
274 2405 337 2472 1,p.
352 2402 427 2472 439).
440 2401 562 2453 Paridem
576 2401 702 2454 Sidonem
721 2405 824 2454 venisse
840 2415 866 2454 et
879 2403 974 2454 urbem
985 2403 1125 2467 evertisse,
1139 2415 1279 2455 narratam

230 2495 288 2535 erat
297 2483 325 2531 in
337 2481 454 2552 Cypriis,
467 2494 496 2531 ut
504 2500 536 2532 ex
547 2482 698 2553 fragmento
707 2482 794 2534 Procli
804 2483 932 2534 Escurial.
947 2480 1036 2534 didici.
1048 2483 1204 2535 Accesserat
1216 2502 1279 2536 mox

230 2562 265 2613 ad
285 2561 409 2632 Cinyram
429 2561 584 2613 Palamedes
598 2564 626 2613 iu
644 2562 761 2635 Cyprum
773 2565 869 2614 missus
882 2561 917 2614 ad
935 2565 1090 2615 societatem
1105 2562 1169 2614 belli
1181 2577 1279 2634 peten-
1356 2613 1357 2624 ,

230 2640 293 2691 dam
307 2661 312 2688 =
324 2638 398 2708 quod
413 2659 445 2692 ex
456 2640 565 2705 eodem,
582 2653 612 2692 ut
624 2645 762 2714 suspicor,
775 2644 891 2694 carmine
905 2654 1029 2694 narratur
1041 2643 1069 2691 in
1080 2640 1276 2694 Alcidamantis

230 2717 276 2769 Or.
288 2719 317 2768 in
324 2717 458 2770 Palamed.
467 2739 493 2790 p.
506 2719 547 2791 73.
558 2720 666 2773 Fundus
679 2733 736 2773 erat
748 2721 823 2773 lliad.
834 2736 864 2781 λ,
877 2721 988 2773 20-23.
999 2722 1081 2770 Porro
1091 2718 1151 2771 Beli
1161 2738 1276 2786 nomen,

229 2808 358 2866 tanquam
370 2797 493 2865 mollius,
512 2811 583 2851 recte
593 2801 709 2872 praetulit
721 2812 803 2871 poeta
813 2819 876 2852 vero
887 2802 1003 2863 nomini,
1022 2799 1095 2870 quod
1108 2812 1185 2871 pater
1196 2801 1275 2852 Elisa
1355 2841 1356 2880 ,

227 2887 255 2928 et
276 2875 465 2948 Pygmalionis,
477 2879 538 2950 Tyri
550 2898 616 2944 rex,
637 2879 732 2932 hahuit
743 2880 881 2951 Mutyom's
900 2880 943 2932 vel
963 2879 1084 2951 Matqeui
1101 2898 1143 2950 ap.
1161 2880 1272 2950 loseph.
1355 2891 1356 2898 ¹

227 2956 257 3004 ia
270 2955 366 3026 Apion.
385 2956 409 3017 l,
430 2976 458 3028 p.
477 2975 548 3027 927,
569 2959 713 3011 Mettinum
724 2997 733 3024 ,
753 2957 1031 3025 meramnum
1055 2957 1192 3030 appellant
1212 2958 1274 3026 alii,

229 3051 254 3085 v.
268 3035 303 3087 ad
314 3037 415 3110 lustin.³
430 3039 529 3104 XVIII,
542 3040 577 3106 4,
595 3040 618 3091 3.
632 3039 709 3092 Adde
728 3039 799 3091 Serv.
816 3039 851 3091 ad
862 3041 919 3092 AEn.
936 3042 961 3105 l,
976 3039 1036 3107 343.

451 3343 814 3434 EXCURSUS
846 3345 1036 3434 XXIV.
1140 3407 1145 3418 .

654 3521 840 3589 narrans.

261 3671 286 3736 l,
298 3671 359 3725 653.
373 3673 501 3726 Praeterea
513 3687 658 3746 sceptrum,
671 3676 758 3732 Ilione
770 3683 842 3754 quod
855 3693 968 3756 gesserat
984 3678 1057 3734 olim.
1074 3685 1187 3740 Ilionem
1201 3691 1271 3741 inter
1351 3735 1352 3742 ,

137 3755 139 3762 ’
225 3751 322 3802 Priami
340 3750 407 3804 filias
432 3753 466 3804 ab
483 3753 649 3824 Apollodoro
665 3769 692 3808 et
713 3761 843 3812 similibus
866 3765 1009 3814 memorari
1029 3782 1084 3814 nou
1101 3765 1212 3832 videas,
1236 3770 1270 3820 ab

225 3829 327 3900 Hygino
340 3842 429 3882 tamen
441 3831 494 3882 tab.
515 3832 564 3898 243
582 3845 609 3885 et
623 3851 671 3906 109
690 3840 863 3911 extragoedia
877 3842 977 3892 scillcet
990 3841 1141 3894 Graecorum
1160 3849 1270 3918 aliqua,

226 3926 284 3977 quai
305 3911 413 3960 interiit.
437 3909 483 3959 Est
505 3909 543 3962 ibi
565 3911 613 3964 illa
630 3915 822 3988 Polymnestori
842 3919 975 3972 Thracum
999 3922 1055 3992 regi
1071 3935 1172 3993 nupta,
1192 3926 1271 3978 etad

226 4003 285 4038 cam
296 3988 379 4039 freter
391 3987 537 4060 Polydorus
550 3989 704 4048 educandus
717 3999 837 4050 mittitur.
851 4000 937 4052 Etiam
948 4001 1056 4052 Pacuvii
1071 4003 1205 4075 tragoedia
1219 4003 1271 4056 bor,
