2694 4574
401 279 465 344 DE
489 283 685 362 RERUM,
710 303 792 350 nro.
1075 292 1113 366 53

70 407 103 468 Il.
124 423 183 468 11:
207 402 295 470 Tum
308 401 463 468 Anclu'sa
483 409 692 492 conjiciente,
714 409 808 472 illum
829 429 898 472 esse
913 412 1117 479 misen'antm

69 513 247 600 erroresque
255 509 387 600 finem,
409 513 529 599 quippe
551 515 763 594 naeminerat,
789 513 948 580 Venerem
968 516 1036 588 sibi
1057 521 1119 584 ali·

68 615 200 706 qnando
211 614 411 702 praednnse
425 633 487 681 etc.
511 633 543 680 et
563 641 634 705 cap.
657 641 694 705 9,
716 643 755 685 ex
774 620 959 686 Alexandro
972 623 1119 712 Ephesio

69 721 123 784 lib.
138 724 168 801 Ι,
184 719 227 786 de
243 721 332 784 bello
344 721 506 786 Marsico:
525 761 563 770 —
578 721 680 786 Idam
688 728 790 808 petit,
802 723 909 814 ibipue
923 727 1120 815 navt'busfit

70 828 203 894 hneatt's
215 867 254 876 -
266 829 393 894 oraculi
411 827 582 892 admonitu
600 828 739 894 Italiam
752 835 852 916 petit,·
874 850 907 896 et
920 836 1068 926 Dionys..
1087 841 1116 918 l,

72 935 109 1002 55
121 977 160 985 -
170 959 215 1002 ne
230 936 266 1000 in
281 935 455 1000 ulteriores
470 938 614 1024 Europae
629 955 738 1029 pones
750 939 861 1004 classis
873 942 1015 1031 Trojano
1029 947 1121 1012 nevi·-

70 1059 174 1132 galjet,
191 1053 218 1110 oi
232 1076 261 1109 τε
275 1050 393 1130 χρησμοὶ
408 1047 530 1118 ἐγένοντο
544 1049 645 1118 αἴτιαι,
661 1049 742 1112 τέλος
756 1050 886 1118 λιζᾶιτες
900 1050 925 1114 ir
940 1054 1050 1121 totiens
1063 1059 1121 1124 τοῖς

69 1154 175 1235 χωρίοις
187 1157 236 1214 nni
248 1154 279 1214 ei
292 1151 428 1232 daupeinai
440 1158 595 1230 πολλαχῢς
605 1151 650 1220 eir
666 1155 765 1215 inveni
778 1155 908 1240 ,sodium
922 1155 1122 1238 indictionem.

70 1257 187 1320 Norint
202 1252 282 1318 inde
294 1255 494 1343 portentum
506 1255 648 1341 appulsu
660 1253 702 1318 ad
717 1257 924 1323 Laurentum
934 1259 1032 1340 fecte,
1046 1260 1124 1328 leti·

70 1384 122 1426 ces
142 1360 247 1426 fontis
261 1377 399 1450 repente
419 1383 437 1424 e
454 1377 541 1427 terra
555 1361 780 1448 prosilientes,
796 1385 925 1430 menses
937 1365 1120 1448 absumere,

71 1484 108 1536 et
120 1490 242 1532 vocem
264 1489 304 1530 ex
323 1467 400 1532 luco
422 1484 561 1556 repente
579 1464 735 1532 auditam.
757 1471 799 1532 At
817 1469 947 1559 Sibyllae
956 1474 1121 1553 monitus,

72 1597 154 1663 quos
169 1573 227 1638 alii
242 1572 323 1637 ibid.
335 1572 426 1662 apud
441 1574 577 1662 Dionys
594 1575 624 1653 Ι,
647 1572 703 1652 55,
719 1573 867 1663 Erythris
880 1591 1033 1665 acceptos
1048 1601 1123 1644 ner-

71 1696 200 1760 rarunt,
217 1703 370 1770 quosque
385 1678 539 1767 Tibullus
553 1679 601 1760 Il,
619 1679 652 1754 5,
671 1702 759 1743 novo
771 1681 936 1768 exemplu,
953 1700 1052 1749 oestro
1067 1707 1122 1748 va-

71 1786 241 1852 ticinantis
250 1786 284 1848 in
296 1786 434 1872 elegiam
447 1785 551 1862 illata,
563 1785 717 1872 arripuit,
729 1786 887 1874 praeteriit
901 1789 1005 1867 Maro,
1019 1813 1124 1878 quum

70 1890 295 1982 Sibylleealius
304 1891 398 1958 locus
406 1891 611 1972 intermine,
623 1891 694 1956 aliae
705 1908 814 1980 partes
823 1910 945 1974 essent,
957 1895 991 1958 in
1000 1895 1055 1961 lib.
1065 1899 1122 1960 VI.

72 1998 204 2064 Interea
223 1997 370 2086 Apollini
387 1999 523 2069 omnino
540 1997 648 2062 honos
665 1997 720 2060 ille
735 1998 855 2062 mansit
871 2018 1066 2088 perpetuus,
1087 2021 1126 2066 ut

71 2105 113 2170 ad
135 2127 215 2170 eum
237 2105 383 2168 fatorum
401 2107 511 2168 AEneae
534 2121 567 2168 et
587 2119 812 2192 posterorum,
837 2104 1004 2192 Italiaeque
1023 2107 1064 2170 eb
1085 2109 1125 2174 iis

71 2227 258 2300 occupatae,
280 2208 385 2275 fatalis
404 2208 487 2273 ordo
505 2209 696 2274 referretur.
715 2206 834 2270 Nobile
849 2206 1077 2274 illudHorutii
1091 2212 1126 2275 in

70 2320 227 2384 Carmine
240 2318 407 2385 saeculari:
431 2314 569 2381 Condito
583 2317 671 2383 mitis
683 2331 716 2378 et
731 2337 802 2403 sqq.
819 2312 927 2380 Roma
940 2319 972 2379 si
981 2334 1126 2384 oestrum

69 2443 121 2492 est
137 2450 242 2512 opus,
261 2423 399 2514 Iliaeque
419 2423 513 2488 Litus
532 2422 706 2486 Etntseum
726 2436 856 2484 tenuere
874 2436 1007 2497 turmae,
1026 2422 1125 2504 Jnssa

70 2531 247 2616 (oraculo)
257 2553 339 2616 pars
352 2544 479 2592 mutare
492 2526 596 2620 Lares
609 2543 670 2590 etc.
684 2524 761 2589 add.
776 2528 810 2589 C.
822 2527 878 2604 IV,
893 2527 929 2608 6,
947 2529 976 2592 3.
995 2551 1045 2593 21.
1060 2533 1123 2595 Re·

69 2639 180 2703 fcrtur
192 2658 329 2726 quoque
340 2633 420 2698 ibid.
434 2657 485 2698 21.
499 2632 542 2698 ad
552 2655 766 2698 communem
776 2633 937 2719 Apollinis
946 2637 1124 2702 etVeneris

71 2766 227 2834 operam,
242 2757 279 2806 ut
291 2740 400 2830 Trojae
412 2739 577 2805 excidium
595 2756 670 2829 post
687 2737 823 2802 Achillis
841 2738 905 2802 feta
918 2739 1123 2822 differretur,

69 2874 114 2916 ne
128 2849 241 2915 omnis
253 2846 475 2936 Trojanorunr
487 2846 586 2933 stirps
598 2869 617 2908 a
631 2845 786 2908 saeviente
799 2843 855 2906 illo
865 2844 1123 2913 exscinderetur.
1152 2833 1172 2908 .'

114 2944 211 3020 vill.
229 2955 344 3018 Fuisse
359 2953 458 3018 etiam
471 2953 633 3016 somnium
646 2948 783 3037 aliquod
798 2951 912 3014 AEneae-
923 2950 1126 3018 celebratum

67 3091 88 3130 a
101 3063 234 3142 multis,
251 3084 291 3125 ex
302 3053 369 3126 Cic.
383 3057 425 3124 de
436 3058 509 3122 Div.
525 3059 553 3136 Ι,
570 3079 625 3136 21,
639 3072 792 3144 apparet:
806 3051 882 3120 Sirtt
892 3054 977 3131 lzaee,
989 3074 1026 3122 ut
1034 3057 1125 3133 deni,

67 3172 210 3252 somata·
217 3165 431 3252 firbnlarntn,
451 3162 564 3253 linque
581 3161 782 3250 αιῆιιηςαιιιν
796 3162 897 3224 etiam
914 3164 1023 3225 AEneae
1038 3186 1125 3227 som·

67 3281 191 3344 nium:
212 3271 301 3365 quod
317 3275 352 3336 in
370 3270 523 3335 Numerii
538 3267 640 3333 Fabii
656 3267 792 3331 Pictoris
807 3263 937 3332 Grtecis'
952 3268 1127 3334 annalibus

65 3380 238 3472 ejusnwdt'
246 3396 314 3454 est,
325 3393 363 3441 ut
376 3377 501 3454 omnia,
517 3397 591 3464 quae
604 3373 645 3438 ab
660 3376 761 3437 AEnea
774 3387 865 3458 gesta
878 3389 968 3452 sunt,
985 3397 1127 3465 quaeque

64 3493 117 3557 illi
133 3486 347 3562 acciderunt,
365 3507 407 3547 ea
414 3482 557 3567 fierint,
577 3503 651 3570 (juce
667 3481 700 3541 ei
711 3475 887 3542 secundnm
900 3480 1039 3567 quietem
1051 3485 1128 3548 vt'sc't

63 3614 159 3668 sunt.
177 3597 355 3660 Narratum
370 3589 470 3678 igitur
484 3603 554 3652 erat
567 3585 657 3675 opud
672 3587 769 3648 Num.
785 3582 936 3664 Fabium,
955 3587 1034 3674 qui,
1047 3587 1128 3652 dum

65 3726 186 3798 graece
205 3699 351 3787 scripsit,
374 3697 506 3774 Graecos
520 3710 671 3759 auctores
691 3690 785 3779 sequi
801 3690 923 3777 potuit,
945 3692 1129 3764 somnium,
1162 3719 1164 3724 ⁴

62 3835 142 3906 qno
157 3809 228 3874 fata
240 3807 352 3870 AEneae
365 3815 610 3890 exponerentur
622 3822 681 3887 per
694 3798 840 3886 quictem
856 3819 895 3862 ex
910 3795 1040 3878 ordine,
1054 3821 1128 3887 quae

62 3913 204 3988 deinde
219 3927 359 3980 eventus
373 3904 611 3996 comprobavit.
643 3946 646 3952 -

147 4113 180 4148 2«
