2742 4586
258 269 321 348 240
504 266 538 328 r.
563 261 793 328 vinorum
817 248 1048 332 Minonis

205 425 207 430 .
257 391 439 471 (Horresco
451 387 613 472 referens)
625 388 792 452 immensis
806 386 941 454 orbibus
952 409 1075 476 angues
1167 473 1169 478 Ι

258 492 459 558 Incumbunt
470 493 601 580 pelago,
615 493 802 581 pariterque
814 493 857 556 nd
869 493 964 558 litora
976 493 1137 559 tendunti

258 602 394 665 Pectora
407 622 549 688 quorum
561 601 647 663 inter
657 598 776 664 fluctus
788 599 920 665 adrecta
927 599 1086 690 jubaeque

256 707 448 793 Sanguineas
461 721 657 794 exsuperant
669 704 791 786 undas3
805 727 880 793 pars
893 722 1001 771 cetera
1013 722 1156 795 pontum

257 815 348 877 Pone
359 813 451 900 legit,
465 812 663 900 sinuantque
675 813 836 876 immensa
848 812 1016 876 volumine
1029 829 1131 900 terga.

257 920 309 1000 Fit
319 919 460 998 sonitus,
475 935 647 1006 spumante
660 918 739 982 salo.
752 920 893 1008 Jamque
905 942 982 983 arva
993 919 1169 999 tenebant;

258 1025 478 1114 Ardentisquc
492 1025 605 1089 oculos
618 1025 750 1089 suffecti
762 1026 921 1112 sangnine
935 1042 967 1089 et
979 1027 1062 1114 igni,

257 1133 356 1200 Sibila
367 1132 555 1196 lambebant
566 1132 685 1219 linguis
698 1133 902 1198 vibrantibus
915 1157 982 1198 ora.

1266 493 1307 555 Μὰ

1263 1053 1303 1084 210

256 1339 341 1388 unques
349 1339 384 1386 pr.
394 1322 494 1377 bloiet,
506 1335 533 1368 ut
545 1322 603 1370 solet
613 1337 790 1386 nonnunquam.
800 1325 846 1371 Sed
858 1327 899 1370 uni
910 1322 973 1371 libro
982 1323 1023 1370 tali
1032 1325 1057 1368 in
1067 1337 1093 1368 re
1105 1337 1154 1368 non
1164 1323 1302 1384 parendum.

256 1395 350 1440 ..sos
363 1391 490 1437 mcumbeut
501 1393 598 1438 Mentel.
609 1419 640 1428 -
651 1393 702 1439 aod.
714 1403 789 1439 erecta
804 1411 840 1456 pr.
850 1395 933 1440 Hsmb.
944 1407 967 1441 et
980 1395 1068 1454 bigot,
1082 1393 1148 1455 quod
1158 1393 1256 1456 vulgare
1274 1393 1302 1439 cf.
1356 1385 1357 1392 ¹

256 1477 306 1510 not.
317 1465 347 1510 ad
362 1462 411 1526 173.
424 1473 515 1526 arrepto
524 1465 594 1510 Goth.
607 1477 672 1510 tert..
683 1478 710 1511 ut
718 1467 806 1512 ibidem
815 1466 885 1512 codd.
897 1491 929 1503 -·
937 1483 989 1528 ²07·
999 1475 1108 1528 superant
1116 1469 1223 1511 omnium
1232 1465 1303 1510 libro·¹

256 1551 309 1583 rum
320 1534 445 1580 lectionem
461 1550 510 1580 esse
528 1547 638 1596 apparet,
651 1548 735 1596 praeter
751 1549 870 1583 recentem
891 1539 1008 1583 Venetam
1025 1537 1122 1581 Heinsii.
1137 1537 1197 1580 Nam
1216 1537 1304 1580 Pierius

256 1621 303 1653 nec
313 1609 362 1668 ipse
374 1609 399 1652 in
411 1609 458 1652 suis
469 1605 538 1651 codd.
551 1605 616 1651 aliud
628 1609 743 1654 invenisse
757 1608 862 1664 videtur,
875 1619 898 1654 et
908 1617 1017 1671 superant
1025 1610 1095 1654 etiam
1106 1610 1132 1652 in
1143 1609 1229 1668 priscis
1239 1605 1304 1656 edd,

258 1693 316 1742 quas
328 1678 411 1734 evolvi,
425 1691 502 1724 extare
514 1677 578 1733 vidi,
590 1685 747 1741 praeterquam
758 1681 782 1724 in
793 1681 897 1724 luntin'is
907 1691 930 1725 et
941 1679 1062 1741 Stephana,
1074 1677 1196 1740 inquibus
1205 1675 1304 1737 vulgaris

213 1811 215 1816 ¹
256 1747 328 1796 lectio
343 1758 480 1812 exsuperant
498 1752 629 1810 comparet,
642 1763 668 1794 ut
687 1767 715 1795 ex
726 1749 810 1796 Aldina
821 1752 881 1798 adeo
897 1753 999 1814 primum
1011 1749 1115 1812 profecta
1128 1763 1177 1794 esse
1189 1749 1303 1794 videatur.

257 1821 350 1867 Mireris
359 1825 447 1883 itaque,
455 1837 497 1866 cur
505 1837 555 1866 eam
569 1823 676 1868 Heinsius
685 1825 815 1868 retinuerit.
823 1824 869 1869 Sed
879 1823 989 1869 varianda
998 1823 1058 1868 forte
1067 1824 1115 1868 visa
1127 1825 1204 1867 oratio
1211 1833 1304 1884 propter

256 1909 279 1940 v.
292 1909 344 1954 219.
356 1901 464 1956 superant
473 1895 545 1955 cupite
553 1902 576 1937 et
585 1894 707 1939 ceruicibus
718 1893 777 1940 altis.
791 1905 899 1958 supersint
907 1896 973 1940 undis
986 1894 1095 1941 nonnulli
1113 1895 1230 1948 Pieriani3
1248 1893 1303 1938 alte·

257 1979 310 2009 rum
323 1975 414 2018 tamen,
424 1972 531 2025 superant
545 1963 632 2019 undas,
642 1965 734 2010 doctius
747 1965 847 2013 arbitror
860 1967 956 2011 dictum.
968 1989 999 2002 -
1010 1963 1061 2012 aod.
1072 1963 1134 2009 Pone
1146 1972 1210 2008 secat
1218 1959 1303 2008 Zulirli.

258 2050 272 2078 a
284 2049 314 2077 m.
326 2048 371 2079 sec.
381 2037 515 2097 sentiantque
525 2033 554 2078 ab
567 2035 662 2080 Heinsio
672 2049 805 2082 revocatum
816 2053 844 2082 ex
856 2025 953 2082 Mentel.
966 2052 1001 2097 pr.
1015 2043 1038 2080 et
1047 2032 1098 2079 aliis
1109 2032 1228 2095 pluribus;
1238 2035 1303 2078 etiam
1356 2089 1357 2096 ἵ

258 2105 387 2161 Pierianis,
399 2105 459 2150 adde
471 2104 540 2149 Goth.
550 2121 610 2162 sec,
623 2119 649 2152 ut
662 2115 722 2171 terga
733 2111 826 2152 sinuant
838 2107 943 2152 absolute
956 2107 1043 2156 dictum
1055 2106 1096 2158 sit,
1109 2119 1152 2166 pro
1165 2105 1260 2147 sinuant
1270 2117 1291 2146 se
1296 2117 1304 2154 ;
1356 2143 1357 2158 g

259 2179 327 2238 cujus
338 2177 416 2222 formae
425 2171 498 2222 multa
514 2177 618 2239 exempla
631 2178 661 2223 ad
672 2178 695 2223 h.
715 2178 731 2222 l.
744 2181 866 2240 congessit.
879 2181 916 2224 Sic
932 2178 1003 2223 modo
1014 2183 1132 2240 superant,
1143 2174 1187 2218 inf.
1200 2188 1245 2232 229
1255 2175 1304 2217 insi·
1356 2173 1357 2222 l

258 2255 328 2300 ’mals
340 2247 383 2292 ²3⁵
392 2250 526 2310 Μΰὶηφῑτηΐ,
537 2260 560 2292 et
572 2249 662 2294 infinita
674 2249 737 2310 apud
745 2251 822 2311 ipsum
831 2247 963 2310 Virgilium.
974 2246 1050 2308 Vulgo
1059 2249 1191 2308 sinuatque,
1205 2246 1273 2289 etiam
1282 2244 1306 2285 in
1356 2245 1357 2278 l

258 2317 338 2371 Seru,
355 2329 382 2362 ut
398 2317 480 2378 Georg.
495 2317 538 2372 lll,
559 2332 600 2377 ¹9²
618 2321 736 2380 sinuatque
752 2317 839 2364 alterurn
850 2317 964 2364 vobtmino
976 2331 1075 2362 crurum.
1084 2339 1117 2350 ·-
1126 2328 1179 2373 209.
1190 2311 1239 2360 solo
1250 2311 1305 2357 alter

257 2388 445 2448 Menag.-2to.
457 2387 549 2449 suffiscti
556 2389 594 2434 vel
606 2389 682 2452 infecti
689 2390 791 2448 zalton,
802 2389 871 2436 male.
885 2393 933 2453 igne
943 2389 982 2434 alii
992 2387 1068 2434 multi.
1080 2403 1101 2434 r.
1114 2383 1231 2430 adValer.
1242 2383 1275 2429 Pl.
1283 2381 1304 2434 l,

261 2457 315 2504 821.
326 2459 405 2504 Burni.

261 2617 418 2670 incumbunt
425 2617 537 2692 pelago,
554 2623 695 2692 praeclare,
707 2637 756 2694 pro

259 2695 394 2762 innatant,
416 2693 463 2750 sed
483 2719 543 2750 cum
565 2703 756 2774 significatione

259 2777 456 2847 magnitudinis.
465 2805 500 2818 -
508 2781 756 2854 nobjuboesangui-

258 2873 331 2921 nese,
347 2852 440 2922 ofitus,
454 2857 615 2930 hydrorum‚
628 2880 689 2913 nam
703 2862 755 2913 hoe

256 2955 341 3007 genus
354 2937 567 3010 intelligendum,
578 2943 657 2992 fulvae
666 2942 756 2993 barbae

259 3033 306 3068 seu
320 3035 410 3068 comae.
429 3021 462 3069 cf.
476 3018 561 3072 Corda
574 3021 608 3072 nd
626 3021 652 3072 h.
674 3021 691 3071 l.
705 3021 754 3091 Ap.

256 3097 364 3147 Homer.
382 3095 457 3148 lliad.
470 3099 501 3158 β,
514 3099 565 3150 308
578 3101 665 3167 dputes
676 3097 703 3148 θ’
719 3097 757 3149 inl

258 3176 321 3227 voire
344 3173 459 3240 deocisis.
482 3189 638 3248 exsuperant
657 3179 756 3243 undas,

258 3257 375 3306 eminent
386 3273 467 3325 supra
483 3275 564 3310 mare.
576 3287 610 3296 ·-
621 3260 679 3310 208.
695 3256 759 3330 legit

254 3345 369 3404 pontum
382 3338 485 3408 egregie
498 3336 531 3389 de
543 3339 658 3408 vestigiis
672 3340 756 3390 inces-

259 3429 304 3463 sus
314 3413 382 3464 lenis
396 3415 438 3466 vel
450 3427 549 3467 tractus
561 3418 589 3466 in
607 3416 754 3487 superficie.

258 3492 418 3562 sinuantque
428 3494 553 3546 immensa
565 3493 698 3546 volumine
711 3507 759 3546 ter-

256 3589 294 3643 ga
299 3608 309 3635 ,
316 3571 343 3622 h.
354 3591 376 3626 e.
386 3591 449 3642 pars
459 3577 592 3644 posterior
602 3587 757 3644 serpentum
775 3603 777 3610 ·

260 3653 348 3703 sinuat
360 3670 387 3704 se
402 3655 430 3704 in
448 3655 605 3722 immensum
617 3654 756 3720 volumen,

259 3731 392 3801 ingentem
403 3733 510 3802 spiram.
522 3750 546 3782 v.
559 3734 590 3782 V.
604 3733 633 3784 L.

298 3827 452 3880 209-211.
463 3813 549 3861 Etiam
559 3810 614 3862 haec
626 3810 704 3863 valde
717 3831 758 3864 or-

260 3903 332 3941 nata.
343 3909 408 3946 areta
419 3907 469 3959 pro
482 3889 757 3959 litore.·suffectt'‚hoo

259 3982 310 4037 est,
320 3968 449 4026 habentes
462 3967 554 4020 oeulos
567 3971 683 4052 suffusos
694 3991 756 4026 san·

806 2625 902 2695 guise,
917 2621 1050 2674 rubentes.
1064 2619 1181 2686 Omnino
1194 2627 1272 2668 erant
1287 2614 1304 2665 ii
1356 2663 1357 2668 ,

807 2703 891 2753 oculis
919 2701 1022 2772 fulgore
1048 2698 1154 2750 rubenti
1178 2695 1303 2755 infectis,

806 2783 904 2832 tinctis.
919 2799 965 2832 ora
980 2776 1057 2832 sibila
1065 2814 1075 2842 ‚
1088 2789 1117 2827 ut
1129 2775 1176 2826 Ge.
1190 2776 1243 2840 111,
1255 2773 1301 2839 fut

805 2859 874 2911 oolla
890 2858 985 2923 sibila,
1005 2858 1132 2924 συρίζοντι.
1146 2854 1254 2924 Lingua
1272 2851 1304 2901 ui·

806 2942 882 2991 brons
891 2953 917 2991 et
927 2936 1057 3000 lambens,
1070 2935 1196 3000 λιχκὸση,
1205 2936 1233 2984 in
1242 2949 1304 3003 pre-

806 3021 892 3089 cipuis
918 3032 958 3071 est
985 3017 1147 3082 ornamentis
1176 3014 1304 3084 poeticis,

807 3101 911 3170 quoties
923 3099 956 3150 de
970 3097 1137 3168 serpentibus
1152 3097 1241 3166 agitur
1252 3115 1258 3143 :
1271 3093 1303 3144 cf.

805 3174 1302 3242 Hesiod.0,82li:So.235.Dehocipso
1356 3191 1357 3236 1

807 3271 944 3329 serpente,
957 3257 991 3308 de
1004 3274 1058 3326 quo
1070 3267 1162 3306 noster
1173 3255 1304 3323 loquitur,
1356 3311 1357 3314 Ἴ

806 3339 853 3390 sed
870 3341 956 3388 minus
974 3348 1082 3399 ornate,
1104 3335 1222 3401 Quintus
1240 3333 1303 3396 ΧΗ,
1356 3337 1357 3344 ’

806 3419 858 3484 448
870 3413 1050 3484 ineepnpsinnct
1058 3417 1088 3464 ds
1098 3410 1181 3468 nister
1190 3409 1304 3476 Nsccnpi·

795 3517 847 3549 -tus
853 3529 863 3556 ,v
872 3498 913 3546 usti
921 3496 985 3559 κῦμα
994 3495 1109 3545 nimm-
1120 3491 1182 3544 ‘rsld‘
1191 3488 1304 3558 luipone,

807 3573 869 3629 nivii
888 3573 1034 3641 nimiunn.
1054 3573 1178 3624 Ceterum
1212 3571 1304 3622 similia

807 3655 840 3708 de
864 3657 1010 3728 ingentium
1034 3653 1182 3705 draconum
1204 3652 1305 3722 allapsu

806 3735 885 3804 plura'
900 3747 969 3786 ‘sunt
994 3745 1135 3803 poetarum
1161 3732 1224 3784 loca
1247 3730 1302 3800 (cf.

807 3813 910 3878 Corda)
920 3843 931 3876 ‚·
942 3826 970 3864 ut
978 3813 1011 3866 de
1022 3811 1185 3864 draconibus
1199 3812 1233 3862 ab
1243 3813 1304 3861 Her-

807 3893 866 3945 cule
876 3911 959 3962 puero
971 3905 997 3943 et
1009 3911 1025 3942 a
1034 3891 1136 3943 Cadmo
1147 3891 1302 3950 interemor,

807 3971 988 4046 comparanda
1001 3972 1048 4028 illa
1060 3969 1169 4042 quidem
1183 3983 1239 4022 non
1251 3970 1303 4020 sine
