2694 4574
494 193 501 220 l

220 295 264 381 '⁴6
539 290 933 375 orsoorsrrrorr

220 423 322 488 fuisse
334 414 492 495 fabulam,
507 431 544 482 ut
557 433 590 480 et
600 416 734 482 alteram
747 416 835 480 illam
850 415 892 481 de
907 437 965 480 sue
978 415 1110 506 gravida
1123 419 1185 505 (1),
1200 429 1253 485 co-

220 529 313 617 piose
326 525 423 590 docet
434 523 567 613 Dionys.
580 523 683 588 Halic.
699 525 730 602 1,
746 521 801 601 55,
817 523 872 603 563
886 525 1001 589 Conon
1014 525 1138 592 Narrat.
1152 527 1208 608 2563
1223 541 1257 591 et

152 628 156 636 ’
222 655 262 697 ex
276 631 420 710 Lutatio,
436 632 560 694 Catone
572 644 605 692 et
614 630 754 705 Caesare,
766 631 888 692 Auctor
900 627 941 693 de
951 629 1039 717 Orig.
1052 631 1092 696 G.
1106 633 1144 696 R.
1160 655 1189 696 c.
1208 655 1252 695 rr.

225 759 312 818 123e
324 759 391 825 quo
412 736 548 800 omnino
560 751 663 822 patet,
678 755 717 798 ex
727 733 940 828 scriptoribus
951 737 1104 801 Romanis
1112 738 1253 826 antiquis

221 867 290 910 non
308 843 403 908 facile
421 842 526 906 ullum
545 841 662 919 luisse,
687 839 743 928 qui
763 841 871 903 AEneae
892 841 956 904 lata
980 857 1012 905 et
1030 841 1210 906 adventum
1224 843 1255 905 in

221 948 349 1014 Italiam
369 970 436 1011 non
455 947 665 1034 exposuisset.
684 946 768 1008 Item
789 947 890 1009 Varro
910 944 951 1012 de
970 945 1036 1010 BR.
1055 949 1101 1028 ll,
1118 951 1147 1028 4.
1163 946 1256 1012 Adde

222 1053 386 1144 Lycophr.
415 1051 495 1117 1250
513 1074 584 1140 sqq.
606 1050 686 1134 (ubi
701 1049 785 1114 male
799 1054 922 1136 πόρνους
937 1055 1084 1137 τριάκοντα
1093 1053 1256 1142 jungunt,

142 1147 147 1155 Χ
220 1161 289 1250 jam
302 1158 380 1223 iude
393 1180 412 1222 e
426 1156 620 1235 Scholiaste3
636 1154 694 1219 sed
706 1176 768 1242 per
782 1158 904 1240 πόρναις
922 1158 1040 1243 exponi
1054 1173 1134 1244 puta
1147 1165 1258 1245 χύμι,

224 1283 257 1330 et
271 1269 409 1352 τριάκοντ’
423 1260 605 1349 lgapspcim
618 1266 699 1336 γονὰς
708 1257 750 1323 ad
761 1279 853 1324 suem
864 1275 1010 1346 spectare
1019 1264 1262 1346 >interserere

222 1390 333 1438 tumen
346 1371 494 1433 omnium
505 1367 644 1444 maxime
653 1365 796 1430 notabile
806 1363 1041 1446 videturillud,
1052 1366 1143 1455 quod
1153 1363 1260 1432 Graeci

224 1478 399 1564 scriptores
414 1473 542 1538 dudum
559 1487 635 1536 ente
650 1471 787 1558 Augusti
801 1486 949 1557 tempore
963 1471 1134 1558 originem
1143 1475 1263 1538 Romae·

223 1603 343 1646 nomm
355 1603 375 1645 a
389 1579 540 1667 Trojanis
555 1581 721 1664 AEneaque
742 1574 920 1654 duxerunt,
937 1593 969 1640 et
984 1577 1159 1664 imperium
1172 1578 1259 1642 orbis

223 1704 384 1752 terrarum
399 1707 439 1750 ex
452 1683 637 1748 Homericis
655 1681 697 1746 de
717 1684 817 1746 AEnes
828 1681 977 1745 versibus
995 1681 1037 1746 ad
1052 1705 1107 1747 eos
1120 1699 1259 1748 transtu-

223 1792 349 1870 lerunt3
360 1814 390 1853 v.
400 1791 515 1852 Conon
523 1790 648 1851 Narrat.
660 1785 757 1866 463et
768 1786 916 1873 inprimis
927 1786 1124 1875 Lycophron
1134 1812 1165 1854 v.
1180 1789 1265 1854 {226²

224 1919 298 1984 sqq.
310 1898 523 1982 Apponerem
537 1892 622 1969 loca,
643 1891 706 1954 nisi
718 1891 869 1954 brevitati
888 1891 1070 1974 studerem,
1085 1893 1147 1982 erit
1163 1894 1260 1958 etiam

225 2001 385 2066 nonnulla
395 2024 434 2064 er
445 2001 496 2064 his
508 1997 731 2086 persequendi
743 1998 950 2063 commodior
958 2000 1065 2080 locus,
1078 1999 1213 2089 quando
1221 2000 1263 2065 de

226 2107 361 2195 singulis
372 2123 497 2195 agetur.
510 2107 570 2168 Est
585 2104 673 2168 enim
685 2103 857 2168 nobishoc
870 2105 1025 2192 inprimis
1037 2108 1261 2194 propositum,

225 2226 263 2280 ut
276 2214 425 2301 vestigia,
442 2210 707 2290 etiamobseura,
723 2211 842 2274 veteris
855 2210 999 2275 historiae
1011 2215 1265 2301 persequamur,-

226 2319 347 2409 quibus
361 2319 515 2384 institisse
524 2317 653 2404 ubique
668 2333 766 2402 poete
780 2315 884 2379 videri
896 2332 1013 2403 potest.
1027 2319 1095 2382 Nec
1108 2318 1197 2381 enim
1209 2318 1264 2382 ille

226 2426 322 2491 facile
334 2427 405 2492 sine
414 2440 548 2488 auctore
558 2423 717 2509 loquitur.
727 2421 830 2485 Simul
839 2419 1063 2487 adolescentes
1077 2425 1264 2512 exemplum

227 2547 354 2596 mature
366 2529 488 2603 habere
503 2527 669 2614 cupimus,
681 2547 756 2592 uam
766 2528 938 2614 proeceptis
949 2528 1019 2593 hsec
1028 2551 1081 2592 res
1092 2551 1160 2594 non
1170 2528 1268 2593 facile

228 2634 374 2724 expediri
386 2649 517 2720 potest,
526 2655 593 2721 quo
607 2633 759 2710 consilio,
777 2641 841 2721 qua
855 2634 995 2713 ratione,
1016 2657 1054 2700 ac
1072 2633 1265 2722 quostudio

229 2743 264 2804 iu
289 2738 529 2803 narrationibus
544 2737 708 2827 mythicis
728 2739 963 2826 cognoscendis
991 2739 1190 2804 versa-ndum
1213 2741 1268 2806 sit.

228 2845 418 2910 Nihilenim
430 2842 627 2930 oliudugere
637 2835 736 2924 velle,
753 2864 1059 2933 quumrognosoere
1068 2867 1107 2911 ec
1117 2867 1268 2935 quaerere

228 2967 263 3016 et
274 2951 308 3014 in
320 2973 423 3014 unum
436 2949 746 3038 loeumoongerere‚
756 2950 838 3039 quid
846 2950 914 3029 hir,
928 2953 1065 3030 velille,
1075 2968 1107 3014 et
1118 2952 1267 3016 sexcenti

228 3057 293 3136 alii,
305 3055 464 3120 eudemio
475 3055 725 3135 retnididerint,
738 3057 934 3136 censuerint,
946 3058 1190 3136 somniaverint,
1202 3058 1268 3120 hoc

229 3161 508 3248 estopemetotio
518 3160 619 3225 abuti.
636 3161 914 3228 Contmutllitutis
925 3147 1269 3227 illi'studioet‘hones·

230 3267 305 3330 tetis
313 3266 399 3331 inest
408 3267 596 3353 plurimum,
609 3267 635 3330 si
645 3266 746 3329 modo
756 3283 884 3331 veteres
893 3266 1045 3332 llistori'as
1055 3267 1271 3354 populorum·

231 3393 296 3459 qne
307 3374 463 3461 origines,
479 3371 580 3437 modo
592 3373 782 3460 priscorum·
792 3372 965 3436 hominum
976 3393 1085 3436 mores
1097 3393 1137 3436 ac
1148 3374 1268 3452 vitam,

230 3480 284 3542 vel
306 3501 505 3558 sermonem,
521 3479 581 3542 ‚rel
599 3469 789 3567 religiones,
812 3480 915 3544 modo
926 3497 1100 3569 poetarum
1113 3481 1268 3559 inventa,

231 3586 396 3666 notiones,
410 3587 601 3664 sententias,
617 3585 695 3650 inde
709 3586 866 3669 illustres,
877 3585 1093 3675 addiscusque
1110 3568 1185 3680 quae
1197 3586 1246 3649 illi
1261 3635 1269 3664 ,

265 3830 305 3902 (r)
316 3830 377 3884 vid.
389 3830 496 3880 Excurs-
509 3828 579 3880 trad
587 3827 633 3881 ltb.
647 3825 701 3882 vll}
