2690 4594
245 258 309 338 4⁰0
323 335 326 346 .

492 253 527 318 P.
550 249 1035 322 VIRGILIl-MARONIS
1063 289 1070 296 ·

244 384 350 444 Pauca
361 373 421 442 tihi
434 399 452 440 e
464 376 589 456 multis,
604 398 670 466 quo
682 377 784 441 tutior
794 375 926 465 hospita
937 379 1058 456 lustre's'
1127 427 1130 432 -

167 523 172 530 -
245 488 401 573 AEquora,
416 498 448 546 et
459 483 605 546 Ausonio
617 483 721 570 possis
734 481 905 548 considere
917 499 1029 571 portu,

243 589 422 678 Expediam
436 586 546 664 dictis;
558 587 736 674 prohibent
748 610 824 650 nam
836 605 945 676 cetera
955 592 1064 668 Parcae
1100 637 1104 642 -

242 696 345 774 Scire,
360 695 525 758 Helenum
538 693 666 782 farique
677 709 765 756 vetat
777 691 925 758 Saturnia
936 696 1035 756 Juno.

242 801 407 888 Principio
422 799 561 877 italiam,
575 820 675 887 quam
686 814 723 861 tu
731 798 800 886 jam
812 820 884 860 rere
898 799 1140 888 propinquam,

241 907 457 994 Vicinosque,
471 905 597 991 ignare,
610 885 705 992 paras
717 901 872 968 invadere
884 921 1013 992 portua,

240 1015 355 1101 Longa
366 1012 483 1101 procul
494 1012 601 1098 longis
612 1012 665 1074 ria
677 1010 795 1075 dividit
806 1011 894 1076 invia
905 1011 1008 1077 terris.
1080 1093 1085 1100 ¹

240 1173 300 1229 Ver.
313 1193 337 1228 et
349 1183 414 1228 Juut.
431 1183 462 1226 ric
472 1192 573 1242 quatuor
581 1181 659 1226 Burm-
673 1192 696 1226 et
707 1179 776 1226 Goth.
789 1196 834 1228 rec.
848 1180 881 1228 his
895 1179 954 1228 aiter
964 1197 1018 1228 cum
1029 1183 1068 1229 ed.
1082 1182 1187 1230 Medici.
1198 1184 1285 1246 —377.

240 1259 311 1300 tutius
321 1253 418 1298 Oudart.
434 1265 458 1297 et
473 1252 578 1297 Parrhar.
595 1267 687 1315 equora
703 1249 783 1296 turim
794 1253 890 1316 Hospita
905 1253 993 1298 Zuiich.
1005 1253 1101 1316 -378.
1119 1258 1241 1300 consistere
1252 1271 1284 1316 pr.

239 1323 323 1374 lierni».
336 1334 359 1368 et
375 1323 434 1367 Ven.
452 1321 506 1368 vide
520 1337 572 1384 rup.
588 1321 638 1368 162.
654 1324 780 1368 Burmann.
790 1348 823 1358 ·-
833 1323 885 1368 380.
897 1324 1047 1384 Distinguunt
1056 1323 1130 1368 codd.
1143 1328 1230 1385 partim
1239 1337 1285 1386 port

240 1397 314 1449 scre,
326 1397 408 1456 partirn
419 1405 471 1454 port
482 1391 609 1448 Helenum
621 1395 651 1439 ci.
662 1395 722 1439 Pier.
734 1395 858 1449 ethium,
867 1394 909 1440 red
919 1395 945 1438 in
956 1396 1168 1456 interpunctione,
1183 1395 1284 1440 codicum

238 1465 316 1520 uuila,
326 1481 379 1512 uteo
385 1465 489 1526 judicio,
502 1476 536 1510 ert
545 1468 676 1512 auctoritas.
690 1473 749 1508 vetet
759 1480 794 1526 pr.
805 1465 887 1511 Hamb.
901 1465 1002 1510 Bnrnck.
1016 1469 1079 1528 conj.
1095 1467 1177 1524 Scire,
1188 1465 1284 1528 vetatque

238 1537 350 1584 Helenum
362 1536 415 1600 fari
428 1538 452 1580 S.
464 1538 503 1580 Ι..·
516 1537 640 1583 rotundior
655 1539 736 1598 utique
751 1537 784 1580 sic
798 1547 857 1582 erret
870 1553 962 1590 versus,
974 1537 1143 1600 seleirgiiius
1155 1539 1284 1602 gravitatem

237 1624 388 1654 numerorum
398 1609 498 1670 praefert.
512 1607 605 1670 Alioqui
616 1608 645 1653 ad
657 1622 751 1652 manum
761 1620 820 1654 erret
827 1606 983 1670 Helenumque
991 1618 1053 1655 vetat
1059 1609 1114 1672 fati
1125 1611 1153 1654 in
1162 1609 1203 1655 ed
1213 1609 1283 1674 Parin.

208 1707 211 1714 ,
237 1668 413 1716 flemistnhium
426 1670 506 1716 aberae
518 1669 583 1716 malit
595 1671 644 1716 Jac.
654 1672 747 1734 Bryant.

238 1803 333 1854 Melius
357 1801 428 1854 idem
438 1803 555 1854 'sortitur
564 1841 572 1868 ‚
595 1801 713 1875 disponit
728 1841 737 1869 ‚

238 1881 360 1945 ordinat,
381 1879 464 1931 volvit
482 1883 564 1947 vices,
582 1884 737 1935 moderatur

237 1961 432 2014 vicissitudines
445 1955 549 2014 rerums
562 1963 583 2014 is
594 1965 655 2016 ordo
667 1967 737 2016 fato-

237 2061 297 2094 rum
317 2042 441 2106 vertitur,
459 2055 511 2106 est,
531 2044 569 2093 ita
590 2044 736 2096 succedunt

237 2123 288 2173 ribi
300 2123 364 2174 fata.
380 2121 497 2172 Omnino
510 2139 560 2191 pro
573 2140 666 2194 apere,
677 2141 736 2193 per·

234 2199 323 2270 ficere,
334 2204 444 2272 poeticae
452 2213 611 2266 moereant,
622 2201 734 2264 volvere,

236 2292 349 2345 vertere,
361 2298 467 2332 vernare.

272 2362 322 2430 377
331 2391 362 2400 ·-
370 2362 430 2412 380.
441 2362 508 2412 Fata
520 2361 587 2412 scire
595 2359 737 2430 prohibent

234 2439 262 2491 h.
276 2441 293 2491 l.
307 2441 409 2508 Parcae3
422 2439 495 2508 apud
504 2441 648 2490 Homerum
657 2439 732 2490 Iliad.

235 2541 265 2582 r,
284 2519 335 2584 418
349 2520 475 2588 Erinnys3
496 2519 603 2568 omnino
613 2517 651 2568 dii
661 2517 734 2587 apud

235 2597 359 2666 Apollon.
377 2595 395 2645 l.
412 2613 440 2645 c.
456 2596 497 2660 11,
509 2595 557 2645 311
577 2612 616 2666 sq.
632 2598 732 2660 tutior,

234 2667 343 2748 ttrtius,'
356 2676 458 2726 minore
477 2691 536 2724 cum
552 2675 691 2744 periculo,
710 2676 732 2725 si

234 2755 357 2818 rescivit,
377 2772 435 2823 quae
453 2753 576 2804 evitanda
593 2756 653 2804 sint.
676 2753 733 2806 hor-

233 2835 293 2906 pitoe
307 2851 413 2906 equora
431 2831 536 2884 Servius
550 2835 638 2885 vicina
654 2835 733 2884 inter-

234 2926 362 2986 pretatur.
374 2912 442 2964 Sane
453 2913 614 2986 longinqua,
626 2916 731 2986 ignota,

233 3011 341 3046 necesse
366 3005 405 3044 est
428 3009 484 3044 erse
506 2995 593 3044 minua
614 2993 730 3064 hospita.

234 3074 261 3126 si
290 3073 367 3123 usuin
398 3071 525 3140 loquendi
552 3073 623 3122 vocis
652 3071 735 3139 hujus·

233 3165 305 3206 recte
326 3165 421 3211 teneo,
443 3169 500 3202 esso
524 3150 622 3204 debent
647 3154 732 3204 maria

232 3231 420 3303 navigantibus
441 3233 550 3296 amicaJ
576 3249 633 3302 qute
655 3234 732 3283 navi·

232 3310 532 3384 gantestutosacsalvos
540 3314 727 3362 transmittant.

229 3391 372 3464 prohibent
388 3392 496 3461 tessrcr're
517 3404 567 3442 etc.
591 3392 676 3458 Nam,
699 3404 730 3444 ut

230 3475 343 3524 Lucam·-
354 3474 384 3536 V',
405 3473 461 3541 176.
481 3473 538 3522 Nec
556 3483 659 3523 tantum
671 3491 730 3541 pro·

231 3554 365 3614 drevan,
381 3552 516 3620 Quantum
527 3553 591 3603 scire
599 3589 608 3615 ,
621 3550 689 3601 licat.
703 3571 727 3604 r.

201 3645 204 3660 ’
231 3633 258 3686 h.
280 3631 298 3681 l.
323 3630 459 3695 Servium,
481 3633 527 3701 qui
547 3632 616 3682 bene
638 3630 729 3690 addit:

231 3709 351 3782 prohibet
363 3721 450 3760 nutem
459 3710 523 3760 scire
530 3719 638 3760 mortem
649 3709 731 3778 patn's

230 3797 445 3856 -tempestatem
469 3788 502 3837 oh
527 3779 607 3842 AEolo
634 3787 730 3839 immis-

230 3885 300 3918 sam.-
322 3883 437 3915 amorem
449 3865 560 3916 Didonis
579 3865 642 3934 (qui
664 3882 728 3917 sane

169 4009 173 4020 ·
230 3947 274 3996 rix
285 3943 582 3996 commodememorari
591 3945 727 4014 poterat).

785 1802 914 1858 Novimus
924 1814 1012 1857 antem
1021 1803 1161 1856 Junonem
1171 1799 1222 1855 hoc
1232 1820 1286 1874 ope·

786 1901 828 1948 re,
842 1895 888 1950 ut,
900 1886 922 1936 si
934 1882 1098 1956 ponitfierr',
1111 1901 1225 1955 reqnum
1237 1883 1286 1958 Ira·

786 1959 828 2012 tiae
846 1963 955 2034 Libycas
972 1974 1100 2014 averteret
1112 1981 1178 2013 oras.
1196 1961 1285 2030 Inopi-

785 2053 877 2092 natnm
888 2061 948 2096 vero
960 2042 1076 2094 dolorem
1090 2042 1174 2092 etiam
1190 2043 1285 2090 AEnear

772 2122 970 2192 'concreatum
992 2133 1023 2171 ut
1045 2121 1144 2174 inin.
1168 2135 1218 2189 7¹²
1241 2133 1285 2168 nec
1332 2147 1333 2158 r

784 2197 1286 2269 vacaneum-nosmmproearxr
1332 2183 1333 2269 t

785 2275 876 2332 tuctus.

788 2396 793 2408 ,
818 2359 977 2414 381-383.
991 2361 1100 2410 Poterat
1115 2357 1215 2410 hear
1233 2369 1287 2408 sta·
1331 2389 1332 2396 κ

783 2439 831 2488 tini
856 2441 883 2490 in
906 2431 1030 2492 orientali
1054 2438 1138 2490 ltalia
1164 2451 1285 2489 extrema
1331 2467 1332 2498 5

782 2517 860 2569 litore
868 2519 1020 2583 considere,
1036 2536 1069 2570 ex
1076 2517 1192 2570 adverso
1201 2519 1283 2588 Epiri⁴

781 2597 816 2646 At
826 2609 911 2648 toturn
928 2597 995 2649 illud
1014 2598 1077 2648 litus
1093 2617 1111 2648 a
1131 2597 1285 2649 Graecorum

782 2677 1048 2728 coloniistenebatur.
1058 2677 1092 2728 cf.
1101 2678 1151 2728 inf.
1164 2677 1217 2746 398
1226 2694 1283 2746 sqq.
1330 2677 1331 2684 ’

782 2752 860 2827 ionqa
873 2757 915 2806 cia
928 2755 1023 2806 dividit
1033 2753 1146 2805 Italiam
1155 2755 1184 2807 h.
1195 2776 1220 2806 e.
1236 2758 1284 2806 lta·

780 2832 822 2884 liae
834 2835 880 2886 illa
892 2852 967 2904 pars,
986 2852 1044 2903 que
1060 2835 1150 2888 AEneae
1168 2834 1285 2904 petenda
1329 2845 1330 2848 ’

781 2926 839 2978 eat,
863 2914 968 2978 divira,
987 2926 1091 2966 remota
1115 2927 1175 2979 eat,
1201 2913 1286 2985 lonqis

781 2993 864 3059 terris,
876 3013 912 3046 sc.
922 2996 1004 3066 longo
1014 2993 1063 3046 iilo
1070 3007 1163 3045 tractu
1176 2997 1285 3047 inferio·

781 3075 816 3124 ris
832 3074 949 3140 italie,
974 3075 1047 3125 invia
1071 3074 1112 3126 vel
1138 3075 1286 3127 difficulter

781 3152 964 3214 ementienda3
980 3152 1036 3226 (sic
1048 3151 1156 3204 Servius
1170 3173 1285 3224 accepe-

780 3246 822 3284 rat
844 3257 850 3286 z
874 3235 1006 3308 riqnficct
1027 3245 1118 3285 autem
1142 3234 1285 3306 difficilem

779 3315 936 3376 circuitum
949 3327 975 3368 et
987 3332 1050 3366 sane
1067 3318 1223 3386 composita
1235 3316 1286 3367 hu·

776 3393 894 3461 jusmodi
913 3411 981 3465 raepe
999 3397 1037 3445 sic
1051 3397 1244 3464 accipiuntur,
1257 3409 1285 3447 ut

780 3471 951 3538 insanabilis,
966 3472 1126 3538 intentatur,
1141 3474 1170 3525 h.
1193 3495 1219 3526 e.
1240 3495 1286 3546 pa·

778 3569 854 3615 rum,
878 3550 950 3603 haud
971 3551 1101 3618 multum,
1129 3557 1285 3626 tentatus);

781 3631 838 3696 vel,
850 3632 923 3701 quod
935 3644 1057 3702 prestat,
1068 3632 1154 3703 piane
1162 3653 1219 3684 non
1232 3653 1288 3704 per·
1326 3643 1327 3706 p

780 3711 837 3774 ria,
848 3729 902 3766 non
914 3694 1038 3762 adeunda
1047 3712 1155 3778 AEneae‚
1167 3714 1285 3765 terrestri

778 3791 889 3853 itinere,
905 3793 927 3840 si
947 3809 1004 3842 eam
1025 3803 1133 3860 partem
1155 3793 1285 3852 adiisset,

779 3884 836 3937 quae
858 3867 938 3937 Epiro
965 3871 1093 3939 opposita
1118 3883 1184 3939 est,
1214 3869 1285 3942 quod

777 3945 833 3997 tata
855 3947 989 3998 vetabant
1010 3947 1069 3998 Hoc
1088 3960 1231 4017 spectasse
1251 3949 1287 3997 ri·
