2694 4574
330 272 656 357 ursoursrrro
680 273 732 356 tt,
758 293 838 342 sic.
1059 279 1101 366 39
1135 319 1140 336 .

15 389 17 414 ³
63 393 218 474 Romulo,
234 418 254 460 a
268 395 365 460 Festo
380 398 415 461 in
429 395 552 474 Roma,
562 398 674 462 Solino
688 420 716 463 c.
734 421 765 478 1,
780 400 864 464 Sext.
880 397 1012 461 Aurelio
1024 400 1101 464 Vic-

62 520 131 567 tore
143 502 186 568 de
201 503 241 568 Ο.
258 505 300 578 G,
312 507 349 568 R.
365 522 399 570 et
418 529 437 571 a
457 506 569 572 Servio
589 507 717 594 passim
727 506 769 571 ad
787 505 960 593 Virgilium
978 528 1102 570 memo-

62 626 187 688 rantur,
213 611 418 700 omninoque
442 635 482 676 ex
503 614 703 678 accuratiore
728 611 872 680 historiae
894 611 1100 699 cognitione,

62 716 273 780 manifestum
291 703 342 795 fit,
351 716 460 802 fiu'sse
471 716 557 782 banc
570 717 612 782 de
623 717 740 782 AEnece
755 716 931 792 erroribus,
946 705 1113 782 ιΙειΙιιοῑα-Ι

62 844 121 910 que
149 821 183 884 T
178 825 364 906 rojanorum
387 826 421 886 in
445 822 581 888 Latium
603 825 755 898 colomis,
775 826 995 888 narrationem
1016 803 1132 886 'intera

63 917 246 992 illrumbres
270 943 313 991 et¹
329 952 352 992 a
375 930 484 993 multis
509 927 636 996 Graecis
660 927 879 1020 Romanisque
901 926 1103 1014 scriptoribus
1191 1005 1192 1008 Ἴ

60 1038 222 1125 poetasque
232 1041 401 1123 expositas
413 1053 610 1129 ornatasque
620 1037 779 1102 historias.
796 1041 950 1101 Poterant
965 1035 1028 1099 hoc
1043 1033 1100 1098 do-

64 1163 133 1204 cere
143 1141 261 1207 saltem
274 1166 328 1224 ea,
345 1167 434 1234 quae,
450 1147 510 1210 etsi
523 1144 653 1210 diverso
668 1147 823 1226 consilio,
844 1145 1007 1232 congessit
1021 1147 1103 1233 Byc-

63 1245 130 1310 lius
143 1247 177 1310 in
192 1249 278 1313 Diss.
293 1249 334 1314 de
347 1252 461 1338 primis
475 1252 574 1316 ltaliae
589 1252 714 1317 colonis
726 1270 758 1317 et
770 1255 879 1316 AEneae
893 1251 1037 1316 adventu
1048 1248 1102 1333 (ad

63 1352 181 1417 calcem
197 1355 362 1423 Holstenii
381 1359 491 1422 Notar.
511 1356 553 1421 ad
571 1357 725 1446 Stephan.
746 1360 904 1447 Byzant.).
927 1359 1099 1432 Praeterea,

62 1455 93 1520 id
108 1457 322 1548 quod'primo
335 1453 409 1527 loco
424 1479 492 1526 erat
511 1464 851 1541 commemorandum,
865 1462 1048 1528 communis
1064 1483 1102 1524 ac

61 1579 184 1626 tanturn
199 1588 268 1629 non
283 1566 416 1654 publica
427 1569 482 1631 illa
495 1585 563 1632 erat
572 1571 797 1632 Romanorum
809 1568 991 1655 persuasi0,
1003 1588 1102 1656 quam

62 1671 233 1758 religiones
252 1675 381 1760 patriae,
397 1676 525 1760 Lauinii
541 1674 585 1740 ad
598 1677 720 1740 seriora
734 1699 839 1765 usque
854 1691 1003 1763 tempora
1017 1673 1100 1738 cele·
1154 1735 1161 1752 ,

60 1773 142 1838 brari
162 1776 284 1856 solitae,
307 1777 503 1843 firmabant:
528 1805 558 1844 v.
580 1781 683 1846 Strab.
705 1783 744 1859 V,
767 1803 839 1868 pag.
864 1780 926 1845 355
949 1783 985 1844 A.
1008 1797 1101 1843 erant

61 1902 145 1944 sacra
159 1882 338 1948 Penatibus
356 1902 387 1949 et
403 1886 511 1950 Vestae
530 1911 549 1950 a
567 1886 809 1974 magistratibus
828 1887 982 1950 Romanis
997 1886 1099 1949 facta:

60 1985 202 2050 Macrob.
216 1987 281 2052 Sat.
294 1991 352 2068 ΙΙΙ,
366 1993 395 2071 4.
409 1992 450 2055 cf.
467 1992 616 2081 Dionysii
630 1992 740 2058 locum
750 2016 822 2079 sup.
838 1993 953 2080 Disqu.
965 1993 990 2053 I.
1002 2013 1026 2054 s.
1044 1992 1099 2054 IX.

44 2091 253 2184 appositum,
269 2109 302 2158 et
312 2094 416 2158 Strab.
428 2096 486 2160 lib.
497 2099 536 2176 V,
546 2120 625 2184 pag.
640 2096 702 2162 355
713 2100 750 2159 A.
761 2095 1004 2160 Obversabatur
1016 2093 1100 2158 adeo

60 2197 282 2262 Romanorum
307 2198 410 2264 oculis
443 2202 645 2289 auribusque
675 2203 785 2264 AEneae
815 2199 1100 2288 Trojanorumque

58 2302 231 2384 memoria;
255 2327 317 2368 nec
340 2307 434 2370 Maro
458 2306 542 2370 adeo
565 2305 655 2370 aliud
675 2322 907 2394 argumentum
928 2304 1045 2369 clarius
1067 2320 1100 2367 et

59 2403 212 2470 illustrius
228 2410 413 2496 excogitare
427 2413 604 2499 potuit(1).

58 2630 165 2699 βοὺλομαι
174 2631 202 2688 ll
209 2635 253 2686 vsrael
262 2635 359 2706 mplrtir
371 2638 455 2692 Alisios
464 2661 551 2709 aspor-

58 2712 104 2767 vier
119 2713 149 2769 sle
157 2714 262 2769 Ἰταλίαν
272 2711 347 2782 -μιΙ
359 2715 479 2787 nepipyoc
491 2721 552 2768 latt-

58 2791 117 2851 δεῖν,
140 2791 186 2848 ’τοῖς
211 2816 237 2846 rr
258 2797 303 2848 sss
322 2794 431 2850 sarlius
449 2797 488 2848 sal
510 2795 553 2852 ab

55 2860 166 2936 Ρωμαίων
182 2875 228 2928 sats
241 2873 352 2940 pisum
370 2873 553 2942 πιπιστιυμίνων

58 2947 151 3019 inspice
166 2952 325 3024 orepassaaa'r.
344 2959 387 3008 Ita·
402 2957 551 3028 legendum.

57 3031 199 3085 Fatendum
212 3047 318 3102 tamen,
334 3037 491 3108 Dionysium
504 3054 552 3086 suo

58 3123 83 3159 et
91 3112 200 3164 aliorum
209 3115 362 3166 Graecorum
370 3135 444 3168 more
451 3126 553 3168 veteres

57 3189 157 3243 fabulas
178 3197 206 3244 in
229 3195 355 3247 historias
375 3209 498 3248 accurate
519 3195 553 3247 ad

57 3275 211 3340 pragmatici
239 3277 376 3344 scriptoris
404 3275 553 3345 exemplum

58 3353 185 3417 expositas
204 3367 321 3406 mutasse
340 3373 362 3406 c.
386 3355 433 3420 46,
452 3355 479 3404 in
499 3371 551 3424 quo

57 3426 205 3482 Hellanicus
212 3433 270 3500 jam
282 3435 435 3502 praeiverat,
445 3445 475 3484 ut
487 3452 509 3483 c
519 3432 552 3498 48

57 3525 95 3575 pr.
108 3511 163 3579 ipse
176 3512 314 3563 declarare
326 3513 439 3564 videtur.

90 3587 238 3660 (1)Liceret
246 3594 315 3643 forte
324 3595 438 3644 certiora
446 3591 552 3657 docere,

59 3670 79 3719 si
93 3667 174 3721 No‘orror
194 3685 377 3742 superessent3
392 3685 421 3724 ut
437 3673 554 3722 Anteno-

57 3751 102 3812 ris,
115 3753 151 3801 sic
169 3752 259 3807 AEneae
271 3769 374 3804 errores
387 3754 415 3802 in
432 3753 463 3801 iis
477 3769 555 3821 expo·

601 2644 636 2694 sis
649 2641 800 2710 exemplum
818 2639 969 2704 effinxerat,
987 2649 1101 2711 cumque

600 2723 644 2774 hic
657 2741 699 2792 ap.
712 2720 807 2774 Circen
819 2720 990 2784 substitisset,
1003 2720 1097 2770 AEneas

603 2802 636 2855 ab
659 2820 691 2853 eo
716 2800 750 2852 ad
772 2801 919 2864 ulteriora,
948 2811 974 2849 et
998 2798 1031 2848 ad
1056 2801 1099 2868 ip·

603 2899 660 2933 sum
676 2879 780 2930 Latium
793 2879 844 2928 fuit
856 2877 994 2928 deductus.
1007 2877 1099 2927 Fuisse

603 2962 631 3012 in
656 2957 751 3030 mythis
781 2957 957 3026 antiquiorem
983 2954 1099 3023 aliquam

601 3039 697 3092 horum
708 3036 829 3088 locorum
839 3036 976 3098 notitiam,
990 3033 1099 3102 colligas

602 3137 633 3170 ex
646 3115 755 3168 Hesiodi
769 3113 869 3203 Theog
886 3112 951 3164 1013
962 3110 1007 3162 ubi
1024 3109 1100 3162 Circe

602 3215 634 3248 ex
646 3194 738 3266 Ulysse
753 3194 889 3264 peperisse
904 3190 1020 3241 dicitur
1020 3199 1101 3257 Appios

602 3271 641 3326 tal
657 3273 752 3326 Acriter
769 3267 880 3337 ἑμύμονοί
896 3289 922 3320 rs
941 3263 1045 3336 apartpo‘r
1059 3287 1101 3328 os,

602 3351 635 3404 Ol
643 3349 669 3404 li
678 3373 713 3402 ror
722 3347 793 3415 pelta
801 3351 854 3400 sits
863 3347 936 3414 μυχῷ
943 3343 1012 3399 tiras
1022 3343 1100 3417 irpeas

602 3433 678 3482 Πὶσιν
690 3429 828 3499 Τυρρκνοῒση
840 3425 1010 3492 άγακλειτοῖσιι
1025 3423 1100 3478 εἶναισ-

602 3533 648 3564 on.
662 3511 759 3562 Habuit
777 3508 843 3560 adeo
862 3519 957 3579 poeta,
975 3508 1022 3576 qui
1042 3505 1099 3558 hac
1135 3540 1138 3547 -

602 3591 726 3661 scripsit,
750 3591 887 3639 notionem
908 3587 1100 3650 Etruscorum,

604 3683 630 3722 at
637 3669 715 3720 valde
724 3669 878 3731 obscuram,
890 3665 981 3738 longe,
995 3666 1023 3716 in
1033 3666 1103 3717 insu·

604 3749 691 3800 lorum
712 3767 823 3814 recessu,
845 3747 871 3800 h.
895 3749 922 3798 in
943 3747 1035 3797 insulis
1056 3763 1101 3796 eos

58 3829 96 3878 siti
108 3847 164 3881 esse
176 3841 301 3899 potuere.
314 3833 374 3881 Fuit
385 3832 454 3882 forte
466 3832 492 3880 in
508 3831 554 3894 iis,
605 3828 719 3881 collocat
738 3850 746 3878 :.
765 3846 854 3880 errore
874 3827 944 3879 forte
963 3825 996 3876 ab
1015 3823 1105 3875 insula

15 3923 16 3954 ῑ
60 3909 102 3977 qui
113 3909 216 3978 primus
228 3909 316 3962 AEneae
324 3927 426 3964 errores
436 3908 472 3962 ad
483 3907 557 3980 Ulys-
605 3907 694 3962 Circes
706 3919 778 3965 nato.
