2690 4594
331 339 568 408 muninus
592 344 746 424 Linou
771 347 843 410 111.
1047 349 1109 438 377

61 462 121 526 Est
132 460 240 541 locut,
254 461 449 550 Hesperiam
462 466 551 530 Graii
564 468 761 556 cognomine
774 469 908 535 dicunt:

60 571 167 633 Terra
177 570 327 659 antiqua,
340 587 459 659 potens
471 575 584 654 armis,
597 591 698 664 etque
709 577 813 641 ubere
825 577 946 666 glebae,

60 675 207 741 OEnotri
219 676 352 741 coluere
364 678 442 741 viri:
456 702 545 743 nunc
557 680 657 760 fama,
671 683 816 748 minores
1069 696 1110 744 165

60 781 189 844 Italiam
203 780 336 860 dixisse,
351 780 444 848 ducis
457 783 499 849 de
512 787 663 877 nomine,
678 806 829 876 gentem3

59 887 123 950 Hae
135 886 231 952 nobis
242 889 386 976 propriae
398 889 492 954 sedes
503 915 511 971 ;
524 891 603 956 hinc
616 892 790 958 Dardanus
803 911 908 975 ortuS,
921 929 923 934 ·

58 997 236 1086 Jasiusque
247 1014 355 1086 pater,
370 1021 473 1086 genus
485 1022 504 1063 a
517 1017 585 1089 quo
596 1002 746 1090 principe
758 1019 919 1076 nostrum.

57 1102 165 1190 Surge
178 1125 251 1191 age,
267 1121 299 1168 et
311 1103 382 1169 haec
393 1103 487 1170 laetus
499 1106 650 1194 longaevo
663 1105 750 1173 dicta
761 1109 891 1196 parenti

60 1211 161 1274 Haud
175 1210 357 1276 dubitanda
369 1213 473 1276 refer:
488 1214 689 1302 Corythum,
699 1232 868 1306 terrasque
881 1215 1026 1306 requirat
1069 1244 1112 1292 170

58 1321 232 1385 Ausonios.
246 1321 370 1390 Dictaea
381 1336 481 1412 negat
492 1320 551 1385 tibi
566 1324 584 1387 J
588 1324 720 1413 uppiter
731 1337 817 1388 arra.

57 1541 114 1576 ante
124 1528 233 1576 vidimus.
246 1523 347 1578 increta
363 1548 376 1578 c
390 1531 508 1580 Clodonio
515 1533 595 1579 lleint.
608 1533 681 1578 Porro
696 1532 776 1588 Crete,
791 1533 869 1590 Croto,
880 1542 952 1590 certe,
963 1532 1113 1580 librariorum

57 1603 227 1648 aberrationet.
240 1607 362 1650 consistere
370 1604 440 1650 Goth.
451 1621 486 1667 pr.
498 1604 624 1666 Hamburg.
638 1621 675 1667 pr.
687 1615 710 1650 et
724 1605 762 1650 ed.
774 1623 811 1668 pr.
822 1617 938 1668 perpetuo
947 1606 1021 1669 lapsu.
1036 1608 1112 1653 cousi-

56 1675 112 1717 dete
118 1675 191 1736 jussit
199 1671 334 1721 duolleins.
345 1687 369 1721 et
378 1675 470 1738 aliquot
478 1667 539 1722 Pici.
549 1701 581 1712 -
593 1674 812 1722 163-166.1tdem
825 1692 869 1723 ves.
880 1692 931 1740 sup.
940 1677 962 1734 l,
973 1676 1111 1724 530-533.

55 1771 90 1782 -
103 1743 154 1790 165.
165 1745 271 1792 OEnotrit
278 1747 363 1794 Medic.
373 1758 397 1793 et
408 1746 461 1803 alii,
472 1746 540 1793 male.
554 1765 576 1794 v.
586 1762 638 1809 sup.
649 1747 672 1812 ¹>
683 1746 735 1793 532.
747 1756 836 1793 tenuem
845 1747 916 1794 Wall.
926 1760 948 1795 et
955 1749 1048 1795 Vratitl⁴
1056 1763 1112 1810 per-

54 1829 130 1880 petua
139 1819 275 1864 mutatione.
287 1843 319 1854 -
336 1818 385 1864 166.
398 1819 490 1865 duxisse
504 1819 585 1882 fragm.
602 1819 677 1864 Vatic.
693 1816 784 1880 aliquot
796 1821 857 1866 Pier.
872 1831 896 1866 et
908 1819 1022 1866 Montalb.
1035 1827 1112 1884 pentes

56 1887 108 1934 duo
117 1904 155 1950 ap.
165 1891 245 1934 Burm.
255 1915 285 1926 -
298 1890 349 1954 167.
359 1891 416 1936 Hoec
427 1891 520 1953 Menag.
530 1907 566 1952 pr.
581 1901 604 1953 et
616 1882 698 1936 Fratre.
708 1889 770 1936 vobis
781 1892 864 1954 trane,
877 1889 917 1937 itae
927 1891 988 1944 vobis
998 1892 1066 1936 Witt.
1077 1890 1112 1935 ltae

54 1963 156 2024 propriu
169 1960 232 2007 noto
244 1961 316 2008 Wall.
330 1961 364 2008 lu'c
376 1964 406 2009 D.
422 1975 477 2009 tert.
488 1961 587 2009 Mentel.
598 1978 657 2026 apr.
669 1978 699 2007 m.
709 1962 804 2026 216⁸.
815 1972 915 2012 vestrum
926 1963 963 2010 ed.
977 1963 1036 2009 Ven.
1053 1963 1113 2008 Cum

56 2031 183 2078 Dardanos
195 2042 261 2095 poter
271 2036 349 2096 potius
360 2032 577 2080 commemorandus
586 2033 610 2078 h.
626 2033 642 2078 l.
655 2032 775 2089 videatur,
788 2049 858 2095 quam
870 2034 946 2079 Iasius
956 2042 1034 2096 poter,
1047 2033 1113 2093 cogi-

56 2114 109 2150 tare
117 2105 191 2165 poesis
199 2102 244 2167 leg.
255 2106 378 2152 Dardanus
384 2107 506 2168 latiusque
513 2114 597 2166 patres.
608 2103 656 2165 Sed
663 2113 741 2166 potest
749 2115 818 2165 poeta
828 2103 891 2150 idem
898 2104 997 2152 voluisse
1008 2101 1112 2150 etaltera

54 2170 114 2218 loco
122 2172 265 2234 neglexisse:
278 2176 401 2222 Dardanus
412 2189 479 2238 patet
489 2178 613 2238 latiusque
621 2183 693 2236 puter.
705 2174 806 2219 Omnino
816 2177 836 2219 si
847 2173 919 2220 semel
929 2174 1076 2220 manifestum
1086 2173 1113 2220 fit

56 2240 142 2303 aliquo
153 2245 178 2288 in
187 2243 253 2300 loco,
262 2256 356 2308 poetam
365 2244 468 2294 noluisse
478 2255 584 2292 accurate
595 2243 675 2306 loqui,
685 2245 711 2287 in
722 2241 818 2304 singulis
827 2240 962 2289 haerendum
972 2256 1021 2286 uon
1031 2253 1073 2288 est.
1080 2265 1113 2276 -

59 2311 114 2371 169·
128 2310 175 2358 ltoec
185 2313 249 2360 abeat
260 2316 350 2361 aWitt.
363 2336 395 2351 -
407 2331 457 2377 ¹7⁰·
474 2313 577 2360 dubitata
588 2312 679 2360 aniclt.
690 2310 815 2372 Corythum
823 2313 974 2373 scriptionem
986 2329 999 2358 e
1010 2311 1076 2357 libris
1089 2323 1112 2357 et
1185 2370 1188 2376 Ι

56 2386 154 2430 ratione
165 2389 313 2446 grammatica
327 2390 432 2434 restituit
447 2388 527 2433 Heius.
537 2387 577 2432 Ett
588 2388 651 2433 enim
662 2381 772 2448 Κόρυθος.
792 2383 869 2445 Vulgo
881 2383 993 2440 Coritum,
1005 2394 1028 2429 et
1039 2379 1112 2428 libra·

55 2459 150 2501 riorum
159 2454 260 2506 ludibria
270 2474 275 2504 τ
285 2457 413 2514 Choritum,
426 2457 576 2518 Chotythum,
587 2459 710 2505 comittem.
720 2474 743 2503 v.
753 2457 831 2502 Bum.
844 2455 867 2501 lr.
878 2454 894 2500 l.
905 2467 928 2502 et
937 2455 967 2502 ad
976 2454 1047 2502 Rutil.
1055 2456 1111 2500 ltin.

55 2527 82 2585 1,
95 2527 150 2574 600.
163 2533 264 2593 requirat
273 2532 352 2580 Heim.
365 2547 419 2581 cutn
428 2531 577 2589 melioribus,
589 2533 659 2579 etiam
670 2530 751 2592 fragm.
761 2529 838 2575 Vatic-
850 2545 873 2575 r.
882 2527 972 2578 liened.
984 2527 1062 2590 Vulgo
1071 2525 1112 2572 alii

56 2601 158 2668 requiro.
172 2602 285 2653 Nonnulli
297 2607 408 2675 requiras.

100 2783 350 2839 163-166.1idem
360 2805 452 2840 versus
470 2789 563 2840 intexti
612 2787 695 2850 Nam,
710 2786 732 2836 si
744 2783 859 2837 multum
873 2793 948 2836 oetote
957 2789 1111 2854 provectum

58 2874 140 2914 erant
149 2879 230 2936 supra
240 2864 287 2917 lib.
300 2867 328 2930 l,
342 2865 563 2934 530-533,ubi
612 2869 650 2918 ita
673 2865 807 2938 designari
835 2883 895 2916 eum
921 2858 1110 2912 Holdswortho

57 2942 132 2996 vide.
612 2937 726 3009 statuas,
739 2945 782 2995 vix
802 2942 887 3013 probe
902 2941 1008 2991 feceris.
1027 2939 1115 3006 igitur>

100 3023 255 3093 167-171.
266 3024 316 3074 11ae
327 3023 399 3075 nobis
406 3026 563 3098 propriore·
613 3044 672 3076 cum
691 3045 708 3074 a
724 3043 776 3096 quo
792 3020 943 3075 necessario
960 3018 994 3070 ad
1011 3017 1111 3068 Darda·

59 3103 112 3154 des.
126 3099 213 3172 Supra
226 3102 261 3153 ad
276 3099 429 3171 Apollinem
438 3121 462 3152 v.
475 3103 508 3156 85
520 3106 563 3155 Da
611 3119 677 3154 num
700 3103 872 3157 referendum
894 3101 941 3160 eit,
962 3100 1000 3150 sic
1021 3098 1111 3148 locum

56 3183 196 3254 propriam
202 3220 212 3247 ,
224 3179 390 3252 Thymttoe,
400 3183 514 3234 domum.
522 3183 562 3235 De
612 3199 731 3252 expono,
741 3195 773 3234 ut
785 3183 885 3234 dictum
895 3181 929 3230 sit
936 3175 994 3248 ipro
1006 3198 1014 3225 t
1025 3196 1041 3226 a
1053 3174 1113 3246 qui-

57 3261 183 3314 Dordani
194 3261 296 3332 origine
303 3261 444 3313 exltaliav.
454 3263 560 3313 Excurs.
613 3261 673 3324 lus,
687 3278 749 3311 seu:
767 3261 922 3322 Dardanus,
942 3276 1002 3308 com
1020 3256 1109 3320 dorio,

57 3342 96 3392 Vl
110 3339 185 3392 adh.
197 3339 215 3391 l.
227 3339 412 3410 totumue,
424 3340 562 3394 sideDar·
612 3359 628 3390 a
644 3359 697 3412 quo
713 3341 838 3392 Dardano
855 3350 904 3390 etc.
919 3337 1040 3408 princeps
1050 3335 1076 3386 h.
1091 3335 1111 3386 l.

58 3421 127 3473 dani
140 3429 215 3490 patre
229 3420 358 3490 accipias,
369 3418 459 3471 'habet
479 3433 533 3474 tum
546 3441 563 3473 a
612 3432 706 3472 auctor
724 3421 813 3489 stirpis
834 3417 876 3470 vel
897 3419 1009 3489 generis.
1036 3417 1114 3485 Coty-

58 3518 116 3571 quo
138 3498 287 3569 expeditam
306 3501 560 3569 interpretationem.
612 3499 688 3550 titum
707 3498 740 3550 de
756 3501 815 3568 ipso
836 3493 952 3568 ”tegeno
971 3493 1115 3549 conditore

58 3579 115 3630 Sed
127 3598 142 3630 c
154 3577 259 3644 Servio,
275 3580 320 3648 qui
332 3598 347 3630 e
359 3580 562 3632 vestustioribus
611 3578 734 3631 Cortonoe
747 3579 844 3649 accipit
860 3576 963 3629 Cluver.
982 3575 1039 3627 Ital.
1055 3586 1111 3628 ant.

56 3657 169 3712 fabulas
182 3661 308 3723 servavit,
323 3658 448 3729 adparet,
463 3677 561 3730 sequu-
611 3677 638 3728 p.
653 3655 712 3727 59²·
722 3655 827 3710 Scilicet
834 3656 921 3708 dictus
930 3655 1114 3725 conditorpro

59 3751 104 3792 tos
118 3755 176 3791 esse
192 3740 271 3791 ltalos
288 3739 340 3791 hac
359 3741 387 3791 in
409 3757 438 3792 re
456 3739 561 3792 Graecos
611 3738 671 3808 ipsa
683 3738 762 3802 urbe,
776 3749 802 3789 et
812 3736 839 3788 h.
853 3737 874 3788 .l.
888 3755 938 3808 pro
952 3748 1007 3786 tota
1017 3735 1112 3797 ltalia,

58 3815 182 3888 mythos,
195 3819 241 3888 qui
257 3818 357 3870 lasitmt
376 3818 496 3873 Dardani
507 3820 563 3871 fra·
611 3817 708 3869 saltem
721 3817 826 3869 Etruria
841 3835 873 3869 ae
887 3815 998 3867 finitimo
1015 3815 1113 3865 ltatior

59 3909 133 3947 trem
145 3896 293 3962 tradidere,
306 3917 365 3949 cum
377 3915 430 3967 quo
442 3900 464 3950 is
474 3899 501 3948 iu
514 3897 562 3950 Sa·
611 3909 641 3947 ut
662 3915 704 3966 ap.
724 3897 852 3950 Rutilium
873 3893 981 3965 Corythi
999 3888 1114 3963 populos

59 3974 238 4028 mothraciam
256 3974 337 4044 abiit,
356 3989 385 4028 ut
405 3976 472 4030 odeo
488 3989 564 4048 pater
611 3975 763 4046 Tyrrlreniae
771 3977 861 4028 malim
870 3989 1016 4043 exponere,
1027 3980 1054 4020 et
1061 3968 1109 4016 int.

60 4054 226 4129 posteritatis
255 4068 377 4131 respectu
408 4056 494 4109 dictus
519 4057 560 4108 sit.
612 4045 1114 4128 lll,10extremosssorytlu'penetravit
