2724 4580
267 295 333 364 ‘156

515 249 1048 362 r,rtncrs11uinou1s

269 394 323 482 Tit
335 419 449 484 faciem
462 406 547 484 illius
559 437 689 486 noctem
700 443 766 484 non
778 420 916 507 amplius
928 443 1027 484 unam

270 525 358 588 Falle
371 525 460 604 dolo,
475 520 612 592 et'notos
624 529 717 615 pueri
729 549 812 615 puer
823 511 922 589 indue
934 526 1060 590 vultus:

271 627 331 707 Ut,
345 653 446 716 quum
458 647 489 693 te
503 633 626 716 gremio
638 631 778 718 adcipiet
790 631 951 694 laetissima
963 627 1063 707 Dido,

270 734 397 821 Regalis
410 736 494 799 inter
505 759 631 802 men-sas
643 738 837 825 laticemque
850 739 996 826 Lyaeum,
1089 772 1096 780 ·

268 837 380 919 Quum
393 839 482 904 dabit
492 843 659 930 amplexus
670 859 769 930 atque
783 842 891 907 oscula
903 841 1011 906 dulcia
1022 838 1112 929 liget,

269 943 443 1009 Occultum
456 947 592 1035 inspires
605 949 727 1034 ignem,
741 949 897 1036 fallasque
909 969 1047 1012 venenu.

271 1050 367 1114 Paret
378 1053 477 1116 Amor
490 1051 582 1117 dictis
594 1077 677 1118 carae
690 1055 875 1139 genetricis,
887 1069 918 1117 et
930 1039 995 1116 ala‘s

271 1155 381 1234 Exuit,
395 1173 427 1219 et
439 1180 551 1244 gressu
563 1158 708 1246 gaudens
721 1159 842 1223 incedit
856 1157 928 1222 Iuli.
971 1156 974 1166 '

272 1261 314 1324 At
325 1251 436 1326 Venus
447 1265 586 1328 Ascanio
598 1260 758 1351 placidam
770 1287 829 1352 per
841 1261 987 1328 membra
998 1262 1143 1352 quietem

271 1366 407 1452 Inrigat‚
422 1384 454 1430 et
466 1370 574 1433 fotum
584 1372 708 1458 gremio
719 1369 778 1433 dea
792 1370 874 1434 tollit
887 1371 919 1432 in
932 1369 1013 1433 altos

270 1469 382 1534 Idaliae
394 1472 499 1538 lucos:
513 1474 570 1537 ubi
582 1476 688 1541 mollis
700 1496 864 1540 amaracus
877 1473 970 1563 illum

303 1649 357 1696 683.
370 1653 438 1713 ipsius
447 1667 481 1713 pr.
492 1652 611 1698 Moren-
622 1651 675 1700 685.
685 1653 716 1698 Et
727 1651 795 1698 Goth.
806 1659 895 1696 rernm
905 1659 985 1695 tecum
995 1662 1056 1697 unus
1065 1643 1207 1707 Guelpberb.
1218 1646 1242 1690 in
1250 1646 1294 1689 Sar.
1346 1682 1347 1700 ¹

272 1721 364 1768 collect.
374 1727 468 1784 accipiat
476 1739 522 1770 sec.
531 1726 614 1770 Moret.
625 1725 693 1769 male.
700 1715 786 1769 4686.
799 1721 891 1786 Reqnles
900 1720 976 1784 epulas
985 1723 1041 1764 inter
1049 1717 1252 1763 stomun-688.
1261 1713 1296 1761 ol-

272 1807 364 1841 scurum
379 1792 436 1838 alter
450 1793 574 1854 Hamburg.
585 1793 705 1857 fallatque
716 1809 824 1838 uenenum
840 1792 876 1838 ed.
889 1793 986 1845 Venet,
1002 1805 1050 1836 non
1069 1787 1157 1833 infelici
1175 1802 1259 1832 errore.
1269 1809 1297 1820 -

272 1861 327 1919 69ο.
337 1868 360 1905 et
367 1860 430 1906 vultu
446 1861 522 1909 Schol.
533 1865 588 1907 Stat.
598 1865 619 1908 ll
628 1865 701 1909 Theb.
711 1863 748 1924 96.
757 1878 834 1926 qressu
842 1863 944 1924 prodiens
952 1865 1028 1925 Sprot.
1040 1877 1053 1905 a
1063 1875 1092 1904 m.
1101 1875 1135 1934 pr.
1147 1859 1235 1902 incessit
1242 1857 1297 1900 Dor·
1312 1929 1315 1935 Ι

273 1929 323 1975 vill.
330 1955 362 1966 -
369 1929 423 1991 691.
431 1929 537 1993 placitam
545 1932 645 1982 sollenni
653 1936 710 1981 vitio
719 1933 808 1996 aliquot
817 1949 854 1994 ap·
866 1933 926 1978 Pier.
938 1929 942 1936 '
1005 1968 1008 1974 .

274 2095 334 2158 Sup-
347 2080 398 2148 348
413 2083 481 2152 Quos
501 2085 682 2138 intermedius
696 2087 768 2138 vertit
816 2069 1013 2148 loetus'ilcltate,
1024 2110 1060 2122 -
1069 2079 1182 2152 quietem
1197 2075 1300 2146 irriqat,
1349 2122 1350 2154 p

815 2177 845 2216 ut
861 2183 980 2217 somnum
989 2162 1143 2233 infundere,
1157 2170 1199 2220 et,
1217 2155 1301 2224 vulga-
1349 2161 1350 2176 ³

269 2157 358 2226 furor.
367 2161 393 2212 h.
406 2162 423 2212 l.
433 2162 466 2213 de
476 2181 524 2226 eo,
538 2165 582 2233 qui
594 2164 768 2234 impedimen-

198 2247 201 2255 '
274 2247 332 2287 tum
349 2240 435 2290 affert.
448 2242 548 2294 -683.
565 2241 667 2311 faciem
681 2240 766 2312 falle,

274 2319 404 2384 mentire,
425 2321 537 2387 simula,
549 2322 644 2374 falsam
664 2323 765 2374 exhibe.

274 2399 311 2448 ci.
328 2398 450 2452 German.
465 2401 551 2471 facies
570 2422 619 2473 pro
641 2415 696 2454 toto
710 2419 770 2455 cor-

274 2493 341 2546 pore
355 2490 381 2528 et
394 2477 496 2529 habitu.
508 2499 534 2529 v.
552 2479 578 2530 h.
597 2480 615 2530 l.
632 2483 718 2530 Burni.
732 2481 766 2530 cf.

275 2571 301 2601 v.
310 2552 369 2608 658.
381 2566 452 2607 notos
462 2556 548 2608 vultus
559 2568 612 2621 ,¹ex
623 2577 696 2610 more
708 2577 770 2628 poe·

275 2646 380 2697 tarum,
393 2633 425 2684 de
438 2634 513 2685 vultu
523 2637 649 2705 cujusque
662 2655 726 2701 suo,
739 2656 769 2689 ac

276 2709 396 2783 prdprio.
416 2713 515 2766 -686.
539 2712 642 2765 laticem
662 2718 770 2787 lyoeum

277 2810 327 2862 pro
340 2793 459 2865 vulgari:
473 2794 543 2846 latex
554 2796 629 2866 Lyaei.
643 2795 693 2847 Sed
705 2813 770 2866 poe·

275 2886 364 2926 tarum
380 2892 452 2926 more
475 2893 524 2944 pro
543 2874 661 2927 derivato
683 2876 771 2944 adjec-

276 2955 350 3018 tivo,
371 2951 439 3002 latex
450 2953 552 3022 Lyoet'us
561 2991 569 3017 ‚
590 2955 662 3023 quod
684 2957 770 3024 ipsum

275 3033 321 3084 vix
340 3049 402 3082 usus
419 3033 513 3095 ferret,
530 3034 647 3102 ponitur.
667 3035 768 3086 -688.

189 3181 191 3188 Ι
277 3112 385 3184 inspirer
396 3112 499 3183 iqnem,
513 3129 600 3163 nonne
612 3112 703 3182 paullo
722 3112 770 3164 du-

276 3194 332 3244 rius
344 3189 413 3242 hoc?
431 3202 457 3241 et
470 3193 589 3262 jungitur
609 3193 686 3243 etiam
701 3211 772 3244 nova

275 3274 316 3324 rei
326 3273 412 3342 imago
424 3267 571 3341 :fallasque
581 3289 695 3334 veneno,
708 3271 734 3322 h.
746 3291 768 3322 e.

277 3369 326 3422 per
336 3349 457 3402 fraudem
469 3367 600 3400 venenum
608 3351 636 3400 'ei
649 3351 768 3410 instilles.

278 3427 358 3496 Quo'd
369 3441 456 3478 autem
461 3427 512 3479 hoc
520 3427 769 3498 itaadstruitpoeta,

278 3521 310 3558 ut
322 3506 454 3562 Didonem
466 3509 534 3558 inter
553 3509 666 3558 convivii
678 3507 771 3559 hilari-

277 3597 383 3648 tatem,
412 3603 469 3654 quae
500 3587 616 3636 animum
647 3585 771 3651 relaxat,

279 3682 369 3715 amore
380 3662 522 3716 inllammet
529 3703 536 3730 ‚
544 3676 644 3714 naturae
651 3663 771 3715 humana

280 3745 467 3794 convenienter
480 3743 694 3793 comminiscitur.

314 3821 475 3892 690--694ι
509 3820 629 3871 Gaudens
659 3824 773 3874 suaviter

281 3897 412 3968 adjectum
425 3897 426 3902 ’
437 3909 466 3947 ut
488 3896 571 3959 alias,
593 3895 665 3950 loetus
681 3913 772 3969 paret,

816 2245 1010 2306 timoratione,
1028 2237 1184 2313 perfundere
1202 2249 1301 2293 somno,

817 2323 925 2394 irripere
939 2317 1167 2390 membraquietc,
1179 2313 1259 2366 habet
1271 2310 1300 2361 ab

817 2401 1011 2469 antiquioribus
1030 2398 1128 2468 poetis,
1148 2392 1269 2445 Lucretio
1280 2397 1302 2438 et

816 2481 896 2530 Furio
909 2480 1030 2544 Antiates,
1045 2475 1115 2547 apud
1127 2471 1246 2524 Macrob.
1257 2470 1303 2530 vl,

821 2576 842 2610 1.
856 2560 887 2610 Et
905 2558 935 2609 hi
947 2559 1042 2610 duxere
1066 2574 1097 2606 ex
1117 2553 1257 2604 Homerico
1269 2545 1303 2599 inl

818 2627 982 2708 pmndrrimor
995 2635 1080 2700 ἶχινιι.
1094 2619 1178 2699 mpll’
1187 2623 1305 2696 ἀμβρόσιος

820 2716 905 2782 nixu&
917 2715 992 2770 ὕπνος.
1005 2715 1074 2766 Nata
1084 2723 1171 2762 autem
1184 2704 1306 2777 loquendi

819 2801 905 2850 forma
918 2814 948 2846 ex
964 2794 1071 2853 notione
1087 2789 1223 2850 humoris,
1242 2787 1305 2835 forte

820 2897 836 2930 a
848 2895 906 2928 rore
919 2874 1012 2935 ducta,
1031 2887 1083 2940 quo
1099 2867 1188 2920 herbae
1199 2865 1306 2935 perfun-

820 2956 935 3016 duntur,
954 2953 1067 3022 primum
1081 2947 1168 3010 nocti,
1184 2957 1240 2996 tum
1249 2961 1307 2995 som·

820 3053 854 3086 no
882 3024 1021 3101 adjunctn3
1043 3026 1114 3078 unde
1141 3020 1207 3092 ripple
1236 3022 1306 3076 dnm.

819 3113 857 3164 Ex
869 3131 900 3163 eo
913 3113 971 3180 ipso
990 3105 1117 3160 artificum
1136 3105 1205 3154 ratio
1218 3091 1306 3164 ducta,

821 3190 892 3262 quod
900 3189 1011 3240 Somnus
1020 3203 1103 3238 cornu
1112 3182 1236 3235 defundit
1244 3183 1309 3252 quie·

820 3282 872 3321 tem
885 3268 925 3318 vel
939 3267 1056 3324 somnia;
1080 3281 1134 3314 non
1146 3264 1265 3324 inverse,
1284 3269 1310 3308 ut

819 3333 899 3419 vulgo
912 3346 1037 3398 creditur.
1049 3343 1151 3411 -692
1159 3341 1249 3411 sotum
1260 3355 1325 3410 qm.

814 3429 899 3490 nmio,
923 3427 1042 3476 ornatius
1074 3440 1170 3492 quam,
1192 3421 1309 3491 positum.

820 3506 921 3557 ltaerent
931 3507 1094 3573 interpretes.
1108 3503 1142 3551 cf.
1161 3501 1222 3568 678.
1238 3499 1312 3548 inter·

820 3589 883 3640 dum
911 3587 1011 3658 qremt'o
1036 3584 1120 3654 fovet.
1156 3597 1312 3641 amaracus,

821 3665 1008 3736 sampsuchum
1030 3663 1071 3714 vel
1086 3663 1222 3729 majorano
1232 3697 1240 3723 ‚
1260 3673 1312 3726 qua

821 3748 889 3796 inter
901 3745 1053 3795 coronarias
1066 3753 1113 3792 est.
1125 3759 1149 3789 v.
1164 3739 1230 3788 Plin.
1243 3737 1311 3796 xxl,

825 3841 851 3874 ιι
868 3841 887 3873 s.
908 3822 950 3874 35.
965 3823 999 3891 39
1018 3822 1046 3872 in
1069 3822 1152 3890 Cypro
1173 3812 1312 3868 laudatissi-

822 3921 895 3954 mum
904 3913 930 3952 et
941 3898 1146 3952 odoratissimum
1156 3934 1165 3961 ,
1179 3896 1243 3947 ibid.
1252 3913 1273 3944 c.
1284 3907 1311 3940 απ

279 3975 307 4030 b.
328 3996 350 4027 e.
373 3976 487 4038 lubens,
511 3987 536 4026 et
557 3993 616 4026 mox
637 3977 688 4047 696
711 3979 774 4032 duce
824 4000 844 4032 s.
855 3981 994 4052 93‚et.ut
1008 3979 1125 4030 umbram
1135 3975 1192 4026 h.l.
1207 3973 1311 4032 efficiat,

817 4146 822 4160 s

808 4169 821 4198 s
