2742 4586
248 327 312 374 ιιι
406 390 408 394 ,
498 305 532 368 r.
556 303 787 367 virumn
808 304 1040 369 Minurus

246 431 324 494 Pars
336 443 446 517 stupet
458 428 605 517 innuptae
618 427 743 492 donum
756 427 883 492 exitiale
895 429 1069 509 Minervae,

248 537 291 600 Et
302 536 424 600 molem
436 536 596 599 mirentur
608 536 701 623 equi,
714 535 906 622 primusque
918 534 1110 624 Thymoetes

246 643 331 705 Duci
344 643 429 706 intra
439 663 551 705 muros
563 639 727 719 hortatur,
742 657 775 704 et
786 661 861 704 erce
872 639 990 719 locari3

244 749 320 812 Sive
333 746 424 827 dolo,
439 769 497 812 seu
505 747 575 836 jam
583 745 692 835 Trojae
705 745 751 810 sic
763 746 830 810 fata
842 744 1002 810 ferebant.

246 857 288 918 At
300 856 419 943 Capys,
434 870 467 917 et
478 875 620 941 quorum
634 850 752 916 melior
764 851 925 916 sententia
936 853 1055 932 menti,
1270 869 1301 916 35

245 962 311 1023 Aut
322 960 439 1047 pelago
452 960 603 1024 Danaum
615 955 749 1038 insidias
762 974 981 1047 suspectaque
994 957 1082 1022 dona

244 1066 450 1153 Praecipitare
458 1064 591 1154 jubent,
605 1063 802 1154 subjectisve
814 1087 911 1128 urere
924 1063 1082 1128 flammis:

246 1241 327 1290 Heius.
337 1239 503 1298 emeliorihus,
515 1244 621 1304 inprimis
633 1243 698 1288 Rom.
709 1241 796 1288 Medic
805 1242 866 1288 Gud
878 1242 949 1304 vulgo
959 1245 1027 1298 ories
1039 1240 1104 1306 quod
1112 1253 1199 1304 praeter
1211 1242 1297 1298 codd..

245 1315 308 1358 mter
317 1328 376 1377 quos
383 1329 464 1359 omnes
474 1314 590 1369 Gothum
602 1313 738 1360 Rufinianus
748 1314 777 1360 de
787 1314 879 1360 Schem
890 1315 944 1360 Lex.
956 1331 980 1377 p.
991 1315 1028 1370 33,
1035 1329 1080 1360 nec
1091 1329 1140 1360 non
1150 1314 1297 1376 Pomponius

246 1385 345 1430 Sabinus
355 1397 490 1446 agnoscunt.
500 1387 646 1430 Burmannus
656 1397 781 1450 utrumque
792 1386 900 1432 illustrat.
906 1386 952 1432 Sed
962 1387 1102 1432 dicendum:
1097 1383 1145 1431 ·lu'c
1150 1389 1199 1431 acie
1208 1395 1298 1432 certare

246 1451 347 1500 solebant
356 1469 405 1501 esse
415 1467 550 1518 exqmsrtrus
540 1438 666 1518 adeoque
675 1467 743 1518 poeta
754 1456 859 1518 dignum
872 1455 971 1502 alterum
980 1457 1162 1518 prosaicum—
1129 1455 1213 1500 -.3ι
1230 1453 1296 1513 Thy-

244 1535 323 1572 metes
333 1528 395 1573 varie
407 1540 516 1589 corrupta
526 1543 571 1574 vox
581 1532 607 1575 in
617 1528 691 1574 libris.
704 1547 725 1576 ι.
739 1530 802 1592 apud
807 1530 886 1576 Heius.
900 1541 923 1576 et
934 1531 1012 1575 Burin
1025 1527 1072 1574 Sed
1081 1539 1116 1574 est
1125 1523 1253 1587 Θυμοίτης
1263 1551 1297 1562 ⁶-

244 1594 283 1640 33.
294 1599 352 1642 inter
359 1599 419 1644 Ven.
430 1595 490 1660 infra
497 1615 542 1645 sec.
550 1600 654 1646 Μιιιιι.Ι
645 1616 668 1644 m
676 1613 773 1664 qreequ.
786 1599 949 1657 limet—34.
959 1597 1080 1646 mouebant
1089 1615 1124 1660 pr.
1133 1597 1217 1644 Hamb.
1225 1612 1294 1660 pora·

245 1666 300 1713 hant
309 1668 374 1715 alter.
386 1668 491 1716 volebant
501 1671 615 1718 Montalb.
629 1672 671 1718 sed
682 1671 735 1719 ride
747 1673 825 1718 Burm.
835 1674 963 1736 Trappius‚
974 1688 1023 1718 non
1032 1671 1091 1720 adeo
1103 1669 1245 1731 inelegantis
1260 1670 1296 1714 vir

242 1739 336 1804 judicii,
347 1757 426 1787 versus
435 1741 536 1788 malebat
545 1745 576 1789 sic
586 1743 679 1806 disponi
689 1760 695 1789 :
707 1745 740 1788 Et
746 1743 914 1790 molem—Sive
923 1743 1076 1791 dolo-Duci
1086 1746 1153 1796 ιἰιιια,
1160 1739 1227 1804 quod
1236 1739 1295 1786 mol-

230 1803 291 1865 ''lips
300 1810 359 1871 quid
367 1810 454 1858 habere
463 1814 508 1874 ipsi
519 1813 650 1860 ridebatur.
663 1815 733 1860 Recte
743 1813 846 1876 quidem.
857 1814 915 1870 Sed,
926 1827 952 1860 ut
961 1829 1024 1859 nunc
1034 1821 1083 1867 est,
1095 1813 1186 1872 gravior
1197 1823 1232 1857 est
1242 1825 1295 1855 ora-

245 1881 287 1923 tio.
296 1906 326 1914 -
334 1881 371 1926 35.
381 1899 411 1926 m.
422 1899 440 1926 s.
448 1885 573 1948 surpitsee.
587 1885 669 1930 llamb.
682 1901 710 1930 ex
718 1886 740 1941 l,
752 1885 803 1931 582.
816 1903 860 1948 pro
869 1890 944 1942 menti,
957 1886 1020 1933 cordi
1029 1883 1098 1930 Goth.
1108 1880 1161 1928 t'ert.
1169 1907 1201 1918 -
1209 1883 1247 1944 37.
1253 1885 1294 1944 ju·

245 1950 298 1996 beet
307 1951 378 1998 habet
391 1954 461 1999 codd.
479 1967 502 2001 et
515 1958 717 2018 grammaticorum
728 1960 903 2012 auctoritatem
919 1974 968 2004 non
983 1961 1060 2003 minus
1075 1967 1153 2000 tamen
1167 1957 1244 2016 gravis
1259 1962 1293 1996 est

244 2023 303 2070 fides
318 2023 351 2085 τᾷ
362 2024 434 2086 jubet.
447 2044 469 2071 v.
479 2027 558 2074 Heius.
571 2030 627 2075 Mox
643 2028 778 2091 legebatur:
795 2029 944 2093 subjectisque
958 2029 1007 2094 uf.
1021 2031 1092 2075 Recte
1105 2029 1168 2073 inter
1178 2027 1290 2073 Seruiana

245 2193 370 2228 accensos
388 2181 547 2234 credidisse·
561 2180 741 2240 etsilliadqss
791 2183 900 2251 TroJenr
912 2185 960 2235 inf
975 2182 1031 2236 183.
1041 2181 1191 2253 sapientius
1203 2191 1294 2231 autem

244 2255 563 2321 684nonmemorantur.
573 2260 742 2314 AtsubPelei
791 2261 917 2332 Virgilius
939 2261 972 2314 de
995 2279 1065 2332 equo
1088 2259 1233 2312 consilia'
1226 2261 1294 2309 inire

244 2335 345 2390 ditione
372 2340 491 2412 Dolopes
518 2343 615 2405 fuisse,
644 2340 741 2410 quibus
791 2341 922 2410 Trojanos
940 2343 1021 2405 iacit,
1041 2353 1186 2410 antequam
1202 2339 1231 2389 in
1250 2357 1294 2389 ar-

242 2414 352 2468 Phoenix
368 2419 526 2488 preficitur‚
542 2421 699 2492 intelligitur
712 2439 744 2472 ex
792 2437 850 2471 cem
871 2419 1001 2473 deductus
1021 2433 1092 2484 eret,
1116 2437 1197 2487 quam
1220 2415 1295 2486 apud

167 2539 169 2543 .
241 2493 319 2546 Iliad·
334 2517 353 2556 ι,
372 2498 433 2563 480.
448 2501 582 2564 tendebat,
597 2501 743 2552 tentorium
791 2499 937 2550 Homerum
953 2499 1070 2550 deducto
1084 2499 1141 2566 jem
1157 2497 1186 2546 in
1201 2515 1293 2548 arcem

242 2573 368 2628 habebat.
402 2580 516 2632 militare
551 2580 669 2632 verbum.
705 2582 739 2632 of.
790 2577 984 2649 equozssrlyss.
1003 2576 1191 2646 &Aodsqqq
1209 2594 1292 2646 equo

243 2653 337 2708 Cerdo.
344 2657 467 2711 Ceterum
476 2661 741 2731 comparandnseum
790 2655 850 2707 loco
869 2657 997 2728 pleraque
1009 2656 1054 2708 hic
1068 2673 1200 2726 expressa.
1221 2655 1294 2725 Thy-

241 2747 333 2802 poetae'
357 2740 519 2792 verecundia
545 2754 624 2792 notus
651 2740 741 2791 Ovidii
790 2746 885 2786 meten
897 2732 1293 2788 nominetexauetoritateEu-

241 2812 315 2865 lusus
327 2817 410 2888 Epist.
424 2821 449 2883 l,
466 2821 496 2872 31
512 2838 571 2892 sqq.
588 2819 676 2892 Atque
688 2818 742 2868 ali·
790 2813 949 2884 phorionis,
975 2827 1104 2894 quantum
1128 2814 1238 2884 quidem
1262 2834 1293 2866 ex

242 2895 301 2964 quis
319 2899 405 2967 posita
426 2911 552 2952 monstrat
565 2902 628 2970 fera
647 2897 742 2970 proelia
790 2895 882 2946 Servio
892 2896 927 2948 ed
935 2895 962 2948 h.
971 2896 988 2948 l.
999 2897 1181 2948 constat:iuit
1190 2897 1213 2946 is
1223 2897 1293 2946 inter

242 2979 451 3030 mensa-Hac
463 2979 519 3030 ibat
528 2979 623 3032 Simois
634 2990 684 3031 eto.
791 2993 866 3026 senes
893 2975 969 3028 Iliad.
997 2981 1028 3041 γ’,
1059 2975 1107 3042 ι46
1135 2977 1291 3026 recensitos.

277 3056 390 3124 31-34.
402 3059 665 3130 irrumpet-miratur
672 3059 741 3112 male
789 3055 871 3125 Apud
880 3055 1009 3122 Quintum
1019 3056 1056 3118 11,
1068 3073 1110 3124 pr.
1123 3053 1292 3106 Penthesilea

242 3148 412 3206 argumetum
436 3151 475 3190 est
490 3142 576 3210 poetis
595 3150 739 3210 utrumque
790 3151 858 3186 cesa
871 3135 966 3188 suadet
977 3134 1072 3186 urbem
1083 3134 1245 3204 relinquere.
1256 3163 1290 3172 -

240 3214 326 3282 idem,
339 3230 364 3268 et
377 3221 493 3290 jungunt
509 3219 587 3284 talia,
606 3219 687 3271 modo
705 3217 740 3271 ad
789 3234 848 3267 arce
866 3215 964 3282 locari,
983 3229 1050 3286 puta
1061 3215 1216 3286 intemplo,
1230 3228 1291 3267 tan·

240 3296 396 3348 varietatem
417 3300 545 3350 orationis
568 3310 593 3350 et
614 3299 738 3370 copiam,
790 3313 870 3366 quum
882 3296 1030 3348 manubias.

240 3371 321 3424 modo
334 3373 502 3428 adornatum
518 3377 560 3428 vel
572 3379 625 3428 rim
640 3376 739 3429 adden·
823 3374 947 3446 35-39.
962 3377 1061 3428 Ornete
1075 3375 1188 3447 singula.
1201 3373 1291 3446 Capys

240 3451 316 3516 dam,
330 3453 424 3506 eadem
437 3459 546 3508 notione
564 3457 640 3510 aliter
657 3468 737 3527 atque
788 3469 815 3509 et
827 3457 923 3526 quibus
936 3456 1029 3508 melius
1040 3455 1182 3507 consilium
1197 3453 1290 3525 plece-

240 3531 318 3584 aliter
336 3536 463 3605 exposita.
485 3537 618 3606 innupto,
636 3535 739 3607 epithe·
786 3535 841 3588 bat.
864 3547 964 3587 tentare
983 3537 1112 3606 exquisite
1131 3553 1181 3606 pro
1199 3535 1291 3604 explo-

239 3623 287 3661 ton
295 3613 433 3667 manifeste
444 3633 596 3686 expressum
604 3635 634 3668 ex
643 3617 736 3683 Eurip.
784 3633 845 3666 rore
860 3618 922 3684 eqni
941 3617 1090 3666 novitatem.
1105 3615 1132 3668 V
1131 3612 1208 3684 ulpio
1220 3614 1289 3664 rein-

237 3689 335 3742 Trond.
348 3691 399 3744 536
408 3691 476 3762 χάριν
489 3695 628 3764 ιιζυγιςῌι.
637 3715 659 3747 e.
672 3690 737 3760 aipei-
786 3695 860 3746 ditur
869 3695 896 3746 in
905 3695 992 3747 studia
1002 3694 1151 3756 contraria,
1162 3695 1190 3744 in
1200 3693 1289 3745 diver·-

236 3789 293 3834 μου,
306 3767 424 3838 παρθένου
436 3772 495 3841 )‚h.
505 3773 521 3822 l.
531 3785 635 3823 tantum
645 3786 735 3833 ornat;
787 3791 828 3826 sas
841 3785 946 3846 partes3
968 3773 1075 3826 additur
1092 3772 1128 3823 ad
1142 3785 1285 3836 ornatum,

208 3881 210 3884 -
241 3849 342 3900 adrem
354 3849 512 3913 nihilfecit,
526 3850 624 3900 donum
637 3851 740 3905 Miner·
790 3855 926 3904 incertum.
949 3855 1031 3924 Capys
1048 3851 1154 3904 videtur
1174 3870 1231 3905 esse
1250 3855 1287 3916 is,

239 3946 277 3978 ναι
284 3966 293 3992 ,
305 3927 332 3979 h.
345 3929 363 3978 l.
381 3929 454 3997 quod
466 3928 585 3980 oblatum
597 3931 738 3985 Mineruae:
791 3935 837 4004 qui
848 3951 910 3984 mox
921 3935 990 3984 inter
999 3933 1086 3982 AEneae
1099 3932 1209 3984 comites
1219 3931 1288 3985 fuiti

241 4008 309 4061 Serv.
334 4009 382 4059 etsi
399 4011 483 4060 serius
503 4008 556 4080 hoc
575 4015 743 4084 comperiunt
792 4031 849 4084 sup.
863 4014 888 4080 1,
904 4012 960 4064 183.
973 4013 1012 4079 X,
1033 4009 1090 4077 145.
