2742 4586
252 286 314 336 μοι
561 245 975 340 sxouasusxvn.

700 491 839 512 *ἢ

486 616 850 730 excessus
884 619 1051 752 xvir..
1102 728 1106 738 ⁵

532 813 538 820 ¹
670 791 726 857 De
745 791 863 858 ttrite

283 949 310 1016 l,
322 947 481 1020 hyl-478.
494 949 574 1002 Parte
586 949 642 1002 alio
648 950 760 1025 supinis
770 949 870 1004 omissis
879 949 985 1005 Troilus
993 950 1087 1017 amb,
1100 952 1202 1025 infelix
1211 973 1294 1028 peter,

248 1036 328 1100 otqtoe
340 1028 419 1100 inpar
428 1039 573 1102 conpressus
583 1028 704 1096 Achilli,
717 1029 811 1082 ἣκειν
821 1029 909 1101 equis,
922 1047 1056 1103 canoque
1067 1028 1148 1083 hotot
1158 1035 1296 1106 carpinus

250 1107 343 1172 inani,
361 1108 429 1160 bom
450 1119 537 1162 lenem
560 1120 662 1169 tamen,-
685 1108 748 1160 huic
766 1109 904 1181 cenisque
924 1115 1056 1180 comaque
1075 1109 1224 1164 trahuntur
1242 1114 1294 1163 Per

248 1197 354 1252 urrant,
362 1198 389 1240 ct
397 1207 466 1242 verro
474 1187 563 1262 pulvis
572 1187 723 1243 inscribitur
731 1187 813 1241 husim
821 1187 926 1240 Troilus
936 1190 1033 1240 Primi
1043 1191 1063 1240 i.
1072 1187 1142 1258 (aliis
1150 1191 1293 1262 Apollinis.

249 1267 284 1318 cl.
303 1267 365 1317 Not.
385 1267 420 1320 ad
431 1268 556 1340 Apollod.
575 1283 602 1342 p.
618 1269 667 1338 762
684 1267 695 1338 )
708 1266 853 1320 admodum
872 1285 953 1338 puer,
962 1266 989 1318 h.
1003 1281 1026 1320 a.
1039 1269 1067 1321 in
1080 1270 1169 1340 prima
1181 1273 1295 1340 juventa

247 1347 406 1399 constitutus
426 1349 559 1419 impubem
579 1347 687 1401 Troilon
709 1349 802 1400 Horat.
822 1347 887 1399 dixit
909 1348 946 1414 lI,
967 1366 999 1418 9,
1023 1347 1072 1400 15:
1100 1349 1217 1401 nimium
1242 1351 1294 1403 cito
1357 1387 1358 1400 n

249 1429 384 1499 Conpresse
401 1426 503 1479 Achilli
524 1427 612 1480 Troile
630 1427 721 1480 Senec.
746 1428 839 1500 Agant.
865 1429 933 1499 747.¹
946 1429 996 1497 748
1018 1428 1052 1481 ab
1073 1427 1178 1484 Achille
1196 1431 1293 1483 nonis.
1357 1421 1358 1486 ff

248 1505 360 1557 Factum
368 1508 424 1576 jam
441 1517 501 1560 ante
518 1506 609 1560 Iliadis
628 1520 758 1579 tempora.
776 1508 845 1558 Nam
860 1506 930 1558 libro
943 1505 1037 1557 ultimo
1054 1508 1124 1558 inter
1140 1509 1245 1560 occisos
1259 1509 1293 1561 ab
1357 1509 1358 1512 ’

247 1581 351 1636 Achille
373 1582 441 1636 filios
461 1586 580 1638 Priomm
603 1583 699 1654 Tpss'tnn
722 1582 885 1654 ἰωοχᾶρμιι
907 1597 1052 1650 memorat,
1072 1585 1148 1638 lliad.
1174 1607 1205 1648 a,
1233 1585 1294 1656 257.

247 1661 368 1715 Meminit
379 1667 459 1718 etiam
477 1666 592 1733 Quintus
608 1666 722 1737 Paralip.
742 1667 794 1730 IV,
817 1663 873 1717 155.
893 1664 1020 1736 419sqq.
1040 1667 1109 1718 inter
1124 1667 1295 1736 superiorum

248 1754 399 1814 temporum
410 1763 451 1798 res
462 1746 496 1798 ab
505 1745 609 1799 Achille
621 1758 722 1818 gestas3
739 1758 766 1798 et
780 1747 809 1797 in
820 1745 873 1797 hoc
884 1745 1018 1816 petivisse
1031 1758 1166 1798 auctorem
1179 1745 1296 1818 Cyprio-

247 1841 308 1874 rum
320 1827 481 1891 carminum,
499 1825 619 1880 eProclo
638 1825 729 1878 didici.
742 1825 796 1877 Alii
810 1828 894 1878 serius
912 1838 939 1878 at
950 1838 1012 1897 post
1022 1827 1172 1880 Memnonia
1185 1826 1296 1878 demum

246 1906 382 1966 interitum
394 1905 539 1962 collocasse
550 1905 690 1974 videntur,
702 1919 732 1958 ut
743 1925 775 1960 ex
786 1906 961 1980 Isp'cophrone
974 1907 1024 1977 307
1043 1925 1101 1979 sqq.
1113 1919 1140 1960 et
1150 1907 1246 1958 Tzetza
1259 1904 1295 1958 ad

247 2005 272 2038 e.
284 1985 303 2037 l.
316 1996 342 2038 et
353 1986 381 2037 in
392 1985 555 2038 Posthomer.
570 1985 621 2038 353
636 2005 694 2058 sqq.
706 1987 831 2060 colligas,
844 1987 890 2039 ubi
901 1986 986 2038 Troili
998 1987 1081 2039 ctedes
1094 1999 1137 2040 est¹
1146 1998 1296 2039 extremum

246 2067 398 2120 facinorum
407 2065 526 2120 Achillis.
541 2067 574 2117 Et
586 2069 625 2118 sio
632 2067 772 2120 maaiiest'e
782 2069 872 2140 Dictys
882 2069 927 2138 qui
934 2065 1014 2140 vulgo
1026 2069 1111 2120 fertur
1119 2069 1170 2134 IV,
1183 2084 1209 2137 9.
1224 2065 1296 2117 unde

245 2157 322 2218 potat
340 2146 410 2198 inter
426 2147 532 2217 potiora
546 2146 668 2217 epicedio
683 2147 886 2201 Postiliacorurn
902 2147 985 2198 luisse
996 2145 1080 2198 Troili
1098 2147 1173 2198 facta
1189 2156 1216 2196 et
1227 2145 1294 2196 iata.

245 2227 309 2279 Post
319 2227 460 2278 Hectorem
472 2231 568 2277 catam
577 2225 697 2278 Troilum
706 2227 840 2278 Ausonius
850 2225 975 2298 Epitaph.
992 2225 1022 2277 18
1034 2227 1078 2277 ait.
1091 2224 1212 2278 Omnino
1221 2224 1296 2274 varie

245 2305 316 2360 hanc
327 2307 507 2357 narrationem
522 2324 538 2357 a
553 2307 648 2376 priscis
663 2309 750 2377 poetis
766 2318 909 2359 tractatam
925 2306 1008 2356 luisse
1024 2321 1132 2356 necesse
1146 2316 1194 2355 est.
1207 2303 1297 2373 lopri-
1358 2290 1359 2370 l

243 2388 294 2438 usis
313 2397 402 2437 tamen
422 2384 535 2436 infames
552 2387 628 2438 luere
639 2384 750 2437 Achillis
763 2402 867 2438 amores
888 2386 916 2436 ia
939 2383 1060 2435 Troilum
1081 2380 1299 2453 pulcherrimum

244 2462 436 2535 puerum‚vid.
449 2463 542 2517 Taetza
552 2465 617 2517 ibid.
633 2478 660 2518 et
676 2465 711 2517 ad
721 2485 746 2518 e.
766 2464 873 2520 Cantet-
886 2465 954 2516 Nor.
974 2463 1045 2516 lact.
1065 2463 1105 2527 ll,
1123 2479 1157 2532 9,
1177 2473 1205 2513 et
1226 2458 1255 2510 h.
1276 2459 1293 2510 l.
1358 2495 1359 2520 f

243 2544 331 2598 Cerdo
342 2558 403 2616 post
420 2542 554 2597 Servium:
568 2564 730 2618 quamquam
747 2547 841 2598 Tretos
858 2561 908 2616 pro
922 2545 1002 2597 solita
1014 2561 1062 2595 sua
1079 2541 1193 2594 stultitia
1207 2557 1295 2610 spon·

243 2626 318 2676 sione
330 2634 429 2689 certat,
440 2624 559 2676 Troilum
571 2635 696 2698 magnum
703 2627 760 2694 jans
775 2635 841 2677 natu
852 2625 944 2676 fuisse.
955 2623 1026 2676 Nata
1037 2629 1126 2676 autem
1138 2620 1197 2670 siue
1209 2617 1296 2670 dubio

242 2715 284 2755 est
291 2701 591 2772 catabulaepoetarum
600 2703 713 2770 lusibus,
722 2705 769 2774 qui
776 2713 923 2775 puerorum
934 2718 1037 2755 amores
1048 2700 1169 2770 inprimis
1179 2695 1295 2750 Achillis

243 2780 366 2852 exemplo
375 2779 568 2845 defendebant3
583 2801 663 2854 quom
677 2781 778 2836 adrem
790 2791 923 2834 summam
932 2781 999 2834 illud
1009 2781 1091 2832 occisi
1100 2776 1219 2829 Patrocli
1227 2775 1296 2830 desi·

243 2859 347 2913 derium
364 2864 506 2914 memorari
522 2863 634 2915 solebat.
651 2865 736 2916 Fuere
755 2881 787 2915 ex
805 2871 837 2916 eo
854 2871 951 2936 genere
963 2862 1070 2933 plutas,
1087 2871 1117 2910 ut
1128 2856 1296 2920 phanocles,

243 2940 318 3007 cujus
331 2939 425 3008 “Epaone
443 2938 458 2991 a*
477 2939 546 2992 Ktscl
562 2961 649 3014 nuper
662 2944 691 2992 in
707 2945 864 2994 memoriam
882 2942 1000 2995 revocati
1016 2941 1092 2991 fuere
1110 2939 1265 3008 fragmento
1278 2953 1293 2986 e

242 3015 347 3070 Stobaa
359 3038 376 3071 a
388 3018 546 3074 Rubnhenio
563 3028 717 3074 retractato.
736 3023 808 3076 conf.
825 3021 902 3072 Notae
920 3020 957 3072 nd
974 3017 1100 3090 Apollod.
1119 3035 1145 3087 p.
1166 3015 1218 3088 ⁵³².
1233 3023 1293 3084 sqq.

240 3098 312 3150 illud
325 3100 444 3165 mireris,
458 3102 531 3172 quod
540 3104 596 3171 jam
607 3101 767 3174 Lycophrona
782 3101 904 3154 fabulam
915 3101 986 3153 hano
1003 3098 1088 3150 Troili
1099 3094 1293 3166 interpolatam

242 3190 369 3248 sequutus
382 3180 554 3231 esseuidetur
565 3179 582 3230 l.
596 3179 613 3231 l.
631 3193 658 3232 et
670 3184 729 3233 Arte
745 3191 841 3233 auctor
853 3172 991 3245 carminis,
1005 3177 1078 3250 qood
1097 3177 1167 3228 inter
1177 3173 1293 3224 Simia

241 3256 344 3322 recipcre
354 3255 477 3308 habetur.
494 3257 618 3312 Ceterum
631 3260 757 3331 Virgilius
769 3260 854 3312 Troili
869 3258 968 3312 eodem
981 3260 1021 3310 ita
1035 3267 1127 3308 namet
1141 3266 1168 3306 et
1180 3261 1295 3313 tractat,

241 3349 272 3388 ut
280 3338 302 3388 is
313 3355 373 3388 cum
384 3336 488 3391 Achille
501 3355 658 3411 congressus
674 3339 784 3392 volnere
802 3352 914 3413 accepto
927 3357 1008 3391 curru
1020 3335 1164 3398 exciderit,
1177 3330 1295 3403 pedibus

241 3427 331 3469 nmen
342 3419 548 3489 itaimpednus,
562 3433 592 3471 ut
604 3422 715 3491 supinus
729 3439 743 3472 e
756 3437 836 3473 curru
851 3420 977 3491 delapsus
998 3418 1033 3472 ab
1045 3417 1122 3487 equis
1138 3421 1295 3484 mpffl'eiur

242 3493 390 3568 (compara
401 3499 477 3551 iliad.
489 3503 515 3568 ξ,
526 3501 568 3568 ho.
582 3501 616 3568 43
626 3501 652 3572 ),
665 3519 723 3552 curn
735 3502 837 3553 interea
848 3519 899 3552 nec
908 3500 1013 3552 hastam
1027 3517 1077 3550 nec
1093 3497 1172 3548 irena
1181 3513 1197 3544 e
1206 3491 1294 3544 mani-

241 3572 292 3625 bus
304 3573 461 3638 dimitteret;
473 3579 563 3648 itaque
575 3577 654 3631 hasta
663 3580 770 3630 inversa
779 3598 827 3650 per
840 3590 939 3631 terram
951 3588 1038 3631 tracta
1046 3575 1136 3627 sulcos
1146 3574 1175 3625 in
1181 3569 1294 3641 pulvere

242 3655 348 3706 tractim
356 3657 481 3708 faciebat.
493 3657 577 3710 Aliter
586 3660 676 3730 Dictys
689 3657 706 3708 l.
717 3657 735 3708 l.
750 3659 797 3710 uhi
807 3660 936 3731 inpugna
952 3669 1047 3727 captus
1058 3672 1120 3706 mox
1132 3650 1297 3722 producitur

243 3747 270 3786 et
286 3735 421 3806 jugulatur
440 3737 474 3787 ab
494 3736 606 3789 Achille.
626 3738 710 3789 Dares
730 3757 789 3809 cap.
810 3737 852 3791 33.
875 3756 954 3809 quem
971 3734 1105 3807 losephua
1117 3735 1230 3782 Isoanus
1243 3730 1299 3791 Vl,

242 3815 293 3883 289
313 3831 371 3886 sqq.
393 3818 527 3885 sequitur,
547 3834 616 3886 equo
640 3819 667 3868 in
684 3837 776 3890 pugna
792 3835 933 3870 excussum
949 3827 1081 3869 memorat
1096 3825 1123 3865 et
1137 3811 1172 3862 ab
1189 3807 1296 3862 Achilla

242 3896 444 3962 superveniente
463 3894 589 3945 occisum.
601 3895 748 3967 Tragoediae
764 3895 849 3948 Troili
861 3896 970 3947 nomine
987 3895 1120 3963 inscriptae
1132 3891 1210 3940 fuere
1228 3886 1292 3936 olitn

243 3970 396 4042 Sophoclis,
414 3983 440 4023 et
455 3971 576 4024 aliorum.
590 3973 655 4040 Quae
666 3973 764 4029 fabulae
776 3975 928 4028 oeconomia
947 3975 1044 4040 itteris,¹
1064 3968 1207 4025 escholiis
1223 3965 1292 4017 Vict.
