2742 4586
383 280 620 346 AEunrnos
644 283 799 348 utana
821 287 871 350 11.
1085 291 1147 378 269

99 404 229 488 Qualis,
243 403 301 468 ubi
313 404 347 468 in
359 404 469 487 lucem
481 406 618 472 coluber
629 410 715 473 mala
726 411 874 499 gramina
886 429 1012 500 postue,

103 511 237 601 Frigida
249 513 310 577 sub
322 529 409 579 terra
421 514 586 580 tumidum
600 541 700 606 quem
712 519 830 584 bruma
842 519 988 608 tegebat;

102 621 201 683 Nunc
212 620 327 706 positis
343 644 448 686 novus
461 623 600 702 exuviis,
616 624 809 714 nitidusque
817 625 968 715 juventa,

103 726 247 794 Lubrica
260 730 426 795 convolvit
438 731 567 798 sublato
580 750 716 822 pectore
729 751 820 822 terga

101 831 236 897 Arduus
248 833 290 898 ad
303 837 421 917 solem,
436 853 469 902 et
480 838 602 927 linguis
615 841 715 906 micat
726 864 784 906 ore
796 842 948 908 trisulcis.
1108 854 1152 915 475

132 1017 189 1079 471.
212 1019 306 1066 Praestat
323 1023 490 1087 interpungere
508 1039 561 1088 post
580 1027 678 1092 tegebat,
693 1039 719 1073 ut
736 1030 783 1074 sit:
803 1025 882 1086 Qualis
896 1045 927 1075 sc.
942 1025 1042 1074 exsultat
1053 1024 1155 1084 coluber,

100 1104 171 1152 quem
189 1089 276 1154 tepebat
290 1109 299 1138 .-
320 1096 344 1138 in
355 1093 428 1140 lucem
447 1095 549 1144 offendit
562 1111 615 1160 post
628 1108 651 1145 et
664 1097 713 1145 luce
724 1115 794 1146 versu
807 1114 859 1162 sup.
874 1112 897 1146 et
908 1099 974 1162 quod
987 1101 1088 1144 otiosum
1107 1109 1157 1153 est;

100 1160 145 1203 etsi
156 1170 196 1204 aut
206 1159 306 1206 exsultat
313 1177 419 1226 repetas,
434 1181 474 1212 aut
483 1167 513 1214 ad
520 1167 632 1216 conualuit
640 1169 726 1216 trahas.
735 1171 882 1218 hurmannus
891 1171 1041 1219 Homericum
1051 1163 1089 1214 ἐπὶ
1101 1165 1157 1229 gui

100 1246 240 1291 comparans
247 1237 310 1296 conj.
321 1234 425 1294 elustm,
437 1252 463 1284 ut
471 1240 586 1287 referatur
594 1241 637 1287 ad:
648 1245 717 1286 micat
722 1242 822 1297 arduus,
832 1242 923 1288 dubitat
932 1254 1011 1288 tamen
1020 1255 1049 1286 an
1060 1238 1158 1284 lustrum

101 1302 133 1348 de
143 1307 258 1365 serpentis
268 1307 341 1354 cubili
354 1321 378 1356 et
393 1310 482 1357 latebra
496 1312 594 1359 dicatur.
607 1313 669 1360 Mihi
681 1314 805 1361 videbatur
814 1312 921 1378 ingluvies
932 1313 1003 1360 latere
1013 1315 1038 1358 in
1048 1323 1158 1373 corrupta

100 1372 219 1432 lectione,
231 1393 279 1439 quo
292 1378 379 1427 ducere
391 1397 488 1445 possunt
502 1383 563 1430 mala
570 1389 673 1450 gramina
683 1396 763 1449 pastus
775 1399 799 1434 et
811 1387 938 1434 tumidum:
948 1393 1027 1448 pastus
1039 1381 1158 1447 itgltwt'em

97 1442 163 1488 mala
173 1450 289 1508 gramina,
301 1450 382 1511 paullo
392 1456 542 1516 exquisitius,
555 1456 597 1502 sed
607 1469 704 1518 propter
714 1456 759 1502 hoc
767 1458 843 1518 ipsum
853 1457 913 1502 forte
925 1473 938 1500 a
948 1454 1049 1500 librariis
1060 1468 1157 1513 corrup-

100 1524 161 1560 tum·
174 1516 257 1580 Gemi}-
270 1521 313 1576 lli,
326 1521 369 1578 431
384 1522 413 1569 de
426 1537 534 1587 serpente
547 1525 674 1590 chersydro
690 1543 695 1572 :
713 1525 748 1571 hic
761 1525 942 1588 piscibusatmm
954 1521 1072 1585 improbus
1084 1519 1158 1591 inglu-

99 1590 160 1630 utem
172 1593 278 1652 marsque
290 1591 421 1656 loquacibus
432 1595 521 1658 explet,·
543 1614 571 1644 ex
583 1615 630 1660 quo
642 1595 696 1646 loco
711 1601 779 1644 etiarn
792 1598 838 1645 alia
851 1600 876 1644 in
888 1597 948 1644 lunc
960 1595 1158 1657 comparationem

100 1658 209 1704 traducta
220 1677 272 1707 mox
284 1665 383 1713 videbis.
397 1669 429 1712 Ut
439 1670 510 1730 igitur
523 1670 555 1715 ihi
569 1667 661 1733 explere
673 1668 805 1734 ingluviem,
817 1669 883 1716 sich.
894 1668 910 1713 l.
921 1668 1054 1713 dictumest
1064 1679 1157 1728 pascere

100 1728 234 1793 inqluuiem,
252 1733 303 1781 lere
315 1749 341 1782 ut
350 1738 406 1784 alibi
415 1755 509 1802 pascere
517 1750 625 1786 ventrem.
645 1741 715 1787 Silius
724 1753 802 1787 autern
814 1744 897 1786 satim
907 1738 1025 1806 ingluuiem
1035 1737 1094 1782 dixit
1105 1736 1158 1780 imi-

99 1801 190 1846 tatione
200 1803 293 1865 Virgilii
303 1805 344 1852 lih.
355 1811 398 1865 Vl,
412 1811 453 1856 155
463 1811 590 1876 Inpluut'em
601 1815 703 1858 immensi
709 1815 793 1857 veneis
801 1812 962 1876 grauidamque
973 1810 1063 1854 venenis
1072 1804 1158 1850 Alvum

99 1869 208 1930 deprensi
215 1873 328 1920 satiabant
329 1876 398 1940 fiante
408 1878 490 1926 leones.
500 1881 604 1928 Malebat
611 1882 679 1927 vall.
688 1881 718 1926 ad
726 1881 827 1928 Theocr.
837 1899 861 1944 p.
875 1883 918 1928 252
926 1883 988 1925 iuter
997 1877 1048 1923 loca
1058 1875 1158 1928 habere,

100 1953 155 2000 quae
165 1941 277 2002 Virgilius
284 1957 453 1996 retractaturus
466 1949 556 1998 fuisset.
572 1951 695 1998 Schrader.
711 1954 774 1998 varie
789 1951 894 1997 tentabat
906 1949 1001 1995 locum:
1016 1950 1040 1991 in
1052 1943 1121 1998 luct'ss'
1136 1945 1160 1987 ¹¹2²

101 2005 179 2053 siluis:
192 2023 219 2055 ut
230 2015 294 2075 apud
306 2015 388 2062 Silium
401 2021 478 2077 llVll,
491 2021 550 2083 449,
562 2020 616 2066 loco
624 2039 651 2067 ex
659 2034 739 2068 nostro
749 2038 870 2084 expresso,
884 2033 918 2068 est
928 2024 951 2064 in
961 2019 1055 2079 campis.
1065 2016 1159 2060 Poterat

102 2091 126 2124 et
136 2083 248 2143 scriptum
258 2101 307 2132 esse
319 2105 324 2133 :
338 2088 418 2147 Qualis
429 2091 468 2137 ubi
474 2091 555 2138 exiluit
561 2091 598 2140 vel
605 2091 694 2138 exultat
702 2092 800 2139 coluber.
810 2092 901 2155 -473,
909 2090 950 2136 suh
962 2099 1045 2136 tenum
1053 2084 1159 2132 Parrbas.

101 2167 125 2196 v.
135 2150 168 2194 Ν
177 2151 262 2217 Georg.
273 2157 301 2214 43
313 2173 336 2205 et
348 2161 403 2208 silv.
413 2163 457 2219 Vl,
474 2166 529 2219 150,
543 2177 566 2210 et
577 2180 638 2226 saepe
647 2181 652 2209 ε
660 2163 772 2228 gelidum,
787 2165 829 2209 sed
836 2174 979 2216 correctum,
994 2159 1094 2204 timidum
1102 2158 1160 2200 Dor-

101 2218 252 2287 till·-ti73.
264 2231 323 2274 Tum
329 2246 365 2293 pr.
380 2233 507 2297 llamburg.
519 2250 572 2280 cum
582 2233 672 2298 aliquot
680 2236 744 2297 opud
754 2236 833 2280 Burni.
846 2235 966 2298 conpositis
976 2230 1035 2278 alter
1047 2225 1157 2274 Rottend.

102 2302 127 2335 ct
137 2293 204 2339 leid.
217 2312 229 2341 a
241 2314 272 2342 nr-
284 2317 320 2362 pr.
335 2307 463 2366 compositis
479 2320 525 2351 sec.
543 2303 641 2362 Hamh„
661 2305 726 2367 quod
741 2320 790 2350 uon
803 2304 942 2367 displicebat
953 2302 1058 2348 lleinsio.
1073 2295 1160 2346 Similis

101 2366 203 2412 sanetas
210 2369 243 2414 lll
252 2371 337 2436 Georg.
346 2374 391 2440 437
398 2410 405 2432 ,
413 2377 454 2422 ιὼί
462 2376 501 2422 hic
512 2377 575 2423 idem
582 2391 662 2426 versus
669 2379 792 2438 repetitur.
801 2369 1159 2440 -i7ri.corportC⁰d·Tl¹1¹²1¹·

101 2435 220 2484 Macrobii
230 2443 250 2485 V
260 2445 306 2489 Sat.
319 2447 345 2501 5,
366 2461 483 2511 perpetua
499 2451 646 2496 variatione:
659 2449 749 2495 sublato
763 2457 855 2513 pectora
867 2457 928 2514 tergo
937 2449 986 2493 MS.
997 2462 1034 2508 ap.
1045 2445 1147 2490 Pieriam
1153 2478 1160 2497 ‚

102 2507 173 2554 male.
187 2513 271 2574 Georg.
284 2518 331 2573 lll,
349 2518 396 2576 426
405 2523 486 2585 anguis
502 2523 614 2585 Scluama
623 2519 756 2567 convolvens
767 2520 856 2567 subluto
867 2530 958 2584 pectore
970 2529 1045 2582 terga3
1058 2516 1114 2562 hinc
1127 2529 1160 2575 up

101 2578 216 2626 comtolui't
225 2591 299 2648 terga,
312 2591 354 2650 qui
364 2589 390 2636 fit
401 2589 493 2638 sublato
501 2601 605 2654 metue,
617 2591 673 2637 addi
683 2605 775 2653 poterat
787 2604 869 2638 ornate
880 2609 885 2637 :
897 2591 993 2637 Arduus
1003 2589 1035 2634 ad
1042 2585 1119 2634 solem·
1129 2606 1161 2620 -·-

102 2643 158 2708 475.
173 2650 237 2696 idem
247 2671 327 2702 versus
338 2659 370 2702 lll
379 2661 464 2724 Georg.
474 2661 529 2724 439.
541 2663 572 2710 cl.
585 2661 656 2710 Silius
667 2663 711 2719 Vl,
727 2679 780 2708 aaa.
795 2661 848 2710 223.

140 2806 190 2875 47¹
203 2837 238 2846 “
246 2809 306 2879 475·
315 2813 429 2886 Pyrrhus
437 2821 550 2888 juvenili
560 2841 608 2876 su·
658 2823 820 2895 aggreditur.
832 2824 914 2872 Porro
924 2821 952 2871 in
963 2818 1044 2870 liccem
1055 2814 1161 2866 trahen-

103 2886 183 2940 docia
197 2891 345 2961 exsultans,
363 2915 533 2971 comparatus
546 2923 607 2956 curn
658 2901 722 2954 dnm
736 2917 781 2954 aut
795 2901 830 2953 ad
846 2905 971 2964 exsultat,
988 2911 1033 2948 aut
1048 2895 1083 2946 ad
1097 2911 1161 2944 cou-

104 2972 607 3052 ⁸²¹”P0ntesubvernumtempus,pelle
659 2980 757 3034 uoluit:
775 2995 919 3050 utrumque
931 2995 1028 3048 parum
1044 2990 1162 3026 commo-

104 3059 199 3113 ⁶¹¹²t³r
218 3069 359 3108 ecat'erna
370 3058 530 3127 prodeunte.
544 3063 609 3114 Res·
659 3059 709 3112 de:
728 3080 753 3112 v.
774 3063 837 3110 Var.
856 3059 928 3110 Lect.
947 3055 1078 3106 tumidum
1092 3070 1160 3122 quo-

102 3131 179 3200 pcxit
190 3129 280 3182 locum
293 3134 422 3190 Nicandri
434 3138 515 3193 Ther.
528 3139 558 3190 31
574 3171 609 3180 -·
657 3140 730 3193 niam
740 3137 865 3210 gramina
876 3147 966 3207 pastus
974 3173 982 3199 ,
1002 3132 1100 3203 quibus
1113 3149 1162 3180 no-

103 3212 148 3277 34.
163 3211 242 3262 simul
259 3226 346 3268 tamen
363 3216 398 3268 ad
415 3219 524 3273 Homeri
543 3221 609 3274 duc·
658 3237 720 3268 vuru
750 3221 869 3289 vigorem
898 3216 949 3268 sibi
976 3214 1101 3285 paravit,
1132 3222 1162 3260 ut

103 3306 177 3355 tum,
189 3290 237 3342 sed
247 3297 368 3348 ornatius
378 3310 405 3349 et
417 3317 477 3352 cum
487 3301 610 3354 neuntio·
659 3297 733 3368 opud
744 3296 873 3350 Nicandr.
886 3295 934 3360 33,
947 3295 989 3361 34.
1002 3307 1029 3346 ιιι
1041 3292 1162 3365 gramina

102 3390 139 3424 Μ
145 3408 154 3436 ι
167 3369 242 3422 Iliad·
255 3388 289 3436 its
303 3375 337 3441 93
347 3405 382 3412 -
391 3377 426 3445 95
434 3375 473 3431 ‘tu
484 3375 510 3428 ti
521 3376 609 3447 trahas
658 3375 738 3438 mala,
746 3388 854 3448 pastus,
875 3394 961 3446 eoque
978 3375 1064 3425 succis
1080 3391 1162 3456 qene-

102 3447 335 3520 inlxuiipimpsg
348 3451 421 3522 ilipa
430 3451 509 3524 pirgos
523 3459 610 3528 Btsspu.
660 3458 730 3508 natis
745 3454 880 3525 repletus,
902 3473 933 3506 cx
953 3453 1055 3524 vulgari
1077 3451 1164 3532 homi·

103 3526 222 3586 nalem&
230 3529 335 3600 φάρμακ’
343 3532 438 3604 (mula,
447 3537 611 3590 noxiaetvc-
659 3555 724 3588 num
735 3536 871 3604 opinione.
883 3535 933 3605 Ap.
944 3531 1162 3592 Nicandr..'1‘her.

102 3622 205 3662 uenata
213 3648 222 3674 ,
235 3624 265 3662 ut
274 3614 496 3686 saepe,graminu
503 3619 610 3688 pastus)
661 3617 713 3670 285
729 3614 782 3668 iusi
796 3615 816 3668 ‘r'
836 3612 970 3684 inspicatur
985 3615 1078 3682 peplis·
1092 3625 1120 3664 at
1136 3613 1165 3662 in

103 3690 144 3742 ’Ἰν
157 3685 184 3742 dl
193 3711 220 3740 ’τί
233 3713 273 3756 μιν
290 3692 358 3758 χόλος
375 3691 452 3757 aitis,
469 3694 611 3765 Σμερδαλιίι
661 3698 779 3750 Homero
799 3707 877 3762 sunt,
892 3708 922 3746 ut
938 3695 1019 3746 modo
1035 3694 1165 3755 vidimus,

101 3766 130 3822 li
158 3772 276 3840 illapsu,
310 3771 452 3840 inuoluunt
482 3777 533 3844 aspi
559 3779 619 3846 χιιῇ.
661 3774 727 3828 sutri
737 3769 1166 3845 stippentullxpresserebnnolo-

103 3847 227 3920 (lubrica
237 3852 371 3904 convolvit
376 3865 482 3925 pectora
490 3856 509 3927 )
524 3853 612 3912 ὂςἝκ-
662 3877 723 3910 curn
740 3859 862 3910 certatim
881 3856 943 3921 alii,
963 3868 993 3905 ut
1012 3854 1110 3906 Statius
1129 3850 1165 3899 lv

102 3951 151 4000 cup
160 3961 194 3970 -
203 3931 249 3996 οὐχ
258 3928 424 4002 ὖπιχόριι.Αι
433 3933 507 4006 apud
517 3936 610 4008 Virgil.
661 3936 745 3990 Theb.
760 3935 794 4005 95
808 3953 866 4006 sqq.
881 3933 959 3986 Silius
972 3932 1057 3995 XVll,
1070 3928 1122 3994 448
1131 3956 1165 3965 -

104 4010 221 4082 Pyrrhus
236 4031 291 4064 nou
304 4015 415 4066 sustinet
427 4015 547 4085 hostem,
563 4017 611 4070 sed
662 4016 723 4083 451.
736 4018 799 4082 Xll,
812 4016 922 4068 6-10.
936 4015 985 4077 vl,
1003 4008 1050 4062 155
1063 4022 1090 4060 et
1101 4025 1165 4079 pas·
