2690 4594
323 262 559 386 ursinos
582 316 737 382 manu
760 317 833 381 111.
1039 317 1102 401 '401

52 441 142 506 Ante
156 458 189 507 et
200 442 370 506 Trinacria
382 441 559 508 lentandus
572 466 682 510 remus
695 446 729 509 in
741 443 845 525 unda,

54 551 99 614 Et
113 550 187 614 salis
200 549 338 614 Ausonii
349 547 558 614 lustrandum
571 551 709 616 navibus
723 573 851 641 aequor,
1063 557 1107 614 385'

54 656 252 744 Infernique
264 656 370 735 laeua,
384 657 546 745 AEaeaeque
559 657 666 721 insula
678 658 795 737 Circae,
834 715 837 719 .
937 647 940 650 ¹

54 762 167 842 Quam
178 777 248 825 tuta
260 761 496 849 possisurbam
508 785 710 851 componore
722 779 819 826 terra.

55 867 158 954 Signa
169 866 231 931 tibi
243 864 367 932 dicam:
381 883 418 931 tu
430 866 563 934 condita
575 884 687 933 mente
699 884 823 933 teneto.

56 973 173 1056 Quum
184 971 245 1037 tibi
256 973 398 1038 sollicito
410 973 527 1039 secreti
541 972 583 1037 ad
595 973 743 1038 fluminis
756 971 880 1040 undam

92 1158 146 1216 384.
161 1162 270 1216 vomeris
278 1159 350 1205 Wall.
362 1176 375 1205 a
385 1175 416 1206 m.
424 1175 460 1222 pr.
472 1171 495 1206 et
505 1175 557 1206 aur.
568 1175 615 1207 sec.
625 1162 743 1215 Τνὶιιαιιὶυ
756 1172 780 1207 et
788 1171 903 1206 suntrana
911 1161 1113 1222 grammaticorum

58 1233 157 1292 argutiae
171 1233 197 1276 ita
214 1247 242 1276 ea
257 1233 387 1294 scriptura,
404 1247 456 1295 quae
471 1242 550 1278 tamen
561 1232 716 1278 fundamento
730 1246 779 1278 uon
791 1234 887 1278 omniuo
899 1243 991 1286 carent,
1002 1233 1113 1295 quando-

58 1299 158 1362 quidem
176 1296 288 1362 Θριιαίι
303 1302 425 1348 Homerica
435 1313 470 1348 est
480 1304 584 1364 scriptia.
594 1302 657 1348 conf.
668 1301 761 1348 Cluver.
780 1315 804 1348 et
815 1299 914 1349 Dorvill.
926 1300 1004 1347 Sicula
1019 1318 1044 1364 p.
1061 1302 1113 1348 163.

57 1371 186 1418 Enimvero
202 1371 232 1416 ad
245 1371 362 1436 liquidum
378 1388 415 1419 res
431 1373 531 1435 perduci
547 1376 645 1436 nequit,
662 1386 714 1420 utra
726 1376 755 1420 sit
770 1376 849 1421 verior
867 1385 891 1419 et
904 1374 1031 1436 antiquior.
1049 1372 1114 1419 Idem

59 1441 134 1508 Wall.
148 1441 287 1490 lentandum
299 1459 330 1489 m.
339 1461 377 1507 pr.
390 1439 510 1490 mutandus
520 1435 591 1492 Goth.
606 1461 652 1492 sec.
665 1461 679 1490 a
691 1461 722 1490 m.
733 1459 774 1507 pr.¹
780 1438 908 1507 flectendus
917 1442 1062 1506 Guelpberb.
1072 1459 1114 1490 un.

58 1519 87 1560 In
103 1515 157 1560 Era.
173 1515 236 1561 Cort.
252 1532 281 1562 ex
295 1517 395 1578 interpr.
405 1542 436 1552 -
446 1516 500 1562 386.
514 1517 585 1562 Circe
593 1518 747 1562 vetustiorum
758 1519 896 1564 auctoritate
905 1517 1010 1576 reposuit
1022 1515 1115 1571 Heius,

60 1588 104 1648 qui
117 1588 211 1649 copiose
220 1585 272 1633 alus
282 1587 394 1650 exemplis
404 1587 488 1633 firmat.
498 1587 576 1650 Vulgo
585 1587 675 1642 Cicesf
684 1587 775 1651 aliquot
784 1591 853 1633 etiam
864 1587 934 1631 Circe.
941 1584 1030 1647 -387.
1039 1601 1116 1648 posses

60 1656 123 1703 alter
132 1658 214 1704 Ilumb.
225 1681 257 1696 -·
266 1657 319 1706 388.
329 1659 425 1706 memori
439 1674 493 1723 quoe
503 1661 560 1720 (pro
570 1660 628 1722 que)
639 1657 686 1704 lroec
695 1673 725 1704 m.
737 1667 753 1703 t.
765 1675 810 1704 sec.
827 1659 913 1703 Moret.
925 1671 969 1703 vas.
983 1654 1116 1717 ssa-393

60 1726 175 1790 lefluntur
190 1729 253 1791 apud
266 1742 386 1777 auctorem
397 1730 427 1776 de
442 1732 554 1793 progenie
565 1731 661 1794 Augusti
675 1746 696 1776 c.
715 1744 750 1776 ra.
763 1753 795 1770 »-
806 1729 859 1789 389.
874 1727 947 1773 undas
959 1725 1049 1790 aliquot
1059 1729 1117 1774 Pict-

61 1799 126 1843 riaui
136 1810 159 1844 et
168 1789 297 1864 llamburq.
307 1799 378 1858 alter,
388 1812 415 1846 ut
426 1815 505 1862 supra.

62 1933 144 1996 detur
162 1937 290 2018 l'orupon.
310 1925 409 2000 Sabin..
428 1945 502 2000 invia
522 1967 564 2001 vo*
615 1935 701 2002 lacus.
715 1948 837 2002 Avernus
852 1947 900 2000 inf.
911 1944 958 1998 lib.
971 1945 1015 1997 Vl.
1034 1945 1116 1998 Circes

63 2021 253 2096 lentibussatt's.
263 2026 478 2098 Comparantilla
486 2026 563 2079 iliad.

62 2125 96 2170 a,
112 2105 160 2159 156
172 2103 235 2158 tenti
243 2105 315 2173 μάλα
325 2104 405 2159 πολλοὶ
413 2103 508 2173 anseri
517 2107 566 2158 Ori·

62 2180 109 2253 'prat'
124 2205 149 2237 rt
168 2183 272 2240 extitere
286 2182 437 2238 adunatim
451 2181 565 2250 ἦχιῖισσιι.

63 2263 190 2316 Ceterum
210 2267 238 2318 in
259 2265 363 2338 Virgilii
380 2265 469 2316 verbis
492 2265 566 2316 lusus

63 2345 154 2398 inesse
165 2341 251 2398 videri
267 2359 371 2418 potest;
384 2341 434 2397 'aia
453 2344 570 2396 invia-

66 2422 149 2494 lonqa
183 2423 274 2497 lonqis.
299 2425 479 2478 Alliterationi
505 2423 568 2477 huic

65 2514 144 2553 vetus
155 2519 240 2556 sermo
250 2515 305 2555 nori
317 2511 457 2575 tantopeie
473 2502 569 2555 adver·

66 2580 193 2646 sabatur,
202 2594 233 2632 ut
244 2596 347 2644 nostert
358 2585 423 2655 quin
434 2583 463 2636 in
473 2596 569 2634 ornatu

65 2657 117 2710 illa
136 2658 311 2714 habebatur:
335 2663 458 2715 amabam
479 2681 571 2714 aman·

67 2747 131 2788 tem.
144 2736 226 2808 quaint
239 2738 350 2807 φιλίοιιῗ,
365 2743 429 2809 ἄγοι
442 2743 534 2808 ἄγοντα
542 2743 569 2793 in

68 2820 131 2888 ipso
148 2818 230 2891 lyrico
249 2824 367 2876 carmine
388 2835 428 2876 est
448 2823 524 2875 Piud.
541 2823 569 2873 P.

72 2898 193 2960 ro,103.

9 2969 10 2972 Ἴ
106 2973 201 3044 384-
211 2977 270 3048 387.
284 2978 394 3032 Ornata.
407 2979 482 3032 Mara
496 2979 571 3032 Sicu-

68 3059 128 3110 lum
140 3070 168 3110 et
178 3057 345 3130 Tyrrhenum
363 3072 404 3138 est
422 3077 571 3130 peragrau-

67 3137 144 3189 dum.
163 3134 302 3189 beandus
318 3155 418 3202 mmm,
435 3135 570 3210 agendus,

69 3216 120 3270 sed
133 3217 305 3287 exquisitim
320 3229 446 3268 curvatur
462 3217 533 3268 enim
545 3227 573 3268 et

68 3295 187 3348 flectitur
197 3296 226 3345 vi
236 3293 370 3347 undarum
381 3307 408 3346 et
420 3293 481 3346 nisu
493 3288 573 3345 remi·

68 3379 121 3450 gis.
134 3376 177 3428 Sic
187 3375 313 3447 Apollon.
326 3375 370 3443 11,
386 3374 437 3448 593
457 3374 574 3442 ἰπιγιᾶμ-

70 3475 158 3508 πιοιιο
167 3451 196 3505 di
204 3457 291 3518 ιὸπαι,
299 3453 369 3507 ’lidae
375 3447 492 3520 κιμπῦλιι
501 3454 572 3522 rifat,

70 3532 215 3606 βιιξομίιοι
231 3531 305 3605 a‘pe‘m
325 3537 354 3588 in
370 3537 483 3605 trajectu
500 3531 574 3608 Sym·

70 3615 226 3690 plegadum.
243 3617 378 3684 Quoniam
396 3617 483 3680 anim,
503 3614 574 3670 lenta

73 3715 134 3769 'quae
157 3709 235 3762 sunt,
253 3697 333 3750 facile
354 3695 425 3749 flecti
443 3707 574 3767 possunt,

616 2027 703 2080 insula
723 2029 786 2090 VII,
810 2043 842 2078 ιο
862 2045 919 2096 sq.,
935 2025 1038 2090 AEaca,
1058 2023 1117 2075 cola

615 2106 705 2173 chica,
730 2107 765 2159 ab
785 2108 848 2170 AEa,
871 2103 1009 2157 Colchidis
1033 2105 1117 2171 urbe,

615 2187 657 2238 vel
675 2204 706 2238 ex
717 2185 862 2257 Apollonio
880 2183 987 2237 Rhodio
999 2195 1072 2236 nota.
1083 2212 1119 2228 -η

617 2266 678 2336 387.
693 2267 781 2318 urbem
794 2283 964 2337 componere,
977 2281 1045 2317 nove
1058 2264 1117 2316 dic·

618 2357 675 2397 tum
685 2364 742 2399 esse
759 2346 853 2411 debet,
865 2361 1044 2416 proponere,
1057 2359 1119 2396 corr·

618 2423 701 2487 derc;
716 2431 747 2476 'ut
765 2423 893 2496 templum
915 2439 1071 2494 componere
1087 2439 1119 2474 ex

618 2501 697 2556 ovid.
718 2505 816 2555 IFast.
840 2503 891 2574 708
915 2500 1009 2557 laudat
1029 2501 1118 2552 Burm.

619 2584 678 2636 Nisi
699 2595 738 2634 est
761 2579 835 2654 quod
857 2579 956 2653 vulgo,
980 2597 1022 2632 res
1045 2579 1119 2630 urbis

620 2677 795 2734 componere,
808 2679 916 2733 pacare,
926 2658 1060 2712 ordinare.
1073 2659 1120 2709 Est

620 2743 764 2798 tenendum
788 2742 963 2806 alterutrum,
987 2759 1038 2792 nec
1059 2749 1121 2792 cum

619 2825 710 2876 Burm.
722 2821 789 2876 duas
798 2822 917 2875 diversas
927 2822 1078 2872 notationes
1091 2821 1120 2870 in

620 2923 704 2956 unum
727 2902 816 2954 locum
841 2917 984 2972 congerere
1011 2899 1120 2961 ausim

620 2981 694 3052 quod
717 2980 846 3033 sermonis
882 2978 993 3030 humani
1022 2979 1121 3029 rationi

619 3063 784 3114 adversatur.
845 3109 847 3114 .

655 3140 716 3193 388.
725 3141 762 3191 Ut
772 3137 845 3211 apud
854 3138 961 3190 Homer.
972 3137 1042 3201 Σῆμα
1051 3133 1075 3212 ξ’
1085 3157 1121 3189 aar

621 3218 632 3268 ι’
635 3215 675 3287 pie
690 3229 717 3268 et
727 3217 812 3270 illud:
826 3211 855 3268 ei
864 3213 888 3265 δ’
903 3211 928 3269 ἐν’
945 3214 1009 3284 qptei
1022 3215 1121 3279 sairdas,

620 3296 663 3351 vel
676 3293 763 3356 ssaiaate
776 3299 837 3365 σξῖσι.

658 3375 815 3448 389—393.
824 3374 870 3427 Cf.¹
878 3375 926 3426 inf.
938 3377 1006 3444 VIII,
1014 3376 1047 3444 42
1061 3395 1120 3450 sqq.

622 3459 652 3514 81
666 3476 706 3529 sq.
723 3457 811 3528 Quum
819 3455 978 3526 -ssjacetiu-
1009 3457 1029 3509 is
1052 3457 1123 3511 Iocus
1166 3510 1168 3514 .

621 3557 672 3611 pro
689 3536 809 3610 vulgari:
828 3533 954 3606 ἰςΙὶοιιιι,
975 3535 1003 3587 t'n
1024 3555 1125 3610 quo-

620 3617 732 3690 iacebit,
751 3615 803 3666 erit
817 3623 891 3666 πονιτ
902 3613 963 3666 urbi
971 3614 1121 3670 destinatus.

623 3699 693 3751 Usus
706 3707 731 3750 et
746 3695 792 3747 hic
804 3706 887 3767 poeta
898 3707 938 3746 est
952 3696 1062 3747 oraculo
1075 3715 1125 3748 sua

71 3769 138 3830 binc
153 3774 238 3829 lentus
248 3775 458 3847 proflexilis,et
475 3775 575 3828 lentare
623 3792 721 3830 natura
741 3795 796 3828 non
813 3773 881 3828 aden
900 3775 1125 3840 commendabili,

72 3855 190 3908 flectere.
203 3854 348 3928 uvirgilto
365 3853 464 3909 Statius
483 3868 510 3911 et
529 3855 574 3906 alii
624 3858 797 3910 celeberrimo
814 3855 992 3909 tamen‘inter
1012 3855 1124 3927 popula-

94 3935 223 4009 etierunt3
233 3933 360 4006 Virgilius
373 3936 407 3988 ab
420 3937 577 4006 antiquiori·
624 3955 666 3988 res
679 3955 749 3990 suos.
763 3937 851 3994 vini.
866 3937 974 3986 Excurs.
987 3936 1010 3984 11
1028 3934 1061 3986 ad
1075 3933 1122 3984 lib.

72 3951 135 4084 bus,
144 4028 175 4068 ut
184 4014 256 4069 Serv.
267 4014 464 4072 docet-³86.
476 4015 577 4086 infami
624 4016 680 4069 VII.
693 4016 744 4070 Iles
756 4018 816 4090 ipsa
827 4014 917 4068 multis
926 4015 954 4064 in
966 4018 1123 4065 monumen-

149 4122 177 4158 a.
911 4104 945 4156 26
