2694 4574
136 335 202 398 DE
226 333 445 398 CARMINE
468 331 612 396 EPICO
634 330 939 398 VIRGIEI'ANO.
1017 332 1056 417 37
1087 327 1089 330 ’

1 419 2 506 l
31 457 72 519 lta
89 479 206 543 graves
226 473 259 520 et
277 454 415 534 celeres,
433 455 524 519 lenes
540 477 578 520 ac
596 452 697 519 duros
716 477 829 535 sonos,
853 457 906 520 vel
933 478 1000 519 non
1024 451 1059 516 id

28 584 118 648 agens
129 579 165 626 et
174 559 342 628 curansad
352 581 463 626 rerum
472 577 621 624 naturam
631 557 901 640 accommodabit,
911 577 943 626 et
951 577 1061 625 orator

29 667 163 756 quisque
181 667 305 746 bonus,
324 683 357 731 et
368 666 473 730 multo
492 667 594 753 magis
609 683 716 754 poeta.
732 666 830 731 Aliud
851 683 916 745 est,
937 667 970 730 in
992 688 1059 754 quo
1112 711 1115 718 ·

1 821 2 852 3
28 772 80 834 riri
101 771 193 836 docti
212 787 419 860 argutantur,
443 770 534 862 quod
558 795 673 864 versus
700 773 910 862 imperfectos
937 795 1005 837 non
1030 770 1060 835 ei

1 867 2 872 ἵ
28 899 157 956 caussae,
173 901 274 966 quam
295 878 358 965 ipsi
376 878 521 942 Maronis
538 877 713 942 familiares
727 877 954 966 prodiderant,
970 874 1061 968 quod

28 1005 104 1070 opus
125 983 168 1048 ab
190 1006 232 1047 eo
253 1007 321 1048 non
346 982 533 1056 absolutum
557 983 636 1062 fuit,
656 1007 772 1048 verum
789 983 906 1073 judicii
923 981 1060 1071 alicujus

28 1087 193 1153 subtilitati
219 1088 364 1153 tribuere
385 1088 530 1153 voluere.
549 1090 635 1153 Casu
650 1089 721 1153 lieri
741 1106 866 1178 potest,
891 1106 929 1153 ut
948 1110 1062 1152 versus

5 1194 236 1282 ‘imperfectus
256 1211 289 1258 et
310 1193 470 1284 abruptus
495 1195 529 1259 in
552 1216 704 1260 sermone
727 1195 869 1285 abrupto
892 1211 1060 1273 occurrat,

29 1297 175 1389 adeoque
196 1299 329 1363 laudern
351 1300 463 1364 nescio
483 1285 582 1389 quam
595 1317 702 1389 poetae
718 1284 827 1366 facere
843 1302 964 1390 possit,
982 1326 1013 1364 v.
1034 1323 1061 1367 c.

28 1407 91 1468 AEn.
112 1407 161 1468 IV
168 1455 178 1486 ,
200 1407 278 1484 361,
299 1404 438 1470 Italiam
454 1429 517 1470 non
531 1422 641 1492 sponte
659 1430 785 1498 sequor,
795 1407 936 1498 abrupto
954 1410 1063 1472 AEneae

27 1532 191 1592 sermone,
205 1510 418 1575 uhiServius:
434 1540 447 1568 a
459 1528 492 1576 et
503 1513 643 1576 oratorie
654 1512 698 1576 ibi
711 1514 831 1592 finivit,
843 1514 900 1578 ubi
912 1513 961 1576 vis
971 1535 1065 1599 argu·

27 1617 124 1680 menti
144 1615 304 1680 consistit.
317 1645 331 1675 n
352 1617 452 1705 Atqui
465 1615 529 1682 hoc
540 1640 680 1682 acumen
692 1635 742 1683 est
754 1617 973 1684 declamatore
994 1617 1063 1710 dig·

27 1745 116 1800 num,
132 1743 202 1784 non
216 1737 334 1809 poeta3
353 1721 459 1786 multo
477 1724 579 1812 magis
600 1723 642 1789 ab
661 1725 753 1812 epica
773 1725 928 1813 gravitate
946 1722 1065 1788 abhor-

27 1844 84 1906 ret,
99 1849 164 1890 nec
181 1827 292 1914 potest
312 1827 457 1915 placere,
474 1829 507 1892 in
520 1831 669 1893 oratione
681 1846 787 1895 metro
799 1830 934 1919 illigata,
949 1815 1064 1895 versus

26 1949 129 1996 metro
138 1932 336 2020 imperfecto
347 1933 494 2014 relictuS,
503 1936 600 2022 μίτραι
611 1929 734 2023 {praepa
747 1936 850 2000 Aliter
859 1959 911 1999 res
922 1959 956 2001 se
965 1935 1065 2000 habet

27 2037 56 2100 in
72 2037 224 2101 oratione
241 2036 402 2124 pedestri,
419 2061 508 2128 quae,
525 2063 630 2128 quum
645 2042 731 2128 inea
743 2043 1008 2130 propositionum
1022 2040 1064 2106 ad

26 2143 153 2207 aurium
163 2140 327 2231 judicium
342 2165 496 2208 mensura
507 2145 548 2208 sit
560 2143 709 2223 liberior,
720 2146 837 2210 variari
847 2162 965 2233 potest.
976 2148 1018 2209 At
1030 2145 1065 2208 in

26 2247 174 2327 AEneide,
185 2247 307 2338 ubique
315 2249 527 2314 manifestum
535 2249 574 2313 fit
588 2248 733 2314 studium
742 2267 848 2337 poetae
857 2250 1065 2342 properantis

1 2398 4 2406 r
27 2354 65 2419 ad
85 2377 209 2418 novam
225 2357 421 2420 sententiam
437 2373 470 2422 et
483 2358 595 2422 locum
614 2380 755 2438 novum;
777 2379 881 2452 quum
896 2357 1065 2445 ingenium

25 2482 219 2526 consumere
236 2461 340 2526 nollet
352 2463 388 2526 in
401 2462 561 2551 explenda
576 2480 609 2528 et
622 2462 818 2552 expolienda
831 2463 994 2528 sententia
1007 2459 1076 2558 anf¹

27 2563 215 2645 secedente,
234 2565 327 2655 cujus
346 2590 474 2633 summa
492 2570 597 2657 capita
616 2586 822 2658 apposuerat.
842 2568 906 2635 Sed
928 2568 1007 2634 nolo
1030 2570 1065 2634 in

27 2667 76 2734 his
89 2669 226 2735 taedium
239 2672 364 2758 facere,
376 2674 469 2762 attigi
485 2697 619 2764 quoque
631 2697 702 2740 rem
710 2677 807 2741 Tom.
820 2675 938 2740 ultimo
947 2672 990 2739 ad
1000 2676 1066 2739 Do·

28 2777 216 2843 nativitato
230 2777 360 2866 Virgilii
373 2789 402 2870 ς.
418 2780 469 2867 59.
