2694 4574
261 307 299 372 ιε
593 299 960 384 orsQursrrror

256 446 358 494 terras
372 423 522 491 nondum
535 421 682 488 humano
692 423 797 504 cultu,
812 449 912 514 quern
923 425 1103 515 aliquando
1114 445 1307 518 accepturae

256 550 363 614 erant,
385 531 579 614 celebratas,
598 529 716 618 quidni
733 531 845 596 locum
861 533 957 596 faciat
973 532 1123 620 plurimis
1142 535 1305 624 periculis

255 663 293 706 ac
311 636 577 715 difficultatibus,
602 635 723 724 quibus
745 639 854 702 AEneae
868 639 971 702 virtus
993 639 1027 703 in
1045 640 1306 705 admirationem

254 745 305 810 sui
314 767 430 832 rapere
439 743 588 830 poterat?
600 742 732 806 lnfestae
746 741 816 806 deae
831 744 878 807 ira
889 746 1082 831 asperrima,
1097 764 1130 810 et
1144 771 1184 810 ex
1197 747 1305 810 altera

253 867 347 938 parte
370 866 420 915 tot
445 848 584 912 deorum
606 848 752 912 monitus
777 850 1037 936 expectationem
1059 852 1185 916 faciunt
1213 875 1307 938 mag-

254 980 330 1020 nam
342 959 396 1040 (r).
410 956 492 1037 Quae
505 955 615 1018 omnia
629 977 733 1042 quum
744 954 787 1020 ad
803 978 914 1019 rerum
928 956 1209 1044 magnitudinem,
1226 982 1305 1046 quae

253 1064 401 1127 animum
424 1061 641 1126 admiratione
672 1059 834 1140 detineat,
860 1062 1008 1142 valeant,
1032 1062 1075 1127 ad
1102 1065 1305 1129 narrationis

252 1167 518 1257 probabilitatem
530 1168 661 1254 egregie
674 1161 809 1256 quoque
817 1184 895 1233 sunt
905 1185 1103 1256 comparata.
1116 1168 1181 1234 Sed
1194 1193 1305 1258 quum

251 1277 349 1365 plura
365 1274 464 1364 hujus
491 1275 620 1362 generis
646 1276 771 1340 narrari
795 1276 937 1364 possint,
961 1293 994 1340 et
1017 1277 1051 1340 in
1072 1277 1165 1341 Notis
1185 1294 1219 1340 et
1236 1278 1304 1340 Ex-

253 1380 403 1448 cursibus
433 1381 554 1468 passim
586 1397 698 1444 notata
729 1381 811 1460 sint,
841 1381 876 1445 in
902 1379 1026 1445 dilectu
1051 1397 1162 1446 tamen
1189 1385 1305 1446 AEneae

251 1488 424 1575 ingenium
434 1487 545 1574 magni
554 1503 672 1574 poetae,
683 1509 721 1550 ac
726 1484 892 1574 judicium
903 1485 1302 1575 doctumetexquisitum,

250 1593 336 1657 nihil
348 1593 450 1679 magis
466 1592 590 1679 arguit,
611 1615 710 1680 quam
724 1591 814 1680 quod
827 1616 905 1656 eum
918 1593 1126 1680 potissimum
1137 1595 1304 1660 Carminis

253 1701 304 1766 sui
333 1699 471 1764 heroem
497 1700 746 1786 circumspexit,
777 1701 893 1788 quiin
921 1701 1049 1766 ltaliam
1077 1701 1303 1790 Trojanorum

251 1807 417 1872 coloniam
451 1803 648 1882 deduxerat,
680 1805 974 1892 novum‘regnum
998 1807 1032 1871 in
1058 1807 1152 1871 Latio
1176 1807 1304 1870 consti·

250 1928 377 1991 tuerat,
395 1908 485 1974 unde
502 1909 594 1974 Albae
609 1911 732 1996 Longas
746 1909 898 1999 adeoque
913 1893 1011 1976 etiam
1027 1914 1140 1976 Romae
1156 1913 1304 1998 origines

251 2016 504 2106 repetebantur,
521 2016 645 2103 quique
662 2013 764 2094 adeo,
780 2016 841 2078 etsi
855 2038 918 2080 nec
938 2015 1034 2080 nobis
1048 2016 1212 2102 ingratum
1227 2038 1304 2080 esse

248 2139 374 2212 potest,
391 2121 473 2186 tanti
490 2120 621 2208 imperii
639 2119 762 2206 primes
784 2120 927 2206 origines
949 2141 1166 2208 cognoscere,
1186 2137 1303 2184 tamen

250 2230 428 2308 Romanu,
465 2228 669 2317 antiquitatis
705 2248 772 2291 suae
809 2243 983 2314 tantopere
1006 2226 1187 2306 studiosis,
1211 2250 1303 2293 unus

251 2337 402 2427 omnium
422 2335 562 2398 maxime
583 2349 738 2419 acceptus
761 2348 794 2395 et
815 2331 1152 2401 commendatus'esse
1172 2332 1304 2398 debuit.

250 2445 375 2528 Argute
409 2441 521 2526 itaque
553 2453 586 2501 et
616 2438 788 2524 ingeniose
814 2437 848 2500 in
875 2439 989 2526 primis
1015 2439 1123 2503 statim
1148 2438 1304 2504 versibus

250 2561 350 2635 poeta
361 2543 573 2608 audientibus
587 2542 766 2636 pollicetur
777 2544 1136 2622 narrationemrerum,
1148 2566 1168 2606 a
1178 2542 1304 2631 quibus

251 2653 344 2738 origo
363 2653 475 2714 Romae
495 2646 638 2713 deducta
659 2664 745 2712 esset
759 2671 766 2710 :
782 2671 883 2737 genus
899 2647 985 2712 unde
1000 2647 1175 2724 Latmum,
1188 2647 1303 2713 Alba-

251 2761 493 2847 niquepatres,
507 2770 606 2845 atquc
621 2755 700 2820 oltoe
716 2757 839 2845 moenia
857 2753 982 2820 Romoe.
1000 2755 1107 2836 Quam
1125 2753 1302 2842 magnifica

286 3005 327 3077 (ι)
345 3003 488 3076 Singularis
508 2995 548 3055 est'
566 3001 749 3072 Mamontelli
797 3001 952 3073 legendum,
971 3001 1013 3054 vel
1031 2999 1201 3054 audiendum,
1218 2995 1304 3051 Aliud

251 3103 364 3138 censura
383 3086 412 3135 in
432 3082 571 3154 Virgilium
595 3081 750 3154 (Poetique
798 3095 838 3133 est
857 3081 984 3132 Batteurii
998 3069 1149 3151 (bremens
1162 3081 1194 3132 de
1207 3080 1301 3130 Litte‘r.

251 3165 343 3228 Franp.
356 3165 386 3213 T.
401 3164 438 3229 11,
451 3181 478 3232 p.
493 3161 578 3231 237),
595 3161 645 3212 soli
658 3180 749 3233 snper·
798 3161 826 3210 T.
837 3161 873 3226 11,
883 3180 912 3230 p.
926 3161 997 3232 313)
1010 3179 1134 3226 acumen,
1151 3162 1197 3230 qui
1206 3177 1302 3211 narra·

250 3245 352 3294 stitioni
365 3253 574 3312 superstructum
589 3259 645 3292 esse
661 3243 749 3292 AEneae
798 3241 866 3290 tioni
884 3237 917 3290 de
934 3239 1051 3291 adventu
1066 3241 1153 3290 AEncae
1167 3251 1193 3289 et
1207 3239 1302 3306 Troja-

250 3320 555 3385 inltalirimadventnm',
568 3319 689 3390 adeoque
699 3319 750 3370 nisi
799 3336 895 3369 norum
913 3319 941 3368 in
957 3317 1060 3368 ltaliam
1077 3317 1142 3368 nihil
1159 3319 1246 3370 inesse
1262 3319 1301 3367 vi·

191 3392 194 3398 ’
253 3397 288 3452 ad
298 3402 399 3454 animos
410 3401 597 3470 superstitione
607 3396 686 3450 simili
695 3411 750 3449 tac·
799 3397 858 3460 det,
873 3397 946 3467 qnod
957 3396 1130 3450 humanitatis
1142 3415 1249 3450 sensnm
1263 3410 1303 3447 at-

251 3491 294 3530 tos
306 3469 359 3530 vim
375 3479 476 3530 nullam
493 3479 594 3530 habere
610 3495 697 3548 posse.
715 3479 750 3528 Ut
799 3479 892 3548 tinget.
912 3477 984 3543 Quid
1002 3479 1082 3528 vero?
1098 3477 1215 3529 alienum
1228 3495 1243 3528 a
1255 3489 1300 3541 te,

252 3560 335 3611 verbo
358 3577 414 3610 rem
435 3557 596 3610 absolvam:
619 3559 749 3607 Ponamus
799 3559 821 3607 si
836 3556 918 3606 homo
936 3573 977 3621 es,
994 3556 1117 3626 putabis,
1133 3574 1167 3606 an
1186 3572 1300 3626 magnus

252 3640 363 3692 AEneam
372 3639 532 3710 posthabitis
541 3637 652 3687 deornm
662 3639 750 3687 moni·
799 3647 826 3687 et
835 3638 931 3686 virtute
941 3634 1028 3686 clarus
1038 3638 1088 3699 vir,
1095 3654 1126 3688 ex
1135 3637 1243 3686 incensa
1251 3653 1301 3705 pa-

253 3720 287 3770 tis
303 3722 329 3770 in
348 3719 400 3770 alia
413 3731 483 3771 terra
500 3715 664 3780 consedisse,
678 3713 751 3786 apud
798 3719 850 3768 tria
861 3717 1004 3788 profugus,
1017 3735 1031 3768 e
1043 3716 1120 3768 clade
1133 3733 1301 3768 suorumsu-

191 3819 197 3831 ·
252 3798 384 3851 Didonem
401 3798 491 3850 sedern
506 3796 605 3859 fixisse,
623 3795 696 3865 quod
710 3799 750 3847 vir
798 3808 1298 3868 perstes,posttoteerumnas,etcasus

253 3874 748 3944 acutissimusmalebat;etcogitemus,
798 3877 904 3927 fortiter
922 3875 1063 3939 toleratos,
1079 3874 1187 3928 tandem
1204 3875 1239 3929 ad
1257 3887 1299 3924 tu-

254 3976 308 4030 quo
319 3960 407 4011 animo
419 3953 487 4006 illud
497 3953 577 4005 laturi
589 3954 670 4004 simus
682 3955 751 4008 iuter
798 3969 854 4008 tam
865 3953 955 4007 sedern
967 3953 1132 4008 delatussir?
1153 3953 1156 3960 ’
