2742 4586
277 343 335 408 180
616 283 875 402 EXGURSUS
898 337 950 398 Vl

270 465 435 536 praetexitur,
453 464 550 531 quique
569 460 650 525 adeo,
672 478 731 511 cum
752 457 843 510 fluctus
863 458 896 510 ab
916 457 968 508 alto
986 456 1090 527 objectu
1110 457 1202 511 insulae
1222 463 1296 516 fran-
1359 481 1360 526 ᾗ

268 558 384 616 guntur,
397 554 479 592 tutam
490 541 595 591 navium
607 540 746 590 stationem
761 535 848 588 efficit.
862 537 938 586 Hunc
951 537 1037 586 sinum
1053 536 1168 590 subeunt
1179 541 1295 608 Trojani.
1359 557 1360 562 ’

268 626 329 674 Jam
346 626 373 673 in
394 621 501 692 singulis
522 619 649 670 nonnulla
669 629 744 680 sunt,
766 635 823 686 quae
843 617 1040 686 ambiguitatem
1060 615 1158 669 habere
1176 635 1295 689 possunt.
1359 633 1360 690 J

268 702 302 752 Iu
315 700 390 772 leupo
404 717 509 761 secessu,
521 700 628 749 sinuoso
640 696 725 766 Libyae
736 694 831 758 litore,
844 705 880 745 est
896 692 965 743 locus
980 715 987 742 :
1002 695 1047 763 qui
1056 713 1105 764 pro
1123 699 1237 748 statione
1248 717 1296 749 na·

268 780 339 828 vium
352 790 398 830 est.
422 775 526 840 Insula,
546 794 602 845 quae
619 764 764 825 continenti
778 785 817 824 est
836 771 955 841 objecta,
973 768 1058 840 efficit
1072 783 1178 841 portum
1197 776 1296 845 objectu
1359 819 1360 842 ζ

270 856 380 909 laterum
396 874 503 906 suorum
519 853 585 923 (hoc
597 856 673 924 ipso,
687 851 759 922 quod
772 850 888 920 objecta,
902 852 1024 920 opposita
1041 853 1111 922 est),
1131 851 1244 923 quibus,
1262 852 1296 903 ad
1359 857 1360 908 I

268 955 341 1008 quae,
353 938 435 1006 omnis
459 937 528 987 unda
547 936 578 985 ab
595 932 648 985 alto
657 972 666 998 ‚
687 934 770 983 omnis
791 931 904 994 fluctus,
921 929 1062 1000 Fraupitur
1079 940 1105 979 et
1122 930 1150 980 in
1170 931 1242 982 sinus
1260 951 1296 982 re-
1359 941 1360 976 ἒ

268 1017 354 1068 ductos
370 1035 419 1068 sese
429 1014 541 1076 scindit,
556 1014 641 1065 fracta
655 1011 773 1063 recedit:
791 1021 878 1081 potest
899 1011 983 1078 accipi
996 1008 1028 1060 de
1038 1008 1207 1063 interioribus
1224 1012 1294 1060 sinus

266 1095 428 1160 recessibus,
449 1096 477 1144 in
502 1109 568 1162 quos
592 1091 685 1142 fluctus
708 1092 785 1140 fracti
810 1107 872 1139 mox
887 1091 1013 1149 irruunt;
1041 1100 1070 1138 ut
1094 1090 1149 1139 fere
1172 1091 1221 1140 Ge.
1244 1093 1293 1154 lv,

265 1169 317 1238 l2⁰
336 1174 499 1242 accepimus;
521 1183 547 1221 et
558 1182 587 1220 ut
604 1169 689 1221 Cerda
701 1168 728 1219 h.
742 1168 757 1218 l.
776 1166 808 1218 de
821 1165 964 1217 intervallis
977 1167 1045 1216 inter
1060 1165 1150 1216 insulae
1167 1166 1252 1218 latera
1270 1181 1295 1219 et
1359 1183 1360 1190 ¹

265 1253 421 1304 continentis
441 1251 562 1320 scopulos
579 1251 774 1321 prominentes:
789 1246 834 1298 sed
856 1247 1006 1298 tribuuntur
1025 1259 1051 1296 et
1069 1245 1132 1297 alibi
1145 1247 1217 1298 sinus
1231 1249 1294 1317 ipsis

215 1368 220 1382 t
265 1331 386 1384 fluctibus
406 1332 504 1399 allisis,
524 1334 568 1402 qui
585 1330 682 1399 repulsi
704 1332 775 1380 sinus
797 1329 915 1387 faciunt3
936 1338 961 1378 et
981 1325 1026 1377 Ge.
1051 1328 1101 1393 111,
1121 1327 1180 1379 238.
1200 1327 1294 1379 fluctus
1359 1329 1360 1336 ’

266 1409 367 1484 lonqius
379 1431 409 1462 ex
429 1407 532 1484 altoque
547 1412 633 1464 sinum
649 1407 736 1458 trultit.
750 1407 821 1458 Hinc
837 1419 915 1478 atque
932 1405 1009 1470 binc,
1022 1418 1066 1457 aut
1078 1408 1105 1456 in
1117 1408 1176 1476 ipsa
1189 1409 1294 1475 insula,
1359 1457 1360 1466 ,

265 1491 298 1542 ab
315 1505 425 1562 utraque
444 1495 498 1561 ejus
520 1492 699 1552 extremitate,
721 1489 813 1556 autin
834 1488 995 1546 continenti3
1013 1488 1035 1537 si
1052 1499 1139 1537 tamen
1162 1489 1191 1537 in
1206 1490 1294 1540 insula

262 1565 373 1621 fuissent
386 1570 438 1620 duo
462 1571 581 1641 scopuli,
599 1566 691 1618 fluctus
711 1585 741 1618 ex
760 1565 814 1617 alto
834 1564 901 1617 allisi
919 1583 971 1615 non
986 1565 1159 1636 praebuissent
1177 1569 1294 1635 quietam

262 1653 416 1711 stationem
437 1669 543 1702 necesse
569 1650 646 1718 igitur
669 1660 730 1711 est,
757 1648 785 1696 in
812 1647 870 1715 ipso
898 1645 984 1716 Libyae
1010 1646 1086 1696 litore
1110 1649 1292 1716 prominentes

263 1727 386 1796 scopulos
402 1728 561 1799 intelligere3
582 1729 608 1777 in
624 1725 675 1777 hoc
693 1741 754 1794 ergo
774 1734 849 1773 uastoe
862 1741 936 1792 rupes
949 1723 1100 1794 peminique
1117 1725 1219 1794 scopuli
1241 1728 1292 1776 mi·

261 1815 361 1854 uantur
371 1807 399 1856 iu
410 1804 503 1856 coelum
515 1805 585 1874 (duo
602 1803 704 1872 scopuli
717 1801 861 1872 eminent),
878 1819 988 1872 quorum
1007 1803 1051 1852 sub
1070 1803 1163 1852 vertice
1180 1801 1293 1870 (subter
1359 1803 1360 1840 i

263 1884 375 1954 quibus)
393 1884 444 1935 late
464 1885 581 1954 AEquora
602 1891 657 1932 tuta
674 1880 758 1933 silent.
771 1883 832 1931 Haec
851 1893 877 1932 et
894 1879 1003 1950 pulchre
1021 1881 1091 1932 dicta
1109 1895 1134 1942 et
1155 1884 1293 1935 intellectu
1359 1881 1360 1936 ζ

197 1976 199 1982 ·
260 1962 358 2012 facilia.
388 1961 471 2025 Tum,
492 1972 635 2030 practerea,
661 1959 767 2028 desuper
792 1958 912 2025 imminet
932 1957 1027 2029 (supra
1049 1960 1104 2030 est)
1125 1978 1201 2012 scena
1221 1961 1292 2014 silvis
1359 1963 1360 2016 l

260 2042 387 2107 coruscis,
413 2054 567 2112 prospectus
596 2039 737 2102 silvarum,
762 2049 788 2088 et
807 2049 893 2088 atrum
916 2057 1006 2090 uentus
1029 2039 1148 2090 imminet
1174 2041 1293 2093 horrenti
1359 2071 1360 2078 κ

261 2121 352 2170 umbra
364 2117 408 2188 (in
426 2123 483 2190 ipso
500 2120 658 2179 continenti;
675 2119 768 2168 nonin
784 2117 888 2182 insula,
906 2129 936 2168 ut
954 2116 1016 2167 olim
1037 2119 1218 2190 acceperam).
1239 2122 1291 2171 Sub

260 2199 362 2250 adversa
375 2199 466 2268 fronte
476 2236 485 2265 ,
497 2201 524 2248 in
543 2199 619 2250 litore
637 2197 688 2248 hoc
706 2197 867 2261 continenti,
889 2214 920 2246 ex
932 2196 1041 2248 adverso
1062 2199 1110 2264 iis,
1124 2202 1170 2269 qui
1185 2219 1217 2251 ex
1236 2202 1291 2252 alto

199 2290 203 2295 ’
259 2279 454 2348 ingrediuntur,
472 2289 577 2330 autrum
593 2291 632 2330 est
643 2277 754 2347 scopulis
763 2276 1114 2347 pendentibus-Hie(non
1127 2292 1182 2332 tam
1197 2282 1226 2331 in
1238 2281 1291 2332 hoc
1359 2345 1360 2350 ¹

260 2370 349 2421 antro,
369 2375 448 2426 quam
466 2360 493 2409 in
509 2371 565 2409 tota
580 2358 631 2409 bac
650 2359 721 2408 sinus
733 2370 822 2427 parte,
834 2375 891 2426 quse
903 2376 952 2428 pro
971 2371 1050 2428 portu
1062 2351 1123 2432 est)
1134 2359 1217 2429 fessas
1236 2381 1289 2414 nou
1359 2413 1360 2416 ,

259 2432 365 2486 uincula
382 2437 453 2486 navis
474 2435 535 2487 Ulla
557 2447 650 2487 tenent.
666 2438 753 2489 Verba
764 2456 788 2488 v.
803 2439 835 2489 62
848 2438 919 2488 Hinc
930 2449 1008 2509 atque
1020 2438 1081 2490 hinc
1100 2452 1177 2492 vastoe
1194 2460 1287 2512 rupes,

260 2517 315 2565 visa
331 2513 395 2564 mihi
414 2515 477 2566 olim
494 2527 569 2566 erant
587 2515 726 2567 referenda
742 2533 797 2567 esse
815 2515 849 2566 ad
863 2516 992 2578 insulam;
1015 2517 1077 2588 qtiia
1089 2531 1287 2571 antecesserat:

259 2591 348 2643 Iusula
367 2602 485 2662 portum,
505 2605 531 2644 et
551 2596 687 2663 sequitur:
709 2595 802 2646 Fronte
820 2595 864 2645 sub
887 2595 999 2650 adversa.
1024 2597 1064 2646 lta
1082 2614 1188 2666 quoque
1202 2599 1289 2650 visum

255 2682 314 2722 erat
332 2669 462 2741 Scaligcro
475 2672 545 2722 Poet.
567 2674 599 2736 V,
615 2672 639 2722 3.
652 2673 777 2741 Expensis
790 2684 877 2723 tamen
893 2673 1013 2724 omnibus
1028 2676 1112 2743 ipsam
1132 2693 1221 2726 rerum
1242 2696 1288 2727 ra·-

256 2753 357 2800 tionem
374 2749 401 2799 id
411 2750 544 2820 postulare
556 2751 626 2815 vidi,
639 2764 668 2802 ut
680 2751 713 2802 ad
733 2754 912 2824 continentem
930 2755 1077 2806 referantur
1089 2757 1186 2806 omnia.
1200 2757 1288 2806 Etiam

257 2829 329 2900 apud
358 2831 500 2880 Homerum
530 2826 570 2881 tu
594 2830 719 2899 προβλῆτες
742 2831 813 2882 amat
840 2832 971 2900 αἰπυρῥὸγος
995 2835 1021 2884 in
1053 2836 1111 2904 ipso
1139 2837 1288 2886 continenti

256 2915 383 2963 visuntur.
405 2910 435 2961 ln
447 2929 477 2963 eo
490 2923 577 2963 tamen
586 2911 659 2963 nulla
672 2913 777 2962 omnino
787 2911 874 2963 insula
886 2913 989 2982 objecta
1001 2925 1047 2965 est.

290 2987 411 3062 Exoritur
436 2991 517 3044 altera
544 2991 703 3061 disputatio,
726 2994 753 3042 in
777 3011 830 3062 qua
849 2991 945 3043 Africae
964 3007 1054 3064 parto,
1080 3007 1105 3046 et
1126 2996 1235 3064 quidem
1257 2997 1289 3047 in

255 3071 347 3146 vicinis
366 3069 518 3142 Carthagini
532 3071 653 3121 litoribus
666 3071 714 3121 iste
728 3071 801 3122 locus
820 3071 871 3134 sit,
890 3084 935 3122 aut
948 3073 1035 3123 luerit.
1057 3073 1114 3124 Jam
1127 3092 1189 3124 cum
1205 3075 1287 3126 talem

254 3151 374 3202 locorum
396 3151 473 3200 situm
494 3170 510 3202 a
526 3153 629 3202 nemine
651 3151 703 3201 alio
717 3165 949 3202 commemoratum
968 3153 1104 3218 viderent,
1123 3155 1286 3224 Interpretes

254 3241 315 3296 post
339 3227 472 3293 Servium,
492 3247 569 3297 quem
589 3228 735 3293 hahemus,
757 3241 782 3280 et
803 3230 931 3298 Pompon.
957 3229 1082 3282 Sabinum
1102 3231 1206 3282 sercin
1226 3251 1287 3284 eam

255 3307 410 3356 sententiam
426 3305 583 3373 discessere,
596 3319 626 3357 ut
644 3318 729 3356 totum
747 3306 835 3357 locum
852 3319 937 3377 poetae
950 3308 1054 3377 ingenio
1073 3305 1179 3372 deberi,
1197 3327 1286 3378 neque

253 3390 314 3436 eum
328 3404 444 3454 unquam
459 3403 519 3437 vere
536 3388 649 3438 extitisse
662 3387 844 3436 existimarent.
867 3387 900 3436 Et
910 3383 1006 3438 'verum
1024 3389 1115 3456 utique
1134 3401 1192 3451 est,
1210 3389 1286 3457 quod

251 3464 306 3530 jam
317 3465 434 3516 Macrob.
447 3467 471 3514 V
482 3465 533 3518 Sat.
548 3465 563 3515 3
576 3479 601 3517 et
613 3465 715 3516 Servius
733 3464 766 3516 ad
779 3464 805 3516 h.
818 3465 835 3516 l.
847 3462 986 3531 notarunt,
1000 3480 1107 3537 poetam
1123 3471 1286 3538 expressisse

252 3539 443 3592 nobilissimum
456 3544 563 3596 Homeri
578 3543 666 3594 locum
685 3543 717 3594 de
730 3543 875 3614 Phorcynio
894 3560 974 3615 portu
993 3559 1018 3598 et
1036 3545 1219 3617 Nympharum
1236 3566 1284 3598 an-
1359 3557 1360 3582 ³

252 3630 294 3667 tro
313 3619 404 3690 Odyss.
420 3640 447 3680 t,
463 3623 497 3690 96
515 3639 574 3692 sqq.
600 3637 677 3692 atque
693 3622 759 3676 adeo
780 3625 943 3677 transtulisse
956 3646 1004 3692 ea,
1024 3645 1081 3697 quae
1099 3628 1231 3679 Homerus
1249 3626 1284 3678 de

252 3698 338 3749 insula
356 3698 446 3750 Ithaca
472 3715 678 3765 memoraverat,
698 3701 732 3752 ad
756 3702 902 3755 ornandum
923 3704 984 3755 litus
1007 3706 1109 3756 Africae.
1139 3707 1283 3756 Enimvero

251 3777 361 3828 mutavit
372 3795 426 3826 non
436 3795 537 3846 pauca,
550 3793 579 3830 ut
591 3783 645 3832 sive
655 3793 767 3834 certasse
780 3801 840 3834 cum
849 3785 963 3838 Homero
973 3787 1026 3836 sive
1039 3787 1103 3835 certi
1113 3786 1166 3836 loci
1180 3798 1283 3838 natura

249 3873 299 3912 sua
320 3857 531 3910 accommodasse
560 3859 644 3910 videri
672 3859 774 3912 debeat.
802 3863 884 3913 Fuere
909 3883 989 3933 porro
1016 3867 1192 3933 interpretes,
1218 3869 1283 3936 qui,

247 3932 394 3988 secundum
406 3933 538 3999 Servium,
553 3949 658 4006 poetam
675 3951 781 4007 portum
798 3956 874 3989 suum
885 3939 919 3991 ad
928 3954 1020 4012 portus
1030 3961 1103 3992 novae
1113 3941 1282 4014 Carthaginis

248 4015 277 4070 ln
299 4015 425 4085 Hispania
447 4017 561 4086 speciem
586 4016 754 4072 adumbrasse
774 4029 914 4089 putarent5
933 4023 1058 4092 quoniam
1081 4021 1154 4093 apud
1176 4023 1281 4077 Livium
