2656 4592
322 304 556 372 AENEIDOS
580 307 731 372 LIBER
754 309 816 372 I'V.
889 389 898 408 ἱ
1024 308 1086 375 555

48 430 216 510 Sidonios,
229 431 413 521 urbemque
424 448 524 496 tuam.
538 433 620 496 Date
632 431 765 496 volnera
776 430 932 522 lymphis,

43 538 203 616 Abluam,
219 554 265 618 et,
278 555 441 602 extremus
454 539 481 604 si
493 538 567 627 quis
579 559 679 625 super
689 537 808 604 halitus
821 555 920 616 errat,

45 644 114 708 Ore
127 643 242 729 legam.
257 641 308 708 Sic
319 643 386 708 fata
398 640 516 729 gradus
530 660 675 707 evaserat
686 642 783 722 altae,
1042 655 1087 701 ⁶85

45 749 347 836 semianimemque
361 748 436 811 sinu
449 770 638 834 germanam
648 725 798 836 amplexa
809 747 942 813 lovebat

45 856 132 918 Cum
144 855 282 942 gemitu,
295 870 394 942 atque
406 869 493 918 atros
506 853 650 919 siccabat
662 870 752 918 veste
764 876 908 918 cruores.

46 960 122 1038 Illa,
137 960 242 1047 gravis
255 958 368 1024 oculos
381 975 498 1023 conata
509 957 682 1038 adtollere,
696 981 808 1025 rursus

44 1063 177 1128 Deficit.
191 1063 333 1128 Infixum
345 1062 454 1127 stridit
465 1062 527 1127 sub
539 1080 676 1152 pectore
689 1063 816 1128 volnus.

44 1173 116 1237 Ter
128 1195 199 1237 sese
210 1170 372 1237 adtollens
384 1171 565 1260 cubitoque
576 1170 693 1236 adnixa
705 1171 840 1236 levavit:

44 1280 117 1340 Ter
127 1276 276 1342 revoluta
287 1294 361 1341 toro
374 1293 438 1355 est,
452 1277 623 1367 oculisque
636 1277 821 1343 errantibus
830 1276 897 1343 alto

46 1384 206 1466 Quaesivit
218 1382 302 1447 coelo
314 1382 436 1461 lucem,
450 1383 677 1471 ingemuitque
689 1401 829 1471 reperta.

92 1492 180 1554 Tum
192 1491 281 1553 Juno
294 1488 516 1576 omnipotenS‚
530 1488 667 1576 longum
679 1489 831 1552 miserata
844 1487 993 1553 dolorem

48 1697 253 1762 pronuntiandum
266 1709 312 1752 est,
323 1699 431 1744 Exuitxti
441 1697 470 1743 de
481 1696 574 1743 Didone
584 1708 618 1742 est
629 1695 815 1758 praeferendum
826 1707 880 1739 nam
891 1695 909 1739 si
921 1708 987 1739 soror
995 1693 1060 1739 Anna
1069 1707 1096 1744 se

47 1769 187 1814 accusabat:
199 1769 254 1812 satis
265 1780 331 1813 erant
341 1767 395 1815 illa:
408 1770 505 1826 Extiuet'
514 1782 549 1812 me
561 1777 637 1830 teque,
649 1782 719 1813 soror.
735 1768 765 1811 dt
775 1765 880 1827 reliqua:
893 1763 1044 1828 populumque
1054 1779 1098 1825 po-

48 1847 141 1901 tresque
150 1838 250 1882 Sidonios
261 1837 393 1902 urbemque,
403 1840 469 1884 nimii
479 1839 605 1894 acuminis,
617 1839 663 1883 nisi
675 1837 704 1883 de
716 1836 807 1882 Didone
818 1838 866 1898 ipsa
876 1837 1064 1898 pronuntientur.
1076 1843 1097 1879 te

49 1924 131 1972 meque
138 1921 239 1971 quatuor
249 1909 312 1972 apud
318 1912 443 1956 Burmann.
455 1909 531 1956 etErl.
539 1909 585 1955 Sed
592 1922 671 1956 amant
679 1911 776 1956 Veteres
783 1923 807 1953 se
817 1909 889 1969 priori
898 1906 952 1952 loco
959 1921 1096 1952 memorare.

48 1983 130 2027 Burm.
139 2007 169 2015 —
178 1980 231 2027 683.
244 1981 297 2046 doto
306 1983 397 2044 Menag.
409 1999 445 2044 pr.
457 2008 489 2017 -
497 1980 551 2038 684.
564 1990 624 2026 erret
632 1992 733 2048 quatuor
741 1981 821 2025 lleins.
832 1990 855 2024 et
866 1978 912 2024 Eri.
922 1986 981 2023 esset
990 1976 1037 2022 duo
1047 1975 1095 2046 alii.

48 2061 127 2099 exstat
134 2053 204 2098 Wall.
214 2078 246 2089 -
253 2051 306 2100 686.
314 2055 337 2100 S.
349 2070 415 2100 suam
425 2054 462 2100 ed.
473 2054 533 2100 Ven.
543 2069 649 2118 qermnna
660 2050 731 2097 Wall.
741 2077 772 2088 -
780 2050 834 2113 687.
844 2066 862 2096 s.
873 2067 894 2094 v.
898 2050 993 2113 furores
1003 2049 1096 2109 Menag.

47 2143 88 2189 pr.
107 2123 192 2170 colores
203 2125 272 2171 Goth.
285 2142 320 2188 pr.
331 2151 363 2161 -
374 2125 427 2172 688.
443 2141 534 2171 rursum
544 2124 643 2172 Dorvill.
659 2149 691 2160 -
704 2123 758 2184 689.
768 2123 843 2168 stridit
855 2123 934 2168 Heius.
948 2118 1057 2166 eMedic.
1073 2127 1098 2164 et

48 2194 201 2250 melioribus,
216 2197 285 2240 etiam
297 2197 423 2251 Pieriauis,
439 2195 512 2240 forma
525 2197 682 2258 exquisitiore.
699 2192 776 2255 Vulgo
787 2193 873 2238 stridet.
886 2190 982 2236 stridens
992 2205 1028 2250 pr.
1041 2189 1097 2232 llot·

50 2264 118 2313 tend.
129 2289 160 2300 -
169 2265 223 2326 690.
236 2264 355 2329 cubitoque
364 2265 433 2312 multi
442 2265 505 2328 apud
516 2264 577 2311 Pier.
590 2278 613 2311 et
624 2266 702 2310 Burm.
719 2262 959 2323 adnirn·castiqationi
968 2259 1100 2305 lleinsianae

48 2337 163 2392 debetur,
177 2337 268 2384 ecodd.
281 2341 350 2384 etiam
360 2340 420 2384 Pier.
434 2337 510 2399 Vulgo
522 2341 606 2383 inuisa.
617 2337 663 2383 Sed
675 2339 789 2392 innititur,
802 2337 870 2382 etiarn
880 2335 921 2396 qui
930 2334 1004 2394 jacet,
1016 2332 1097 2375 anniu-

54 2417 104 2460 ων,
116 2409 158 2468 qui
166 2418 240 2452 tentat
250 2423 380 2470 exsurgere.
389 2408 436 2454 vid.
448 2409 526 2454 lleins.
534 2435 565 2444 —
574 2408 628 2470 691.
639 2417 674 2452 est
682 2407 747 2452 deest
754 2406 815 2452 Gud.
825 2420 868 2468 que
878 2404 943 2450 abest
954 2395 982 2447 ab
990 2402 1027 2447 ed.
1038 2402 1098 2446 Ven.

51 2503 84 2514 -
96 2478 150 2538 692.
163 2477 284 2536 Quoenbat
292 2478 350 2525 alter
360 2480 442 2525 llamb.
455 2489 566 2544 repertam
574 2479 642 2525 multi
652 2479 723 2524 codd.
736 2495 773 2540 ap.
785 2479 847 2522 Pier.
860 2489 883 2522 et
893 2476 972 2520 Burm.
983 2488 1035 2519 cum
1045 2473 1099 2517 Sem

51 2550 106 2593 vio:
118 2548 183 2610 quod
192 2562 215 2594 et
229 2552 305 2612 ipsum
315 2550 371 2595 ferri
382 2552 470 2612 possit:
482 2562 505 2596 et
517 2552 606 2612 recepit
618 2549 719 2594 Brunclx.
732 2561 842 2610 tanquam
855 2545 990 2607 exquisitius
1001 2559 1007 2588 z
1018 2557 1100 2588 verum

50 2634 146 2665 sensum
163 2619 233 2666 habet
250 2620 331 2682 paullo
348 2621 465 2668 diversum
475 2637 481 2666 :
493 2623 559 2684 quasi
575 2629 668 2684 propter
684 2618 756 2665 lucem
771 2627 882 2681 repertam
897 2615 1059 2678 ingemuisset:
1072 2613 1100 2657 ln

52 2680 141 2735 M'edic.
153 2700 240 2753 reperte
248 2694 272 2736 in
283 2691 353 2738 litura
363 2704 410 2748 est,
423 2705 448 2738 ut
458 2693 517 2738 adeo
527 2692 576 2738 haec
584 2693 718 2755 Aproniana
730 2691 801 2736 lectio
811 2689 886 2736 rideri
898 2687 998 2741 debeat;
1010 2684 1101 2731 doctior

52 2763 136 2823 utique
146 2759 186 2807 illa
196 2775 219 2808 et
228 2763 380 2810 commodior.
387 2763 479 2824 -693.
491 2761 549 2828 looq.
559 2765 608 2808 mis.
620 2761 719 2809 totamm
728 2759 843 2807 Montalb.
853 2758 913 2805 alter
922 2756 1004 2802 llnmb.
1014 2767 1038 2801 et
1046 2765 1103 2800 tert.

51 2959 153 3032 quibus
169 2973 253 3012 morte
270 2979 319 3014 sua
335 2964 407 3015 Dido
424 2968 513 3018 omnia
525 2968 553 3016 in
602 2981 688 3018 morte
700 2976 822 3017 natantes
839 2973 865 3012 et
878 2958 991 3028 caligine
1004 2954 1103 3006 obscu-

51 3055 195 3094 commune
206 3039 314 3090 exitium
321 3044 430 3094 traxisse
440 3044 551 3094 dicitur:
602 3047 654 3096 rati
674 3044 745 3096 diem
764 3043 884 3111 recipere
900 3036 1039 3098 laborant,
1055 3029 1103 3083 sed

51 3120 156 3190 quippe
170 3119 198 3168 in
209 3119 275 3171 urbe
287 3138 379 3172 recens
393 3121 509 3173 condita.
603 3143 670 3195 agre
683 3123 812 3193 colligunt
824 3119 888 3170 solis
904 3114 1004 3167 radios.
1027 3112 1102 3183 inqe-

89 3196 152 3247 688.
171 3197 217 3246 Est
232 3196 285 3249 hoc
297 3201 393 3251 mirum
404 3203 432 3252 in
444 3200 554 3252 modum
603 3202 691 3254 missit
697 3239 706 3266 ,
728 3213 758 3251 ut
781 3194 948 3250 moribunda.
973 3191 1046 3263 quod
1064 3202 1104 3242 est

52 3277 91 3330 ad
104 3277 231 3330 affectum
242 3293 435 3350 comparatum.
444 3283 506 3333 Non
516 3283 556 3332 in·
604 3283 653 3333 inf.
665 3283 714 3332 ΧΗ
726 3293 790 3332 extr.
806 3279 868 3333 Vita
881 3295 940 3326 cum
950 3270 1105 3346 qemitufu·

4 3397 5 3406 .
49 3354 201 3428 jucundum
226 3359 306 3411 fuerit
333 3375 503 3430 comparare,
527 3373 557 3412 ut
603 3361 645 3433 qu
658 3359 794 3431 ineliquata
805 3357 851 3409 sub
864 3355 975 3406 umbras.
986 3352 1019 3402 Et
1033 3367 1104 3400 nunc

4 3483 5 3506 ζ
53 3436 159 3487 faciunt
175 3438 279 3508 Iutpp.‚
295 3439 416 3510 Euripid.
429 3439 555 3492 Phoeniss.
606 3452 674 3510 puta
686 3437 778 3490 oculos
791 3439 887 3489 iterum
899 3431 997 3485 claudi.

4 3567 6 3590 .
59 3515 127 3581 ¹433
143 3533 201 3588 Sqq·
215 3520 283 3589 inpr.
301 3520 366 3586 1646
383 3539 422 3590 sq.
436 3521 469 3572 de
481 3522 559 3572 Eteo-
640 3519 694 3588 693
711 3536 769 3588 sqq.
785 3519 862 3568 Nova
877 3515 933 3566 hac
946 3526 972 3565 et
987 3511 1103 3564 insolens

4 3651 5 3668 ¹
55 3595 112 3655 cle;
125 3596 196 3649 etde
209 3599 320 3670 Pyramo
333 3600 412 3652 Ovid.
425 3601 488 3652 Met.
505 3602 556 3666 lV,
605 3600 690 3652 videri
698 3612 786 3670 potest
793 3597 900 3668 religio,
910 3593 1038 3666 quodlris
1048 3595 1106 3645 mit-

5 3727 6 3742 }
60 3675 109 3743 ¹37
124 3693 181 3746 sqq.
197 3678 252 3746 146.
270 3681 326 3748 146.
337 3680 413 3733 Adde
424 3681 457 3733 de
469 3681 557 3733 Alces·
606 3678 734 3744 titur‚ad
744 3676 936 3750 expediendam
948 3677 1048 3726 miserae
1058 3675 1105 3724 Di-

4 3807 5 3822 *
57 3754 116 3806 tide
137 3757 228 3829 Eurip.
258 3761 413 3814 203-206.
438 3792 472 3801 -
495 3762 556 3832 689.
608 3758 685 3811 donis
694 3759 817 3810 animam.
827 3754 1003 3809 Scilicetlridi
1013 3751 1106 3802 tribuit

4 3883 6 3910 ᾗ
55 3834 145 3888 stridit
156 3837 263 3905 vulnus,
277 3859 324 3893 san
362 3844 383 3894 is
403 3860 434 3895 ex
449 3842 558 3893 vulnere
608 3853 703 3910 poeta,
725 3838 797 3907 quod
809 3837 943 3889 Mercurio
963 3850 1044 3903 supra
1062 3833 1108 3882 tri-

4 3967 7 3976 ,
60 3932 210 3985 erumpens.
233 3922 304 3971 conf.
352 3921 404 3973 vid.
424 3921 488 3972 Met.
510 3921 558 3986 w,
607 3916 824 3971 butumvidimus
834 3933 902 3969 vers.
913 3909 1107 3983 aliquando-

4 4063 6 4080 !
66 3996 391 4071 120.124.-691.692.
412 4000 559 4067 Oculijam
610 3998 718 4070 quidem
744 4016 760 4049 a
783 3999 887 4048 lunone
911 3993 957 4044 illa
982 3989 1107 4044 mandata
