2718 4598
418 301 483 364 Ao
507 298 709 364 urnutnu
732 301 781 363 11.
1058 305 1121 372 303

70 436 156 509 (Hor.
168 431 225 483 Art.
243 427 323 500 132)=
338 423 468 489 alterum,
481 443 560 489 cum,
573 425 643 494 epici
656 424 781 474 carminis
793 431 894 475 naturae
907 436 933 476 et
945 426 1008 478 artis
1021 427 1121 500 ignari,

68 517 286 574 narrationema
305 507 399 578 primis
421 506 460 557 rei
478 503 631 575 primordiis
653 505 794 574 repetitam
812 523 861 574 per
880 507 996 578 singulas
1015 522 1123 580 partes,

70 613 207 670 tanquam
227 590 371 660 scriptores
394 585 547 657 pedestres,
570 597 732 654 exponerent
755 606 761 635 :
787 584 860 654 quod
883 604 907 636 v.
933 607 955 638 c.
977 587 1075 641 Statius
1097 593 1125 641 in

70 673 225 734 Achilleide
237 669 367 722 tentavit:
383 664 417 718 ad
429 663 481 716 hoc
495 681 578 736 genus
597 675 700 734 spectat
718 664 807 734 Epigr.
828 665 856 714 in
867 664 976 718 Anthol.
988 668 1012 718 ll
1019 707 1026 735 ,
1045 669 1080 734 40
1096 687 1123 738 p.

77 761 129 814 163
148 754 240 826 Steph.
253 752 324 802 Nata
339 747 404 798 hinc
416 745 463 798 illa
476 767 482 794 ε
497 744 568 814 apud
581 743 714 795 Acronem
726 745 754 794 in
765 744 857 796 Horat.
872 746 999 818 cyclicum
1017 761 1125 817 poetam

73 858 151 903 esse,
172 835 219 906 qui
239 829 342 884 variare
358 842 400 876 res
420 825 537 886 nesciat3
558 823 813 894 etlsidor.·VI,17
836 843 868 876 ea
889 827 1008 877 carmina
1026 827 1126 897 cyclica

71 918 188 979 vocari,
209 929 267 982 quae
291 909 419 976 cujusque
440 905 556 955 materiae
582 902 697 972 simplici
720 903 899 954 formafacta
920 905 980 954 sint.
1003 905 1127 956 Huncin
1188 939 1190 942 ,
1271 909 1273 918 λ

73 998 188 1054 modum
208 992 373 1043 diversarum
393 1002 483 1035 rerum
503 978 657 1034 discrimine
677 983 765 1047 facto,
784 981 881 1036 licebit
895 983 1003 1037 taudem
1024 985 1128 1055 aliquid

72 1079 143 1132 certi
155 1087 182 1127 et
194 1067 324 1142 explorati
337 1064 370 1116 de
380 1063 464 1135 poetis
475 1060 580 1132 cyclicis
597 1060 711 1112 tradere.

109 1159 214 1208 Horum
232 1160 373 1220 poetarum
393 1160 492 1212 opera,
513 1152 642 1210 quantum
661 1157 693 1190 ex
711 1139 886 1211 fragmentis,
905 1153 960 1194 tum
982 1161 1014 1196 ex
1032 1143 1126 1210 Quinti

72 1234 203 1309 Smyrnaei
215 1228 381 1288 imitatione,
394 1234 421 1275 et
433 1239 465 1274 ex
477 1222 642 1293 argumentis,
652 1219 810 1292 Cypriorum
824 1219 977 1273 Carminum
994 1236 1020 1276 et
1033 1219 1126 1276 nivens

74 1315 151 1388 apud
163 1308 301 1372 Proclum,
315 1304 440 1375 colligere
459 1301 541 1366 licet,
561 1313 619 1352 tota
633 1300 667 1352 ad
680 1301 788 1352 Homeri
801 1319 855 1351 non
873 1315 927 1354 tum
950 1316 1033 1356 ortem
1046 1321 1127 1375 quam

75 1409 227 1457 sermonem
236 1389 327 1460 potius
340 1404 375 1456 ac,
389 1383 506 1436 colorem
518 1395 544 1434 et
557 1383 661 1452 epicam
674 1380 819 1433 dictionem
836 1384 888 1432 fuit
900 1387 1056 1455 composita.
1070 1385 1127 1436 Nec

78 1493 170 1530 tamen
183 1489 224 1523 res
235 1473 304 1520 intra
312 1459 431 1538 poetices
442 1464 529 1534 spatia
540 1463 672 1525 substitit,
686 1459 733 1512 sed
740 1460 850 1512 liberius
863 1475 903 1514 est
915 1476 1034 1535 evagata.
1048 1468 1127 1529 Nam,

75 1575 140 1610 curn
163 1551 293 1625 pedestris
318 1545 446 1597 orationis
469 1559 532 1592 usus
557 1553 583 1592 et
607 1539 693 1590 cultus
718 1539 900 1592 increbescere
924 1543 993 1594 inter
1022 1543 1126 1596 Graecos

77 1636 220 1706 coepisset,
242 1627 373 1695 multique
397 1632 508 1686 essent,
534 1621 579 1689 qui
602 1619 799 1688 antiquissimos
820 1617 924 1689 mythos
950 1619 1129 1694 historiasque

75 1717 204 1782 Graecip,
218 1711 315 1780 partim
337 1701 502 1774 singularum
521 1699 628 1750 urbium
649 1695 764 1761 fabulis,
783 1697 957 1768 religionibus
979 1719 1009 1750 ac
1027 1706 1127 1771 sacris,

75 1796 154 1848 festis
170 1810 200 1843 ac
215 1787 325 1850 ritibus,
339 1783 461 1834 locorum
473 1781 553 1831 etiam
565 1777 761 1840 monumentis,
784 1776 997 1847 templorumque
1010 1776 1128 1834 donariis

74 1883 248 1928 consecratas
259 1907 267 1934 ,
278 1866 376 1936 partim
392 1879 423 1913 ex
434 1861 529 1931 priscis
542 1857 723 1922 carminibus,
738 1875 795 1927 qnae
808 1870 983 1926 supererant,
1001 1859 1127 1914 collectas

75 1955 163 2007 literis
182 1947 353 2004 mandarent3
374 1944 443 1992 inter
463 1957 530 2012 quos
552 1936 713 2007 Pherecydes
733 1934 916 2002 Atheniensis,
941 1951 968 1990 et
990 1939 1129 1994 Acusilans

77 2033 212 2106 Arpinis,
227 2028 364 2086 Hecatoeus
383 2016 523 2083 Milesius,
545 2028 647 2087 etpost
662 2015 715 2066 hos
732 2015 777 2066 alii
790 2018 915 2080 ereperrdr
929 2031 1050 2070 auctores
1061 2057 1068 2085 ,
1081 2041 1129 2093 ge.

77 2110 209 2180 nealogiis
230 2106 342 2156 deorum
361 2119 393 2152 ac
415 2097 594 2168 cosmogoniis
618 2093 767 2146 condendis
788 2095 909 2164 inprimis
929 2096 1126 2162 inclaruernn13

77 2196 266 2246 successerunt
289 2183 350 2245 alii,
373 2180 419 2250 qui
438 2177 591 2228 Graecorum
615 2185 677 2243 post
698 2171 843 2244 mythicum
865 2185 968 2243 tempus
986 2166 1130 2246 historias,

79 2290 167 2344 eoque
182 2270 261 2320 etiam
283 2260 384 2315 bellum
404 2259 551 2326 Trojanum
571 2251 787 2324 perscriberent,
806 2254 875 2303 inter
897 2248 964 2323 quos
984 2259 1074 2308 nescio
1096 2278 1131 2310 an

76 2354 166 2426 primo
179 2346 240 2399 loco
257 2339 430 2395 Hellanicum
443 2335 564 2388 Lesbium
576 2351 693 2404 ponam,
711 2333 785 2401 cujus
800 2350 926 2403 magnum
944 2351 1011 2404 opus
1025 2333 1128 2405 impar

78 2436 163 2486 fuisse
175 2429 299 2490 videtur,
317 2421 351 2474 ad
364 2419 438 2492 quod
453 2416 582 2486 tanquam
593 2425 683 2484 partes
696 2410 838 2464 referenda
854 2426 931 2464 erunt
944 2432 1001 2484 quae
1017 2414 1132 2470 laudan-

75 2527 140 2565 tur:
163 2505 272 2577 Qcpurle,
288 2498 389 2561 Ἀτθὶς,
413 2487 561 2556 'Arretinum¹
572 2488 728 2545 decucurrisse
737 2531 745 2554 ,
764 2488 862 2561 Τρωϊκά.
884 2491 1058 2566 (Fragmenta
1074 2500 1130 2566 ejus

77 2612 153 2646 nunc
177 2587 290 2642 collecta
311 2593 405 2633 sunta
427 2578 582 2630 doctissimo
603 2577 683 2638 viro,
707 2576 735 2624 F.
758 2575 802 2625 W.
820 2573 915 2638 Sturz,
940 2577 1037 2650 quibus
1059 2576 1130 2630 addo

79 2672 155 2728 aliud
167 2671 231 2723 satis
251 2660 425 2716 memorabile
446 2655 480 2710 de
502 2655 606 2708 Achille
625 2673 641 2706 a
662 2652 825 2704 Scamandro
846 2670 975 2724 oppresso
998 2655 1025 2706 in
1041 2656 1129 2709 Schol.

78 2756 148 2805 Ven.
170 2751 190 2800 B
210 2744 245 2800 ad
263 2741 339 2794 lliad.
363 2757 396 2805 φ,
418 2728 546 2809 ²i²=)'¹¹¹
562 2735 665 2786 Troicis
685 2733 764 2784 rebus
787 2731 853 2784 fides
872 2735 928 2802 ejus
943 2735 1064 2804 inprimis
1080 2737 1133 2787 fuir

79 2832 211 2905 probata,
224 2838 254 2878 ut
266 2826 346 2876 etiam
361 2820 505 2890 Dionysius
517 2815 602 2868 Halic.
618 2814 665 2866 lib.
682 2815 701 2864 1.
716 2833 739 2865 c.
754 2814 796 2880 46.
811 2815 853 2882 47.
867 2813 901 2878 48
919 2815 946 2864 in
958 2815 1048 2886 ,Trojae
1060 2819 1132 2868 exci-

82 2913 129 2964 dio
140 2911 280 2975 AEneaeque
292 2904 357 2972 fuga
370 2897 506 2950 narranda
525 2913 585 2947 eum
598 2881 943 2965 potissimunfsquendum
955 2895 1131 2956 existimaret;

80 3005 108 3045 et
119 3009 151 3044 ex
161 2987 297 3040 Clemente
313 2981 387 3033 Alex.
401 2980 412 3028 l
425 2978 521 3030 Strom.
536 2995 562 3046 p.
581 2975 630 3046 139
646 2977 711 3026 satis
726 2985 846 3036 constat,
869 2990 930 3022 eum
948 2974 1033 3042 Trojae
1047 2985 1132 3044 captte

81 3069 215 3144 epocham
244 3069 312 3117 inter
335 3073 438 3113 ceteros
462 3068 587 3110 accurate
611 3055 751 3106 definiisse.
776 3051 933 3105 Laudentur
954 3052 1049 3111 eodem
1070 3054 1131 3105 loco

82 3153 143 3218 alii,
156 3148 204 3202 sed
214 3143 367 3198 nominibus
380 3151 483 3198 tantum
493 3138 559 3188 noti.
574 3134 711 3186 Celebrius
725 3152 822 3186 nomen
835 3145 874 3183 est
886 3131 1004 3183 Dionisii
1014 3130 1131 3198 Milesii,

82 3233 130 3302 qui
149 3225 286 3280 Herodoto
305 3218 397 3292 paullo
420 3219 556 3287 antiquior
576 3215 647 3266 circa
669 3213 774 3285 Olymp.
796 3212 865 3263 LXV
886 3212 981 3262 vixisse
999 3210 1131 3273 traditur,

45 3317 51 3322 ,
81 3303 244 3378 ,mmgqsg
262 3302 349 3356 Suidae
362 3312 388 3352 et
405 3299 502 3350 Tzetzae
516 3296 619 3361 dictus,
639 3311 693 3345 non
710 3304 838 3363 tanquam
850 3289 917 3362 cycli
936 3291 1005 3360 epici
1023 3303 1133 3357 auctor,

82 3387 159 3460 quod
179 3385 248 3437 male
271 3379 405 3444 traditur,
426 3377 474 3430 sed
494 3388 606 3446 propter
627 3391 726 3444 opera,
747 3389 804 3443 quse
824 3368 927 3442 cyclum
945 3367 1089 3441 mythicum
1108 3383 1135 3422 et

80 3465 240 3518 historicum
254 3457 420 3522 efficiebant,
433 3473 518 3526 eaque
531 3457 559 3506 in
571 3454 644 3506 hunc
654 3451 763 3503 modum
774 3448 943 3516 ordinanda,
955 3461 985 3498 ut
999 3451 1135 3520 scripserit

82 3539 202 3605 Μνθικὶ,
219 3533 399 3611 Ἀργοναντυιλὶ,
423 3535 526 3606 Tpoei'scir
538 3536 622 3597 βιβλία
640 3531 676 3599 γ’,
697 3548 753 3585 tum
772 3529 855 3582 Κύκλου
872 3525 981 3598 irrepsit
998 3531 1019 3582 ir
1038 3531 1134 3592 βιβλίοις

82 3625 105 3696 ξ’
113 3664 122 3687 ,
136 3625 317 3696 sequebantur
332 3616 366 3672 rei
380 3613 484 3687 ssepand
502 3629 527 3669 et
546 3615 655 3668 tandem
675 3609 709 3666 rei
723 3607 788 3679 μισὶ
808 3612 913 3680 capsim
933 3613 984 3663 nisi
1005 3611 1059 3662 duo
1078 3611 1134 3662 haeo

82 3725 169 3758 unum
180 3704 304 3775 idemque
326 3717 393 3773 opus
417 3700 507 3759 fuere;
531 3699 624 3768 inquo
638 3699 697 3767 ipso
716 3693 846 3746 hahemus
864 3692 981 3768 historiae
996 3692 1138 3744 catholicae

83 3787 244 3858 scriptorem
254 3785 434 3853 antiquiorem
443 3777 516 3846 illis,
525 3779 571 3849 qui
583 3777 662 3850 vulgo
675 3776 810 3828 habentur
822 3771 833 3844 (
850 3775 869 3846 ).

114 3963 150 4020 (r)
168 3958 204 4004 cf.
217 3957 247 4004 ad
258 3957 307 4004 haec
322 3959 394 4006 Notos
408 3957 439 4003 cd
454 3954 585 4022 Apollodor.
629 3952 733 4020 fontibus
744 3951 855 3999 hr'storiur.
873 3947 967 3994 Diodori
980 3949 1004 3990 in
1019 3943 1137 3996 Commen-

83 4052 108 4097 p.
127 4045 171 4092 9²¹
188 4044 223 4092 sq.
236 4027 282 4090 980'
294 4043 329 4091 sq.
350 4030 503 4076 Commentet.
523 4029 544 4072 ll
560 4027 588 4073 de
634 4028 714 4072 trition.
730 4026 780 4072 Soc.
794 4026 822 4070 R.
836 4023 871 4068 Sc.
889 4021 949 4066 Gott.
962 4018 989 4062 T.
1003 4015 1052 4061 Vll.
1065 4013 1137 4060 Omni
