2724 4580
435 291 498 356 An
521 291 722 390 urrann
746 294 770 356 1.
888 270 892 277 ’
1064 245 1120 383 ’ψ

74 439 139 475 eum
152 440 253 474 numen
266 422 299 474 sit
308 419 449 478 voluntas,
462 426 519 466 tum
530 427 649 486 potestas
662 435 693 467 ac
707 418 830 485 majestas
848 415 904 481 dei,
917 414 1003 485 (unde
1015 419 1126 473 tandem

73 521 126 572 pro
139 505 200 574 ipso
214 503 265 554 deo
276 498 388 565 ejusque
400 506 514 559 natura,
530 507 576 546 aut
590 497 696 546 nomine
716 515 747 546 ac
764 497 843 547 titulo
855 498 980 568 ponitur,
998 501 1126 569 potentias

73 595 169 634 autem
190 591 280 650 partes
302 595 359 629 csse
381 578 505 646 possint,
532 575 708 642 divitiarum,
730 595 892 649 regnorum
922 580 1125 650 conjugiorum,

70 671 188 729 partus,
200 660 245 710 cui
257 658 305 710 illa
316 668 446 728 praerat,
461 658 536 708 aiunt
553 658 636 728 quaeri
650 678 655 708 ε
669 674 723 728 qua
743 668 819 728 parte
837 660 891 728 ejus
900 658 1025 730 potentie
1042 657 1126 710 lusa?

73 739 151 810 quod
160 742 283 808 jejunum
293 751 319 790 et
332 736 460 808 vapidum
473 755 547 802 esse,
560 735 641 790 dices.
663 737 716 788 Uni
729 737 837 808 quidem
854 739 901 790 deo
916 738 996 810 plura
1013 738 1128 789 numina

73 819 177 884 inesse,
190 838 240 871 uec
252 836 303 870 usu
316 836 365 869 nec
378 818 482 869 ratione
505 816 571 868 mihi
588 816 697 887 quidem
708 817 800 887 liquet.
814 817 841 869 Si
852 829 938 888 poetae
957 817 990 869 de
1010 816 1127 871 ttuodeo

72 897 192 948 numina
211 908 378 962 memorant,
390 895 419 947 id
438 895 467 946 fit
486 897 595 968 poetica
613 898 731 961 ratione,
750 908 780 948 nt
795 897 907 969 pluralis
925 915 976 969 pro
1000 895 1128 968 singulari

72 988 202 1046 ponatur.
225 975 352 1028 Addam:
371 993 511 1028 occurrere
532 979 561 1027 in
579 978 666 1047 poetis
686 979 808 1029 notiones
824 977 943 1028 numinis
964 976 1044 1037 alias3
1061 977 1128 1046 poni
1184 1039 1187 1048 ,

72 1075 125 1128 pro
139 1055 270 1129 relipione
286 1058 421 1121 numinis,
433 1076 484 1128 pro
497 1058 596 1133 sacris,
608 1076 690 1128 porro
702 1077 753 1128 pro
769 1059 876 1110 monitis
886 1058 1020 1122 numinis,
1030 1059 1128 1126 jussis,

72 1137 209 1188 vaticiniis
219 1175 228 1201 ‚
241 1138 368 1189 consiliis.
377 1139 477 1189 Verum
487 1137 528 1189 his
539 1136 730 1209 significantibus
740 1157 790 1190 nec
802 1157 855 1210 quo
866 1156 915 1190 nee
927 1135 985 1189 lceso
995 1138 1126 1189 convenit.

72 1217 150 1270 Loedi
161 1235 261 1269 numen
274 1216 372 1269 dicitur
383 1216 485 1270 violata
497 1219 552 1286 ejus
565 1220 702 1287 majestate
713 1239 729 1282 ,·
740 1217 862 1289 adeoque
880 1217 914 1270 ad
926 1219 993 1269 iram
1005 1229 1031 1268 et
1047 1217 1129 1268 ultio-

71 1314 138 1348 nem
161 1293 230 1348 illnd
252 1298 415 1367 provocari;
438 1298 625 1366 frequentatur
648 1299 769 1367 inprimis
789 1297 822 1349 de
845 1297 977 1368 perjurio,
1001 1306 1032 1345 ut
1054 1294 1136 1366 apud,

71 1378 170 1431 Horat.
193 1378 259 1428 Cum
280 1387 310 1427 tu
332 1394 490 1448 magnorum
512 1396 612 1428 numen
633 1375 725 1429 lesura
747 1379 855 1430 deorum
878 1379 912 1428 In
929 1378 1006 1428 uerbo
1017 1377 1128 1446 jurabas

70 1477 142 1510 mea.
159 1457 201 1510 Sic
217 1458 341 1514 Tibullus
360 1459 503 1529 aliquoties
516 1470 542 1510 et
555 1459 615 1521 alii;
630 1471 656 1510 et
673 1458 706 1510 de
719 1460 859 1531 sacrilegio
871 1460 919 1510 inf.
935 1460 976 1523 ll,
1002 1458 1058 1510 183.
1079 1475 1128 1527 pro

71 1539 189 1590 numine
202 1536 270 1592 loeso.
352 1563 354 1568 ·

109 1622 172 1672 Fuit
184 1621 225 1672 vir
237 1621 349 1686 doctus,
363 1622 409 1692 qui
418 1623 559 1693 jungeret:
573 1639 626 1693 quo
641 1619 791 1692 impulerit;
804 1619 896 1685 nt'sit,
910 1638 1055 1691 quorsum,
1073 1637 1128 1689 quo

70 1701 198 1752 consilio.
217 1701 360 1754 Enimvero
381 1714 472 1754 manet
493 1704 530 1753 sic
550 1701 624 1772 qnod
640 1703 793 1774 ambiguam
814 1713 840 1754 et
860 1700 956 1753 duram
968 1711 1129 1752 structuram
1178 1712 1182 1719 ·

70 1780 183 1847 reddit,
197 1782 322 1852 apposito
340 1806 346 1834 ε
360 1783 471 1834 numine
484 1782 550 1835 loeso.
564 1785 669 1848 Restat,
687 1795 717 1834 nt
731 1785 894 1854 accipiamus
904 1801 1003 1833 numen
1014 1781 1129 1833 Junonis

71 1860 167 1913 laesum
184 1863 274 1915 multis
287 1865 367 1917 rebus
381 1883 412 1916 ao
425 1867 541 1926 caussis3
560 1867 697 1935 querique
711 1863 797 1929 adeo,
817 1883 878 1915 cum
890 1866 954 1916 satis
975 1875 1127 1924 constaret,

69 1939 167 1992 laesum
183 1959 257 2009 esse,
279 1945 374 2014 quain
391 1962 419 1996 re
439 1943 531 1995 laesum
547 1945 645 2006 fuerit;
665 1963 738 2016 quo,
760 1963 814 2015 qua
826 1944 853 1994 in
865 1963 910 2008 re,
927 1944 1038 1995 numine
1061 1942 1128 1995 laeso.

70 2021 133 2072 Hoc
144 2039 226 2092 qnam
235 2023 382 2094 ingratum,
390 2034 417 2074 et
428 2023 547 2094 pedestri
557 2025 673 2074 orationi
684 2025 810 2093 propius,
828 2024 875 2087 sit,
887 2024 973 2073 sentio
985 2014 1128 2092 equidem'3

70 2112 233 2153 nontamen
249 2102 374 2154 videntur
393 2105 506 2154 sensisse
517 2104 568 2153 viri
583 2102 664 2154 docti.
680 2105 751 2152 Nam
770 2114 796 2154 et
807 2101 912 2153 Servius
932 2101 985 2152 hoc
1004 2101 1131 2170 apposuit

69 2182 164 2250 primo
175 2181 237 2232 loco
253 2203 259 2232 ε
272 2179 379 2254 (equo,
392 2184 421 2233 in
434 2201 504 2252 quo,
517 2184 545 2232 in
560 2200 614 2251 qua
631 2199 740 2240 caussa;
758 2193 785 2231 et
797 2191 836 2231 est
851 2181 978 2249 septimus
996 2196 1089 2241 casus,
1102 2190 1129 2230 et

71 2261 226 2310 communis
252 2260 386 2322 elocutio;
411 2261 524 2312 dicimus
549 2261 638 2310 enim:
660 2277 712 2329 quo
736 2269 761 2309 te
782 2257 864 2310 lesi.»
885 2260 966 2309 Recte
985 2275 1065 2321 sane,
1085 2259 1130 2308 vix

69 2351 165 2390 tamen
184 2338 253 2390 bene
266 2338 368 2410 duplici
386 2338 530 2409 ablativo.)
550 2351 576 2390 et
589 2339 732 2400 Heinsius,
751 2338 792 2386 Jo.
806 2337 876 2387 Frid.
897 2336 1034 2388 Gronovio
1049 2336 1127 2388 Obss.

70 2419 126 2482 lv,
140 2418 280 2488 9laudat0
294 2433 403 2472 auctore
416 2458 424 2483 ,
437 2420 579 2490 probavit;
592 2418 700 2490 subjicit
721 2431 811 2469 tamen
826 2441 837 2463 u
846 2435 924 2488 posse
937 2429 964 2469 et
973 2416 1128 2487 simpliciter

71 2498 153 2566 capi,
170 2509 201 2547 nt
218 2499 290 2550 infra
306 2499 358 2567 674
371 2517 404 2550 ne
424 2517 478 2570 quo
489 2516 515 2550 se
533 2499 645 2550 numine
657 2507 769 2548 mutet.»
789 2515 848 2567 quae
861 2496 997 2567 quomodo
1014 2515 1075 2546 cum
1086 2495 1129 2547 his

70 2578 238 2628 conveniant
250 2596 304 2629 non
313 2579 400 2630 video.
414 2579 484 2630 Nam
501 2578 539 2630 ibi
552 2591 591 2630 est
603 2590 722 2650 potestas
738 2577 781 2630 dei
798 2579 827 2628 in
842 2577 966 2630 fraudem
984 2594 1079 2628 versa:
1095 2597 1129 2630 ne

71 2676 131 2728 quo
144 2659 224 2723 dole,
239 2677 293 2729 qua
306 2659 404 2711 fraude
417 2659 530 2730 alicujus
543 2659 606 2725 dei,
626 2661 683 2730 ejus
696 2677 770 2711 mens
782 2671 907 2710 mutetur.

109 2740 175 2788 Post
184 2737 243 2789 haec
255 2740 346 2790 omnia
355 2738 461 2803 dixeris,
474 2759 535 2791 cum
541 2740 617 2792 nulla
627 2740 691 2792 satis
704 2737 846 2790 commoda
854 2739 923 2790 ratio
936 2737 1131 2808 interpretandi

71 2830 222 2888 suppetat,
250 2817 284 2870 de
312 2819 467 2890 corruptela
487 2837 544 2872 esse
570 2819 752 2892 cogitandum.
777 2817 891 2870 Videtur
911 2831 1001 2870 tamen
1028 2817 1075 2868 illa
1101 2820 1131 2869 in

70 2899 186 2952 exordio
205 2913 260 2952 tam
271 2902 330 2951 noti
343 2919 374 2952 ae
384 2900 512 2953 celebrati
522 2903 647 2954 carminis
659 2903 703 2952 vix
721 2900 812 2951 locum
825 2898 939 2962 liabere3
953 2899 1030 2952 aliter
1041 2916 1069 2950 se
1087 2917 1130 2953 res

69 2981 187 3033 haberet
199 2982 227 3032 in
240 2983 356 3034 carmine
369 2982 397 3032 in
408 2999 463 3033 nno
476 2981 519 3034 vel
539 2982 624 3035 altero
645 2982 717 3034 libro
736 2982 827 3033 lacero
847 2992 967 3042 servet03
988 2992 1045 3031 tum
1065 2999 1130 3033 vero

71 3057 198 3110 nondum
208 3058 281 3125 vidi,
303 3079 353 3112 nec
365 3062 423 3132 ipse
440 3075 567 3132 exputare
582 3079 709 3132 possum,
722 3059 937 3114 emendationem
949 3063 1013 3112 satis
1029 3061 1131 3130 proba·

70 3137 167 3190 bilem.
188 3137 269 3189 Venit
302 3140 393 3191 statim
412 3142 440 3192 in
465 3153 603 3193 mentem:
624 3158 701 3193 casus
727 3151 837 3204 rectos,
859 3137 948 3191 dolens
970 3150 997 3191 et
1022 3139 1130 3210 repina,

72 3218 214 3287 requirere
227 3216 304 3279 lasa3
322 3237 415 3270 verum
436 3220 503 3292 qnid
522 3232 576 3273 est:
589 3237 643 3293 quo
663 3220 774 3272 numine
790 3219 850 3272 loesu
866 3220 958 3271 June?
969 3231 1058 3286 estne,
1071 3221 1130 3290 ipsa

72 3317 93 3349 a
117 3313 172 3366 quo
192 3298 302 3348 numine
318 3296 401 3350 lesa?
415 3319 450 3352 an
473 3299 620 3352 redibimus
643 3301 679 3352 ad
701 3301 840 3352 molestam
854 3301 1101 3370 interpretationem
1122 3323 1128 3351 ε

70 3394 129 3450 quo
141 3374 269 3441 numine,
289 3393 343 3447 qua
354 3395 409 3430 sua
425 3382 570 3450 majestatis
582 3383 677 3452 parte?
688 3380 810 3434 Incidere
827 3380 945 3452 proclive
961 3392 1001 3432 est
1021 3383 1049 3433 in
1064 3381 1129 3434 altc-

70 3474 156 3522 rnm,
174 3474 227 3527 quo
250 3457 358 3510 nomine
378 3457 457 3526 ἱωεα,
479 3480 533 3532 qna
554 3479 666 3528 caussa,
689 3479 744 3534 qua
766 3481 811 3527 re,
836 3479 891 3533 qua
913 3461 1003 3515 dere.
1024 3465 1055 3514 ln
1075 3463 1129 3516 hoc

71 3536 216 3602 Calamus,
236 3539 427 3607 Heumannns,
451 3545 508 3614 jam
533 3542 598 3596 olim
620 3543 762 3616 Scioppius
781 3544 913 3598 inciderat
936 3548 965 3596 in
985 3545 1131 3599 Paradoxis

69 3615 211 3670 litterariis
231 3615 295 3687 (sub
314 3621 432 3676 Pascasii
455 3623 578 3696 Grosippi
596 3627 705 3678 nomine
726 3625 873 3678 Mediolani
895 3626 960 3679 1628
980 3626 1128 3700 vulgatis),

71 3697 125 3750 ubi
144 3717 171 3768 p.
196 3699 231 3766 24
248 3713 320 3754 reete
341 3705 457 3776 exagitat
476 3705 558 3758 Servii
579 3709 712 3772 rationes,
739 3719 796 3758 tum
820 3707 909 3780 legere
929 3707 1025 3760 suadet
1045 3729 1051 3759 ι
1076 3726 1128 3778 quo

70 3778 186 3830 nomine
197 3778 260 3832 tusa
273 3781 347 3851 (non
361 3785 492 3851 numine,
512 3785 585 3856 quod
600 3787 672 3839 adh.
686 3787 704 3838 l.
722 3787 826 3859 Virgilii
835 3788 958 3839 Heinsius
969 3786 1128 3856 adscripsit)

70 3855 193 3909 laudatis
212 3858 279 3910 loeis
301 3861 421 3915 Suetonii
437 3865 465 3915 in
486 3865 573 3917 Galba
594 3885 616 3917 c.
643 3867 683 3920 16.
705 3866 823 3918 Subinde
837 3866 974 3937 jactavit,
998 3864 1084 3936 lepere
1103 3881 1129 3914 se

70 3935 210 4004 militem,
227 3958 282 3991 uon
292 3961 377 3994 emere
387 3946 565 3999 consuevisse:
579 3946 666 4020 Atque
680 3966 712 4000 eo
729 3946 836 4020 quidem
853 3950 960 3998 nomine
979 3943 1129 4015 omnesqui

72 4017 177 4090 ubique
193 4031 271 4074 eram
281 4022 377 4078 milites
392 4027 575 4096 exacerbavit,
593 4027 640 4082 illo
660 4029 762 4096 scilicet
777 4030 886 4081 nominc
898 4028 970 4092 lesi,
991 4046 1023 4080 ea
1034 4041 1129 4080 caussa

1223 3023 1227 3033 ι
