2694 4574
132 181 140 194 .
226 220 281 300 tt

489 220 524 280 P.
548 213 780 279 VlRGlLlI
804 214 1036 279 MARONIS

238 342 435 430 Progeniem
447 339 507 405 sed
520 341 610 404 enim
619 339 768 428 Trojano
780 361 798 402 a
812 340 971 426 sanguine
985 339 1063 404 duci

238 447 410 526 Audierat,
424 447 539 536 Tyrias
552 447 632 510 olim
646 468 720 534 quae
732 462 876 511 verteret
887 468 995 524 arces,

185 631 188 640 Ι
241 555 328 618 Hinc
339 553 516 640 populum,
531 553 595 616 late
608 574 735 639 regem,
748 551 906 640 belloque
918 551 1118 638 superbum,

238 661 427 722 Venturum
440 658 567 722 excidio
581 658 707 747 Lyhiae;
721 659 768 722 sic
782 657 913 722 volvere
927 659 1053 726 Parcas,

242 763 281 828 ld
293 782 459 843 metuens,
473 763 662 853 veterisque
675 786 803 827 memor
814 763 965 828 Saturnia
978 762 1072 842 belli,

242 923 330 971 Medic.
349 943 362 970 a
380 943 411 970 m.
424 943 460 989 pr.
474 937 497 970 et
508 941 544 987 pr.
556 925 641 970 Moret.
654 927 729 970 sinent
738 924 796 970 editi
814 923 910 986 quidam
927 935 950 968 et
962 923 1031 968 Goth.
1046 935 1099 968 tert.
1112 925 1134 966 si
1142 937 1194 986 quoe
1204 919 1280 966 Zulieh.

241 997 338 1042 intendit
349 999 431 1059 Puget.
442 1009 466 1044 et
475 997 580 1042 Parrhas.
594 1014 606 1042 1
618 1013 654 1058 pr.
665 1014 696 1042 111.
705 1013 758 1058 quae
765 998 864 1042 varietas
872 1007 895 1040 et
904 993 961 1040 alibi
971 996 1081 1040 occurrit.
1091 994 1122 1038 cf.
1130 995 1207 1038 Borm.
1214 992 1280 1054 favet-

240 1085 285 1133 que
296 1082 343 1116 tres
353 1087 389 1132 ap.
402 1072 480 1115 Burm.
492 1079 558 1115 vovet
566 1072 629 1132 conj.
641 1070 782 1115 Heumanni.
793 1085 815 1114 v.
825 1069 880 1112 Not.
890 1092 921 1102 -
934 1081 969 1127 ¹9·
982 1069 1081 1128 Trojano
1090 1069 1208 1130 sanquine,
1219 1067 1281 1110 sinea

240 1141 326 1186 Moret.
342 1157 377 1202 pr.
391 1155 414 1188 ct
430 1141 495 1187 Leid.
506 1141 548 1188 sed
558 1159 580 1188 v.
593 1142 673 1186 Heius.
687 1140 807 1185 Judicium
820 1139 850 1184 de
862 1138 908 1183 hoc
922 1154 992 1184 versu
1004 1139 1130 1184 obscurum
1142 1135 1281 1198 Qstinctiliani

241 1215 297 1258 lust.
311 1214 355 1268 tx,
368 1215 395 1270 3,
411 1213 445 1270 14.
456 1214 498 1258 ubi
508 1232 530 1259 v.
539 1215 644 1275 luterpp.
655 1239 686 1248 -
699 1229 736 1258 ao.
749 1226 801 1275 quoe
809 1219 918 1256 everteret
929 1210 977 1256 duo
990 1225 1027 1274 ap.
1038 1211 1118 1256 Burm.
1132 1207 1171 1253 alii
1183 1223 1218 1269 ap.
1230 1207 1281 1250 Pier.

242 1295 269 1327 ut
287 1294 311 1327 et
329 1281 386 1328 alibi
397 1286 507 1329 variatur.
526 1292 641 1328 averterat
655 1294 709 1328 tert.
726 1281 836 1327 Rottend.
853 1295 924 1345 quum
940 1289 1037 1324 verteret
1054 1281 1137 1340 Puget.
1149 1304 1181 1313 —
1194 1292 1227 1323 21.
1245 1276 1282 1320 Hic

242 1352 320 1398 Sclrol.
333 1355 421 1416 Cruqu.
434 1353 464 1398 ad
479 1355 601 1400 Horatium
613 1353 688 1416 Epod.
703 1355 724 1399 5.
736 1355 759 1398 Si
771 1351 830 1397 hunc
841 1349 951 1415 populum
957 1347 1040 1412 legere
1052 1349 1148 1404 liceret,
1163 1345 1281 1408 'reprehen-

241 1425 302 1468 sioni
313 1426 388 1470 inanis
398 1426 545 1486 repetitionis
555 1424 635 1470 nullus
647 1425 713 1470 locus
720 1423 789 1470 foret.
796 1449 829 1458 ·-
839 1438 876 1467 11.
884 1421 965 1480 Libyes
976 1421 1013 1466 ed.
1022 1422 1082 1465 Ven.
1093 1445 1125 1454 -
1135 1419 1171 1463 23.
1180 1418 1282 1482 Expressit

241 1493 320 1539 Valer.
330 1494 364 1539 ΕΙ.
375 1496 397 1550 Ι,
413 1497 465 1556 509.
483 1493 524 1542 hoc
538 1505 652 1551 metuens,
667 1504 691 1540 et
701 1511 729 1540 ne
739 1511 785 1559 qua
795 1494 860 1557 foret
873 1508 954 1538 manus
964 1492 1040 1536 invida
1052 1499 1112 1536 nuto.
1126 1491 1232 1535 Ceterum
1243 1499 1282 1530 non

240 1617 353 1669 Romam
363 1618 513 1684 conditam,
525 1621 622 1684 tendit,
636 1633 744 1672 conten-

241 1696 290 1761 dit,
304 1697 450 1762 allaborat,
464 1717 573 1768 operam
587 1699 646 1763 dat,
652 1699 744 1769 fovet-

241 1789 310 1844 que,
331 1795 382 1846 pro
403 1777 523 1848 vulgari,
545 1778 652 1840 studet;
669 1777 747 1846 fovet

241 1853 313 1918 lxoc,
335 1855 405 1907 hanc
422 1875 498 1923 rem,
516 1856 569 1908 hoc
586 1857 743 1922 consilium,

243 1935 332 1984 animo
355 1947 381 1986 et
403 1937 574 2006 cogitatione.
594 1937 744 2010 -Siqua

152 2043 154 2046 ·
243 2015 356 2066 ratione.

282 2110 401 2163 19—22.
426 2094 568 2146 Enimvero
593 2115 607 2147 e
628 2097 745 2164 Trojana

242 2175 324 2242 stirpe
335 2186 421 2224 ortum
432 2173 586 2226 habituram
596 2193 653 2227 esse
666 2195 745 2228 aoce-

241 2265 319 2323 perat
334 2267 455 2324 gentem,
477 2253 645 2327 (progeniem
662 2255 744 2327 dixit)

243 2351 301 2402 quae
316 2333 505 2404 Carthaginem
517 2335 664 2404 aliquando
675 2349 745 2388 esset

242 2429 377 2463 eversura.
397 2411 528 2483 Populum
546 2415 636 2477 enim,
658 2414 691 2466 ab
713 2433 745 2466 ea

242 2504 321 2561 gente
332 2493 476 2551 oriturum,
493 2493 527 2543 ad
538 2493 744 2546 exscindendam

243 2570 433 2642 Carthaginem
458 2573 486 2621 in
509 2573 628 2623 Africam
653 2575 745 2648 copias

243 2668 305 2700 suas
316 2667 373 2704 esse
385 2652 565 2719 trajecturum.
580 2651 607 2703 Si
620 2655 658 2704 ita
668 2673 747 2724 expo-

244 2731 346 2795 sueris,
372 2744 481 2801 poetam
507 2733 576 2785 forte
600 2732 690 2804 aliqua
716 2752 747 2785 ex

243 2823 320 2880 parte
334 2831 349 2863 a
365 2811 572 2882 reprehensione
587 2815 674 2864 inanis
687 2828 747 2865 tau-

244 2891 351 2962 tologiae
370 2893 485 2958 liberes,
505 2912 554 2946 nec
577 2893 667 2946 Cerdae
688 2893 747 2965 (ad

243 2972 291 3023 lib.
303 2973 343 3036 X,
359 2974 418 3024 213.
440 2973 524 3044 114),
541 2993 591 3024 nec
602 2976 628 3023 P.
642 2974 747 3046 Angelii

242 3054 344 3122 Bargaei
376 3052 524 3103 subtilitate
553 3052 692 3124 indigeas,
719 3057 747 3104 in

244 3130 313 3201 ¹lipp.
331 3131 400 3183 Clar.
422 3133 509 3182 Viror.
529 3132 576 3183 tib.
599 3135 616 3182 1.
636 3153 697 3205 pag.
714 3134 747 3186 85

190 3217 193 3222 “
244 3209 347 3282 (Lugd.
364 3212 463 3283 1561),
484 3214 546 3282 qui,
563 3225 636 3264 utne
654 3213 748 3266 eadem

245 3308 287 3342 res
308 3291 349 3342 bis
370 3289 444 3342 dicta
467 3304 552 3355 esset,
575 3291 746 3361 explicabat:

245 3381 403 3437 venturum,
423 3373 559 3436 futurum,
572 3385 598 3422 et
606 3390 748 3423 evasurum

245 3447 299 3500 late
312 3469 401 3521 regem
415 3451 448 3502 ab
463 3451 567 3504 excidio
581 3453 678 3524 Libyae.
688 3453 748 3502 Jarn

247 3528 746 3601 expenderationempoeticam.Hinc,

247 3627 279 3660 ex
290 3607 342 3659 hac
354 3613 497 3680 progenie,
511 3613 667 3681 posteritate
681 3613 748 3662 Tro-

245 3691 380 3757 janorum.
399 3691 488 3740 Minus
502 3691 571 3742 bene
590 3683 697 3743 revoces
714 3691 749 3742 ad

249 3769 404 3840 sanguinem
440 3771 592 3838 Troianum.
618 3769 750 3842 populum

248 3849 302 3899 late
311 3867 406 3920 regem,
417 3868 467 3920 pro
480 3851 533 3902 late
546 3866 709 3922 regnantem,
722 3873 748 3906 v.

192 3933 193 3936 ’
248 3922 384 3984 1311111111
397 3931 502 3982 Petron.
515 3949 537 3981 c.
552 3932 583 3984 81
596 3945 659 3984 extr.
672 3933 750 3995 Corn-

793 1631 890 1690 parant
916 1617 1043 1686 stipvrtpu'ar
1071 1617 1238 1666 Homericum
1262 1622 1282 1661 et
1324 1615 1325 1666 l

793 1693 935 1765 siponidar:
948 1698 982 1748 cf.
994 1698 1042 1747 int.
1054 1698 1074 1756 l,
1088 1694 1148 1755 235,
1158 1690 1282 1760 Hiucfore

792 1777 910 1829 ductores
918 1815 927 1842 ,
936 1787 1054 1828 revocato
1063 1797 1079 1825 α
1089 1775 1217 1847 sanguine
1228 1773 1284 1822 Tee-
1324 1801 1325 1820 t

793 1857 924 1927 cri,1Qui
944 1875 1037 1921 mare,
1054 1856 1102 1927 qui
1124 1866 1203 1906 terras
1223 1849 1284 1902 omni

793 1937 894 1990 ditione
904 1947 1065 1990 tenerent-
1072 1933 1140 1986 bello
1147 1934 1283 2004 superbum,

794 2019 950 2087 exquisitius
967 2035 1049 2086 quam
1060 2027 1212 2085 potentem,
1223 2013 1284 2063 iero-

794 2115 867 2160 cem,
880 2109 974 2166 utpote
990 2097 1134 2157 victorem,
1151 2090 1284 2153 wiricus,

794 2176 876 2228 semel
889 2175 922 2228 de
936 2169 988 2227 hoc
1000 2193 1051 2226 usu
1062 2176 1136 2226 vocis
1150 2172 1221 2243 apud
1232 2189 1285 2241 poe·

795 2268 835 2307 tas
845 2275 993 2308 monemus.
1005 2255 1089 2326 Libya
1097 2273 1170 2306 nunc
1178 2254 1284 2324 plenius,

794 2354 844 2405 pro
857 2334 1019 2407 Carthagine
1032 2336 1060 2384 in
1074 2353 1105 2384 ea
1118 2334 1213 2384 Africae
1222 2333 1288 2402 parte

777 2471 783 2476 ,
794 2416 846 2466 sita
857 2436 862 2463 :
882 2425 1021 2466 venturum
1037 2411 1141 2484 duplici
1150 2411 1229 2462 modo
1247 2429 1285 2480 po·

795 2507 845 2546 test
856 2497 958 2565 accipi:
974 2493 1016 2545 vel
1029 2506 1234 2562 proventurum,
1247 2491 1287 2540 ori·

797 2587 901 2639 turum,
914 2577 1049 2634 futurum
1065 2566 1123 2637 iel,
1143 2572 1216 2643 quod
1231 2589 1287 2641 prn-

796 2656 870 2720 lero,
881 2666 1021 2706 venturum
1029 2655 1126 2717 exitio,
1138 2653 1174 2705 ad
1184 2654 1288 2714 exitium,

797 2749 826 2786 ut
837 2733 952 2799 auxilio,
963 2733 1085 2785 subsidio.
1099 2751 1124 2782 v.
1140 2735 1228 2783 Burm.
1241 2733 1287 2780 Au·

797 2815 882 2867 dierat
897 2817 994 2866 Parcas
1009 2814 1045 2865 sic
1061 2812 1165 2864 volvere
1183 2816 1235 2864 sive
1252 2811 1288 2861 iila

797 2917 846 2949 sua
855 2917 918 2948 nere
931 2909 1027 2948 etcum
1038 2897 1070 2946 iis
1082 2897 1148 2959 iata,
1161 2895 1287 2946 intention.

797 2980 851 3030 sive
863 2976 918 3028 haec
938 2974 1043 3038 moliri,
1061 2974 1228 3026 machinari:
1245 2973 1288 3023 hoc

798 3057 911 3110 alterum
922 3057 1019 3106 verius.

834 3136 875 3187 23.
904 3153 950 3204 291
974 3134 1073 3187 Veteris
1097 3132 1181 3197 belli,
1208 3131 1288 3203 paullo

797 3229 858 3268 ante
875 3216 964 3286 gesti,
988 3226 1018 3263 ut
1037 3223 1109 3263 vetus
1128 3225 1154 3263 et
1176 3211 1290 3282 antiquus

797 3297 939 3349 interdum.
960 3314 986 3346 v.
1005 3297 1093 3345 Burm.
1115 3294 1224 3364 prima,
1241 3292 1290 3362 pri-

796 3394 888 3441 murn,
912 3377 995 3447 prins.
1021 3374 1098 3446 Argis
1115 3393 1166 3445 pro
1187 3370 1289 3444 Argivis.

795 3459 894 3508 Versus
919 3454 952 3508 25
973 3485 1009 3494 —
1029 3455 1070 3506 28.
1095 3455 1123 3505 in
1147 3451 1290 3526 parenthesi

797 3555 854 3590 esse
866 3537 968 3606 positos
985 3547 1060 3604 puta.
1076 3534 1114 3584 Id
1126 3545 1243 3584 metuens
1251 3569 1259 3596 ,
1272 3539 1292 3580 el

797 3615 860 3669 tolli
871 3633 983 3680 memor,
996 3615 1103 3664 arcebat
1114 3615 1202 3665 Troas.
1214 3614 1292 3679 Quum

798 3709 888 3748 autem
896 3696 961 3747 alias
973 3713 1079 3748 caussas
1088 3695 1292 3766 interposuisset,

800 3776 924 3848 iniquum
946 3776 1051 3826 Paridis
1071 3775 1227 3846 judicium,
1248 3789 1291 3844 quo

798 3855 1293 3926 Junonisformainferiorpronuntiata

795 3936 906 4006 fueret,
935 3945 961 3990 ct
986 3935 1148 4006 Ganymedis
1176 3946 1292 4007 raptum,
