2718 4598
247 253 311 317 320
613 237 919 308 EXCURSUSI

246 385 413 436 recensetur,
422 371 513 440 junior
523 367 568 419 hic
579 367 706 420 Pisander
721 386 781 418 rum
795 366 919 416 Fabricio
937 362 1042 416 videtur
1059 383 1117 420 esse
1134 361 1288 419 habendus:
1344 409 1345 414 ,

246 474 296 506 nec
309 455 379 504 enim
397 452 574 520 epigramma,
586 447 659 516 quod
670 447 721 496 sub
733 444 853 496 Pisandri
874 442 972 494 Rhodii
984 445 1092 495 nomine
1111 445 1241 496 laudatur
1252 447 1288 514 (v.

247 531 360 586 anck.
373 530 451 580 Anal.
465 529 496 578 T.
509 529 548 590 ll,
563 546 589 596 p.
609 527 692 596 ugil),
708 527 893 594 antiquitatem
905 535 952 574 aut
963 524 1164 594 simplicitatem
1183 525 1289 577 redolet.

247 613 343 664 Latere
359 611 439 661 etiam
453 607 497 658 ille
509 605 614 657 videtur
625 606 675 656 sub
690 603 845 655 Thessandri
859 604 965 652 nomine
983 621 1026 672 ap.
1039 601 1113 654 Serv.
1128 603 1166 655 ad
1183 605 1207 654 ll
1215 641 1224 668 ,
1237 622 1289 656 211.

249 693 283 742 cf.
298 691 346 740 ini.
359 689 466 740 Excurs.
477 685 512 736 ad
521 687 558 748 ll,
574 702 632 754 ¹99·

283 769 349 836 Quae
361 767 449 820 adhuc
462 763 685 825 commemorari,
698 780 731 812 ea
746 780 802 824 me,
819 763 867 830 qui
885 759 958 810 nullo
972 777 1019 810 seu
1038 761 1076 812 rei
1097 779 1144 811 seu
1163 763 1291 832 opinionis

248 846 338 898 studio
353 860 462 908 teneor,
480 855 586 894 movent
595 881 604 906 ,
617 855 647 892 ut
657 839 704 904 id,
718 839 791 909 quod
809 840 873 889 olim
891 851 1017 908 sequutus
1036 855 1110 902 sum,
1127 840 1293 891 retinendum

250 926 380 978 arbitrer:
398 925 503 976 diversa
521 925 602 974 fuisse
624 939 708 991 opera
716 921 853 986 Ἡρακλείας
869 932 896 971 et
907 916 1004 986 rip-inlr
1024 919 1178 983 θιηιμιοῖι·
1196 941 1258 972 nam
1270 934 1294 970 ut

249 1007 412 1056 contrarium
422 1005 537 1067 tuearis,
551 1002 631 1072 plura
645 1013 692 1051 aut
704 1001 760 1050 sine
773 1001 876 1050 ratione
889 1011 936 1050 aut
952 997 1079 1050 adversus
1096 1016 1207 1050 omnem
1218 1003 1294 1051 ratio-

251 1105 312 1137 nem
328 1083 514 1155 arnplectenda
534 1097 603 1134 sunt.
622 1081 762 1152 Superest,
774 1093 804 1130 ut
824 1079 858 1131 de
874 1082 933 1150 ipso
947 1078 1088 1130 Macrobio
1107 1079 1295 1150 dispiciamus,

251 1167 297 1235 qui
304 1165 460 1216 eversionem
470 1165 553 1233 Trojoe
561 1163 587 1216 V
586 1160 739 1234 irqilianam
750 1180 767 1209 a
775 1161 903 1211 Pisandro
912 1177 988 1231 poene
995 1159 1031 1208 od
1041 1161 1150 1212 verbum
1161 1163 1296 1232 transcrip-

250 1255 305 1296 tum
318 1245 506 1317 testatur.;Qua
516 1247 544 1294 in
553 1263 582 1295 re
592 1261 699 1294 necesse
711 1255 759 1306 est,
768 1253 814 1292 aut
825 1241 991 1292 Macrobium
1002 1242 1120 1311 graviter
1132 1261 1247 1307 errasse,
1254 1254 1295 1293 aut

250 1322 345 1393 ἰραϊιᾶς
354 1327 488 1392 bananiae
497 1344 551 1376 non
560 1323 750 1386 Larandensis,
763 1321 836 1392 quod
849 1321 942 1372 Suidas
953 1333 1119 1386 asseruerat,
1130 1322 1180 1372 sed
1191 1323 1295 1374 alterius

250 1419 350 1476 poetas,
364 1409 410 1476 qui
426 1421 487 1460 ante
504 1405 645 1477 Virgilium
662 1406 779 1467 vixerat,
795 1407 863 1472 opu's
879 1404 969 1453 fitisse.
982 1401 1143 1467 Videamus,
1160 1415 1251 1456 utrum
1266 1406 1297 1454 sit

251 1487 426 1555 probabilius.

287 1566 315 1617 Si
323 1565 375 1618 boc
387 1587 486 1638 ponas,
496 1569 578 1619 fuisse
590 1585 696 1618 carmen
709 1565 776 1616 illud
784 1565 896 1637 Virgilio
909 1566 1053 1634 antiquius,
1063 1577 1093 1614 ut
1102 1584 1154 1617 nec
1165 1577 1254 1618 tamen
1267 1565 1298 1617 ad

252 1648 409 1698 Pisandrum
425 1648 559 1700 Rhodium
579 1649 672 1699 referri
687 1646 754 1698 illud
774 1649 870 1716 possit;
889 1645 917 1696 id
936 1646 1010 1716 quod
1028 1645 1145 1697 vidimus
1167 1645 1226 1698 fieri
1247 1665 1298 1706 non

252 1744 346 1796 posse3
361 1744 464 1780 sumere
483 1726 586 1796 aliquid
599 1744 707 1778 necesse
715 1738 771 1790 est,
783 1725 856 1796 quod
870 1738 896 1776 et
910 1727 982 1775 omni
995 1728 1156 1777 auctoritate
1170 1739 1259 1791 caret,
1276 1739 1300 1777 et

253 1822 317 1855 vero
334 1806 414 1856 etiam
430 1806 635 1875 probabilitate,
646 1824 709 1856 nam
723 1823 801 1857 nemo
816 1805 884 1856 alius
902 1818 948 1856 aut
967 1804 1047 1856 talem
1066 1804 1244 1869 Pisandrum,
1258 1817 1301 1857 aut

254 1884 308 1938 tale
322 1903 428 1937 carmen
438 1887 609 1956 memoravit,
620 1885 693 1954 quod
703 1898 791 1936 tamen
801 1887 833 1936 iis
843 1885 964 1936 aetatibus
974 1887 1103 1954 scriptum
1116 1903 1175 1936 esse
1184 1885 1300 1946 deberet,

255 1963 289 2017 de
303 1963 399 2053 quibus
411 1966 475 2016 satis
493 1963 578 2016 multa
588 1964 666 2015 nobis
678 1963 778 2016 tradita
792 1976 862 2014 sunt.
874 1963 1006 2014 Macrobii
1025 1975 1116 2014 autem
1130 1962 1301 2014 Grammatici

258 2043 401 2094 auctoritas
414 2046 481 2096 tanti
493 2062 548 2094 non
559 2056 613 2107 est,
628 2056 658 2093 ut
674 2056 728 2094 tam
739 2061 836 2114 parum
847 2041 1000 2112 probabilia
1011 2040 1138 2111 amplecti
1157 2042 1258 2094 malim.
1271 2043 1302 2090 At

167 2131 173 2148 '
257 2122 369 2176 alterum
381 2141 442 2174 cum
454 2141 513 2194 ipsa
524 2141 614 2176 rerum
626 2121 678 2174 fide
691 2136 717 2174 et
728 2135 832 2174 ratione
848 2123 1020 2190 conjunctum
1032 2132 1088 2181 est
1105 2109 1171 2170 nani
1187 2121 1241 2171 fuit
1257 2120 1302 2171 ali-

257 2203 316 2272 quis
333 2196 460 2253 Pisander
471 2201 663 2262 Larandensis3
683 2203 735 2252 fuit
752 2203 872 2253 Nestoris
885 2213 986 2270 poeta,
1000 2217 1046 2268 qtu
1039 2197 1108 2248 sub
1121 2198 1222 2252 Severo
1238 2202 1301 2269 Imp.

258 2282 346 2334 lloruit
358 2283 440 2344 lilius;
457 2297 534 2354 pater
551 2282 662 2334 Iliadem
683 2282 771 2334 denuo
791 2294 957 2342 exaraverat;
973 2279 1162 2332 filiusornnem
1175 2281 1305 2353 mytholo-

257 2365 328 2434 giam
340 2381 394 2414 uuo
407 2381 487 2434 opere
500 2364 653 2432 complexus
664 2374 730 2415 erat.
744 2349 957 2414 Consentaneum
965 2359 1018 2411 hoc
1030 2373 1071 2411 est
1079 2359 1190 2412 illarum
1200 2375 1304 2413 aetatum

258 2445 379 2513 ingenim
394 2455 434 2495 est
447 2456 473 2494 et
486 2443 554 2494 illud
565 2443 690 2509 solenne,
709 2457 754 2507 ut,
771 2443 898 2514 neglectis
918 2440 1129 2510 antiquioribus,
1143 2446 1264 2494 carmina
1275 2460 1305 2493 ex

259 2525 290 2574 iis
304 2524 424 2575 aetatibus
436 2543 559 2595 magnam
577 2525 650 2594 apud
661 2526 847 2596 grammaticos
863 2524 1031 2593 sequentium
1043 2521 1206 2574 seculorum
1218 2537 1305 2576 aucto-

259 2605 364 2654 ritatem
376 2603 508 2656 habeant:
521 2606 618 2656 Zosimi
629 2619 704 2658 atate
725 2608 768 2656 vix
780 2606 923 2674 quicquam
935 2601 1057 2653 Pisandri
1065 2600 1165 2654 Rhodii
1178 2617 1205 2655 et
1217 2622 1305 2674 aequa-

258 2681 324 2732 llum
337 2696 482 2752 supererat.
497 2686 554 2736 Hoc
572 2685 656 2737 altero
668 2687 748 2756 igitur
761 2685 891 2749 admisso,
904 2683 1067 2734 conveniunt
1078 2683 1150 2732 inter
1161 2700 1190 2734 se
1203 2685 1304 2745 omnia,

241 2779 309 2817 vuec
329 2763 471 2832 quicquam
488 2765 593 2830 turbat,
613 2776 793 2834 praeterquam
812 2764 944 2815 Macrobii
961 2774 1007 2813 aut
1025 2764 1211 2832 grammatici,
1229 2782 1304 2832 quem

260 2839 303 2891 ille
316 2839 468 2910 loquentem
478 2843 594 2908 inducit,
607 2856 751 2905 assertum3
763 2843 837 2914 quod
849 2855 961 2906 temere,
971 2860 1020 2892 nec
1032 2843 1156 2910 inspecto
1166 2843 1303 2907 Pisandro,

261 2931 287 2971 ct
298 2920 367 2972 falsa
381 2920 414 2972 de
431 2939 463 2973 eo
481 2936 611 2994 concepta
632 2925 774 2993 opinione;
789 2935 834 2974 aut
849 2923 961 2973 confuso
974 2919 1095 2970 Pisandri
1108 2924 1233 2987 nomine,
1246 2941 1304 2972 cum

261 3001 399 3068 antiquum
417 2999 492 3052 illum
512 3002 646 3053 Rhodium
665 3017 773 3073 poetam
794 3015 930 3053 auctorem
953 3018 1009 3051 esse
1029 3007 1153 3070 putaret,
1171 3002 1305 3073 prolatum

260 3079 344 3132 fuisse
354 3081 523 3132 manifestum
535 3081 564 3132 fit
576 3081 623 3153 (ι)
635 3085 747 3135 Potuerc
761 3096 850 3134 tamen
863 3085 890 3133 in
902 3101 934 3133 eo
947 3083 1015 3132 inter
1027 3092 1117 3153 cetera
1131 3100 1174 3134 res
1187 3085 1305 3152 Trojanae

262 3161 375 3228 exponi,
388 3172 429 3227 et,
442 3173 569 3232 tanquam
588 3182 604 3216 a
621 3165 741 3216 Romano
761 3175 883 3227 auctore,
896 3164 950 3214 sive
967 3161 1001 3213 ad
1016 3161 1122 3231 Virgilii
1143 3162 1305 3234 exemplum,

262 3237 317 3286 sive
330 3235 365 3288 ad
378 3256 544 3290 communem
563 3243 690 3294 narrandi
709 3261 825 3311 morem,
839 3241 925 3312 qualis
938 3242 971 3292 ab
984 3259 1016 3293 eo
1029 3240 1092 3292 inde
1106 3253 1228 3312 ternpore
1240 3245 1305 3292 inter

262 3315 395 3368 Romanos
408 3319 665 3385 fuit,constitui.1)e
678 3323 775 3374 Sinone
786 3337 812 3374 et
822 3341 891 3392 equo
903 3323 1034 3390 Trojano,
1048 3340 1108 3392 quae
1123 3323 1238 3394 exempli
1247 3322 1304 3404 loco

259 3411 276 3443 a
291 3395 429 3448 Macrobio
442 3416 637 3471 memorantur,
650 3421 698 3454 suo
709 3403 768 3454 loco
782 3403 939 3455 videbimus.

263 3570 414 3699 PhlitohNgzcs
416 3574 652 3693 videpxdzMacrobii
664 3597 742 3630 errore
754 3581 913 3646 disputatum
904 3598 953 3644 μω
963 3597 1012 3630 esse
1021 3598 1033 3628 a
1043 3583 1081 3628 Jo
1092 3582 1199 3630 Merriclt
1210 3583 1239 3629 ad
1250 3563 1344 3646 Try-i

427 3659 451 3735 P
547 3663 601 3712 “Fr
1214 3671 1217 3676 ’

1343 431 1345 470 l

1342 481 1345 506 l

1344 509 1345 524 t
