2656 4592
189 223 253 300 534

438 210 987 294 1›.t⁷1nom11unuours

233 344 275 406 At
287 339 411 426 regine,
425 359 504 426 pyra
516 334 723 424 penetraliin
736 333 815 400 sede
827 333 889 400 sub
901 356 998 398 auras

188 449 305 512 Erecta
317 443 456 532 ingenti,
470 441 563 508 taedis
574 457 674 531 atque
687 440 761 506 ilice
774 456 876 519 secta,

189 551 401 640 Intenditque
414 549 525 614 locum
537 549 646 628 sertis,
661 564 693 613 et
705 545 824 612 fronde
837 562 976 610 coronat

188 663 354 738 Funerea3
368 678 480 744 super,
495 656 640 734 exuvias,
657 677 839 742 ensemque
850 652 1021 731 relictum,

187 763 406 851 Effigiemque
419 777 492 826 toro
504 760 604 840 locat,
617 758 708 826 haud
720 761 833 848 ignara
844 759 959 823 futuri.

188 928 266 992 implet
282 944 341 974 unus
360 927 460 990 Guelph.
474 927 534 990 facit
550 927 608 972 alter
620 928 645 972 in
657 929 709 972 Ere.
727 930 778 974 Sax.
798 929 933 973 Poterimus
945 940 1027 970 carere
1042 921 1206 969 hemistichio.
1217 950 1246 959 -·
1307 971 1308 990 Ξ

189 1003 240 1048 505.
253 1005 313 1046 tectis
322 1010 390 1064 atque
397 999 466 1046 Goth.
477 1015 523 1046 sec.
530 999 620 1061 -507,
627 999 724 1062 funesta
734 1000 814 1070 labent
823 1000 936 1044 memoria
946 999 1002 1042 citat
1011 997 1094 1042 Lutat.
1108 995 1141 1040 ad
1149 999 1207 1041 Stat.
1216 997 1245 1040 lv
1307 1001 1308 1038 l

189 1071 263 1118 Theb.
277 1070 331 1133 460.

225 1210 385 1276 5024-508.
401 1211 542 1265 Exsolvere
556 1231 583 1264 se
597 1232 687 1265 amore

187 1292 244 1343 vult
257 1292 327 1342 Dido
345 1295 424 1344 samis
441 1297 568 1366 magicis:
585 1297 613 1346 in
626 1296 687 1364 qni-

186 1371 252 1435 hns,
265 1385 294 1421 ut
306 1371 385 1422 modo
399 1371 469 1438 dixi,
482 1373 549 1423 illud
565 1375 686 1444 inprimis

187 1453 261 1520 factu
275 1469 342 1520 opus
353 1463 424 1516 erat,
437 1464 466 1504 ut
481 1451 586 1504 flamma
597 1453 687 1504 abole-

186 1544 279 1582 rentur
297 1534 390 1601 priseae
412 1521 611 1583 consuetudinis
630 1551 688 1582 mo-

186 1624 321 1662 numenta.
333 1611 374 1662 Ad
383 1629 487 1664 sacrum
495 1625 616 1681 spectent
627 1611 696 1671 aree}

188 1691 343 1762 ambiguum
355 1705 409 1756 est,
423 1711 476 1762 quo
488 1692 549 1743 loco
562 1711 627 1763 pyra
639 1691 688 1743 ha·

187 1770 278 1822 henda
290 1773 331 1822 sit.
345 1772 383 1821 Ex
393 1772 518 1834 consilim
530 1770 603 1840 quod
614 1771 687 1822 dissi·

187 1850 285 1917 mmet,
305 1863 332 1902 et
354 1869 384 1901 ex
405 1864 514 1914 eventu,
532 1852 583 1900 fuit
606 1867 687 1920 rogus

186 1928 298 1980 Didonis
307 1950 314 1990 ;
328 1943 458 1999 quatenus
468 1943 557 1981 tamen
567 1947 638 1980 nunc
646 1947 688 1980 sn-

188 2027 263 2058 crum
280 2012 411 2080 magicum
429 2022 554 2080 paratur,
568 2021 613 2061 aut
625 2010 689 2059 sim-

185 2087 292 2156 pliciter
300 2087 431 2160 lignorum
440 2102 525 2151 ¹strues
534 2100 572 2140 est
583 2088 617 2139 ad
626 2088 689 2139 abo·

187 2166 281 2229 leudes
295 2171 419 2220 amatoris
433 2171 557 2233 exuvias,
576 2179 621 2218 aut
636 2186 687 2228 urie

186 2265 286 2317 genus,
300 2251 342 2299 eui
359 2266 408 2317 pro
425 2249 539 2298 victimis
552 2248 624 2298 eaesis
636 2247 687 2304 im,-

186 2339 324 2394 ponuntur
344 2328 398 2377 istae
421 2327 528 2384 exuviae.
554 2328 584 2376 ln
605 2327 686 2376 saeris

187 2406 297 2475 magicis
311 2404 403 2456 scrobs
425 2404 482 2457 fieri
498 2405 592 2455 solitus
613 2416 687 2469 erut,

188 2503 241 2554 quo
257 2483 390 2556 linteorum
401 2497 481 2536 strues
492 2485 686 2536 cumulabatur.

62 2537 64 2544 Α
154 2594 163 2602 -
186 2562 248 2614 vide
267 2581 291 2612 v.
306 2583 328 2614 c.
342 2565 443 2634 Orphei
459 2565 605 2636 Argonaut.
626 2565 686 2634 948.

187 2643 239 2712 968
251 2660 308 2712 sqq.
329 2657 356 2693 et
367 2646 454 2712 pr'imo
473 2643 534 2694 luno
552 2646 646 2716 Odyss.
659 2660 687 2708 n,

187 2720 237 2784 25,
257 2716 342 2787 tlupn
365 2719 444 2788 ἔρυξα.
464 2723 494 2772 In
516 2723 628 2775 eandem
646 2725 688 2774 fo·

186 2817 264 2850 vearn
273 2801 439 2852 victimarum
449 2805 687 2875 eaesarumsanguis

126 2905 128 2910 ·
187 2878 384 2932 demittebatur.
403 2880 466 2931 Erat
485 2883 556 2932 enim
574 2882 621 2933 illa
636 2901 686 2952 pro

186 2977 251 3024 ara,
265 2957 365 3028 ἐσχάρᾳ.
385 2962 456 3012 conf.
475 2960 588 3012 Statium
602 2961 685 3014 Theb.

121 3028 124 3044 ¹
186 3039 231 3104 IV,
249 3039 309 3106 451.
330 3039 381 3107 455
400 3043 543 3112 sqq.‚·qui
562 3059 593 3093 ex
611 3055 687 3112 parte

186 3116 258 3171 huuc
273 3120 367 3173 'locuni
387 3135 447 3173 ante
469 3122 561 3174 oeulos
582 3121 685 3174 hahuit.

187 3197 293 3250 Serobis
305 3200 332 3251 h.
346 3202 364 3252 l.
383 3203 458 3254 nulla
476 3203 505 3254 lit
518 3205 634 3268 mentio,
646 3223 687 3255 en-

188 3282 298 3329 struitur
310 3293 399 3333 tamen
411 3283 542 3353 lignorum
560 3296 633 3336 strue
644 3303 687 3335 ro-

187 3375 252 3428 gnsq
275 3362 320 3429 qui
344 3381 393 3430 pro
418 3383 464 3415 are
483 3381 540 3415 esse
560 3364 685 3427 videtur;

180 3440 238 3488 'etsi
253 3455 315 3488 mox
328 3458 405 3491 verns
423 3459 502 3513 rogus
522 3443 642 3506 futurus,
659 3445 687 3495 in

189 3534 242 3586 quo
255 3514 324 3569 Dido
338 3521 520 3574 comburenda
531 3535 597 3574 erat.
609 3524 686 3575 Nunc

188 3595 325 3668 illirogm
339 3599 377 3650 illi
395 3618 486 3671 pyroe,
504 3619 554 3671 pro
573 3604 686 3670 victimis

189 3675 354 3741 cremandis,
368 3679 541 3748 imponuntur
559 3693 645 3734 vestes
663 3695 688 3735 et

190 3755 409 3826 omnesreliquiae
422 3777 435 3808 e
451 3759 563 3826 pristino
577 3777 688 3812 consue·

177 3889 180 3901 Ι
190 3832 282 3885 tudine
293 3839 428 3900 amatoris,
437 3839 512 3904 cujus
522 3839 686 3890 amoreDido

187 3909 294 3964 liberari
317 3916 405 3985 cupit,
429 3933 490 3967 curn
518 3916 577 3987 ipsa
601 3917 687 3992 effigie

736 1215 832 1264 AEneae.
846 1211 881 1262 At
891 1213 1030 1283 eriguntur
1044 1225 1100 1262 arae
1116 1209 1246 1276 circopy-
1307 1213 1308 1266 i

736 1312 810 1357 ram,
822 1292 856 1343 ad
871 1311 937 1364 ques
952 1292 999 1344 illa
1013 1309 1127 1342 sacrum
1143 1290 1246 1340 facture

737 1385 794 1426 erat
810 1375 923 1424 victimis
941 1391 967 1422 v.
992 1371 1045 1427 635
1066 1387 1130 1440 sqq.
1141 1397 1178 1406 -
1189 1367 1243 1420 506.

738 1453 852 1505 intendit
863 1451 967 1516 locum,
978 1469 1091 1523 pyram,
1103 1448 1196 1511 sertis,
1208 1466 1247 1498 ex·

737 1536 859 1604 quisitius
870 1546 895 1584 et
907 1533 960 1584 hoo
973 1528 1056 1602 quam
1067 1530 1197 1600 vulgare,
1212 1528 1246 1578 in·

738 1613 821 1666 tendit
831 1623 896 1664 serta
910 1631 959 1683 per
970 1610 1060 1662 locum
1069 1648 1078 1674 ‚
1093 1608 1171 1680 quod
1188 1625 1244 1676 sup.
1307 1597 1308 1682 l

736 1695 773 1758 ll,
793 1694 843 1745 236
858 1681 1034 1758 occurrehdt:
1050 1687 1163 1740 vincula
1181 1685 1245 1737 collo
1307 1727 1308 1758 t

737 1772 890 1826 Intendunt.
911 1772 1000 1838 Quum
1017 1787 1073 1819 non
1086 1767 1185 1818 inutile
1199 1767 1244 1830 sit,
1307 1767 1308 1780 ³

724 1853 801 1906 *talia
813 1851 1049 1916 monereffliscas,
1063 1851 1086 1899 si
1099 1847 1243 1898 Burmanni

736 1947 828 1984 notam
839 1950 987 2002 compares.
1001 1929 1095 1980 Nolim
1109 1935 1199 1978 autem
1214 1943 1243 1975 ex
1307 1995 1308 2004 ἵ

736 2013 763 2065 h.
777 2013 794 2064 l.
815 2013 945 2082 probare,
957 2029 1037 2082 rogos
1057 2012 1136 2060 sertis
1154 2007 1242 2056 ornari

737 2094 829 2144 solitos
839 2095 931 2145 fuisse.
943 2095 1013 2144 Nam
1022 2091 1051 2142 h.
1063 2089 1081 2140 l.
1095 2108 1177 2160 pyra,
1188 2100 1242 2137 tan·
1307 2143 1308 2150 ἶ

738 2193 818 2244 quam
833 2193 895 2238 ara,
912 2171 1022 2224 corollis
1037 2171 1163 2241 cingitur.
1180 2167 1240 2236 Sup.

736 2252 793 2303 Ecl.
805 2253 881 2316 Vlll,
894 2252 937 2316 64.
951 2247 1029 2300 molli
1041 2249 1121 2320 cinqe
1133 2247 1188 2298 liceo
1203 2245 1242 2295 ol-

737 2331 805 2383 tart'a
824 2331 897 2382 vitta.
914 2329 1015 2399 fronde
1033 2327 1174 2397 funerea,
1196 2344 1241 2376 eu-

737 2427 847 2480 press0‚
858 2411 944 2480 inquit
952 2409 1060 2460 Servius
1070 2444 1079 2470 ,
1093 2418 1141 2457 aut
1152 2407 1240 2476 potius

739 2488 864 2540 arborum
886 2487 996 2538 frondes
1016 2486 1138 2556 intellige
1150 2491 1164 2550 ,'
1182 2502 1242 2554 qua·

737 2587 796 2619 rum
810 2570 838 2618 iu
860 2568 942 2620 saeris
962 2567 1074 2636 magieis
1091 2583 1156 2615 usus
1176 2577 1239 2616 erat.

737 2648 807 2698 Nem
820 2645 854 2698 de
873 2648 967 2698 Funere
986 2657 1070 2716 poeta
1088 2657 1194 2698 tuntum
1211 2660 1240 2694 ex

738 2738 834 2777 eventu
862 2745 919 2778 rem
946 2727 1150 2797 interpretatur.
1172 2725 1240 2795 Pyre

735 2806 850 2875 imponit
867 2805 938 2856 Dido
951 2825 1000 2868 ea,
1015 2823 1075 2874 quoe
1088 2816 1239 2856 contactum

737 2885 858 2954 corporis
876 2885 964 2936 AEneae
985 2896 1146 2944 senserant,
1165 2884 1240 2934 vesti-

736 2975 842 3027 mentu,
853 2976 908 3014 tum
920 2981 1024 3027 ensem,
1036 2976 1062 3015 et
1072 2977 1162 3014 torum
1176 2981 1239 3014 enn-

734 3041 866 3112 jugalem,
878 3042 945 3112 (inf.
959 3042 1019 3109 648.
1032 3055 1128 3093 notum
1140 3040 1239 3110 cubile)

735 3135 763 3174 et
775 3125 802 3172 in
814 3121 866 3174 hoc
883 3119 1021 3194 effigiem,
1034 3134 1102 3191 puta
1120 3131 1238 3186 cereum,

736 3209 793 3272 quae
813 3202 841 3252 in
858 3201 957 3252 talibus
977 3203 1062 3252 saeris
1078 3201 1141 3274 igne
1158 3200 1239 3270 lique-

734 3287 808 3336 facta
820 3281 927 3336 efficere
940 3281 1075 3347 debebat,
1088 3294 1136 3332 aut
1149 3293 1177 3332 ut
1187 3282 1238 3351 ipse
1307 3279 1308 3282 ’

736 3375 839 3416 ametor
850 3363 929 3415 simili
941 3361 1024 3415 modo
1038 3381 1131 3414 amore
1147 3362 1238 3432 liques·
1307 3353 1308 3390 t

736 3454 807 3496 cerel
814 3461 844 3494 uo
850 3443 1054 3496 contabesceret
1064 3465 1069 3493 :
1078 3442 1237 3506 utEcl.Vlll‚

736 3523 778 3575 80.
793 3536 839 3575 aut
851 3537 881 3576 ut
891 3523 1144 3595 perfidiam-misera
1158 3532 1237 3574 morte

737 3602 822 3655 lueret
843 3626 849 3654 ε
870 3603 1108 3671 Quemadmodum
1132 3601 1238 3655 efflnriae

738 3684 872 3754 corporis·
888 3685 1053 3736 vestimentis
1082 3683 1238 3735 inherentes

738 3763 772 3814 ad
797 3763 927 3834 philtrum
952 3763 1107 3836 parandum
1130 3764 1237 3815 adhihe-

736 3842 852 3904 bantur3
867 3855 894 3894 at
906 3842 933 3894 h.
950 3843 968 3896 l.
983 3842 1018 3896 ad
1028 3860 1151 3896 amorem
1163 3844 1240 3896 extin-

737 3920 880 3994 guendum.
