2690 4594
405 265 801 330 susisaniana
1069 277 1132 356 463

83 391 190 444 labben
200 392 307 444 Tabam
315 392 372 444 fere
381 392 424 443 vel
436 390 566 443 citharam
575 403 681 453 tenent,
694 403 725 442 ut
733 391 776 444 vel
789 393 861 463 apud
868 395 1018 450 Mantiane.
1029 399 1130 454 rideas.

82 473 209 546 Exempla
227 485 330 526 exstant
350 473 465 544 plurima
484 475 511 523 in
526 474 629 538 nurnis,
648 475 675 524 in
691 474 800 544 gemmis
820 471 859 544 (v.
878 493 901 526 c.
922 492 965 548 ap.
983 477 1091 554 Tarsis)
1109 491 1135 534 et

84 553 265 625 sarcophagis.
289 554 395 605 Nobilis
417 566 457 605 est
481 552 607 604 denarius
633 555 718 626 gentis
742 555 872 606 Petronia
892 554 937 626 (r.
960 577 983 610 c.
1004 558 1137 614 Thesaur.

83 634 187 686 Morell.
200 635 255 687 tab.
269 636 297 700 l,
314 651 336 685 1.
349 645 376 686 et
388 633 422 684 al.
436 631 499 685 add.
512 632 653 704 spanhem.
666 635 743 684 Tom.
754 636 782 702 1,
795 653 821 705 p.
837 636 911 706 251)
925 639 1048 708 Inprimis
1060 645 1136 694 nutui

83 714 211 785 Neapolis
223 714 411 787 Parthenopen
427 714 561 766 exhibent.
574 716 647 766 Inter
657 731 773 785 gemmas
787 728 827 766 est
839 716 938 783 Sarda,
952 720 978 769 in
992 733 1046 790 qua
1060 721 1138 794 Ulys-

84 810 124 846 ses
138 794 262 867 alligatus
275 807 315 846 est
331 795 419 860 malo,
441 794 609 846 adstantibus
626 795 702 846 trinis
722 793 875 861 Sirenibus‚
897 797 977 851 obvia
997 800 1070 870 apud
1086 803 1137 854 Pa-

84 873 209 926 ciaudnm
220 874 522 946 Monim.Pelop.1Tom.
538 877 565 939 Ι,
579 893 605 946 p.
625 875 681 944 ¹39·
696 874 769 927 ldern
783 889 968 948 argumentum
978 895 1017 932 est
1028 882 1139 955 anagly-

84 953 147 1025 pbi,
165 955 239 1024 quod
254 958 355 1026 primus
369 955 453 1006 edidit
465 955 582 1006 Fabrett.
598 954 722 1006 Addend.
736 956 772 1008 ad
786 957 1057 1029 Tabulam'lliacem‚
1074 979 1136 1035 pag·
1178 1027 1179 1030 Ἴ

85 1046 152 1086 extr.
165 1034 236 1087 Add.
249 1037 354 1088 Musam
367 1035 466 1087 Sirenis
482 1036 530 1088 alis
548 1051 650 1106 pennas
668 1034 824 1088 evellentem
842 1055 884 1109 ap.
903 1039 1137 1095 Wincldielmann.

87 1115 160 1166 Mon.
175 1115 246 1167 ined.
258 1114 314 1167 tab.
325 1116 369 1184 46.

118 1195 239 1246 Tandem
258 1193 453 1266 Stymphalides
466 1194 610 1265 nequidem
627 1197 655 1246 in
668 1211 777 1248 censum
790 1195 862 1247 hunc
879 1197 973 1249 referri
986 1195 1138 1262 dehebantt

85 1285 146 1326 sunt
166 1277 237 1326 enim
255 1293 316 1328 aves
334 1277 467 1346 palustres
487 1277 574 1348 longis
593 1279 705 1342 rostris,
725 1277 800 1328 nulla
819 1277 873 1330 alia
892 1298 921 1330 re
940 1280 1092 1332 notabiles:
1112 1299 1138 1332 v.

84 1353 242 1423 Apollodor.
255 1357 295 1421 ΙΙ,
309 1355 375 1424 5,6.
388 1357 424 1406 At
435 1357 548 1408 Pausan.
564 1350 639 1421 vlit,
658 1374 706 1422 22,
718 1368 851 1428 nugatur,
863 1357 928 1409 dum
940 1375 971 1409 ex
984 1360 1085 1411 Arabia
1095 1375 1140 1412 eas

84 1437 202 1486 arcessit.
215 1437 367 1488 Occurrunt
385 1435 437 1487 illae
457 1438 485 1487 in
505 1437 628 1506 pluribus
646 1438 802 1510 anaglyphis
819 1438 955 1505 Herculis,
974 1451 1002 1491 et
1017 1443 1045 1491 in
1058 1457 1140 1492 numo

84 1514 281 1568 Perinthiorum
293 1515 423 1568 Gordiani
435 1518 479 1567 ΙΙΙ.
492 1518 520 1568 in
532 1518 661 1569 Numism.
678 1519 790 1584 Albani,
803 1519 878 1569 Tom.
892 1520 933 1584 11,
946 1518 1000 1571 tab.
1015 1537 1057 1590 70.
1070 1519 1140 1574 Add.

86 1595 184 1648 Pictur.
199 1597 342 1650 Herculan.
356 1597 493 1662 volvit,
510 1617 537 1668 p.
553 1614 612 1668 7⁰9·
626 1599 840 1651 Winclrelmann.
854 1601 927 1650 Mon.
942 1599 1013 1652 ined.
1028 1600 1083 1652 tab.
1097 1599 1141 1652 65.

89 1674 216 1730 vaures
227 1679 259 1729 de
272 1677 349 1732 Vates
360 1695 414 1748 par
425 1676 564 1730 Tartesia
571 1715 580 1743 ,
593 1678 652 1730 Vol.
665 1680 705 1744 ΙΙ,
717 1678 772 1730 tab.
790 1679 830 1730 18.

544 1845 685 1860 *

345 1968 712 2078 EXCURSUS
748 1971 889 2059 VIII.

337 2159 376 2226 V
368 2164 541 2226 atrct'nium
554 2159 597 2224 de
610 2163 730 2227 mensis
743 2159 893 2225 ambesis.

120 2330 171 2396 111,
188 2327 343 2383 255-258.
356 2329 407 2380 Sed
418 2343 472 2380 non
483 2337 546 2379 ante
561 2327 651 2380 datam
662 2329 773 2402 cinqetis
785 2330 914 2382 moenibtts
931 2331 1036 2397 urbem,
1053 2335 1140 2404 Quam

87 2431 131 2464 vos
143 2411 201 2462 dira
205 2411 293 2481 fames
299 2448 308 2475 ‚
322 2420 466 2481 nostrosque
476 2409 576 2480 injuria
588 2411 664 2462 coedt's
674 2409 796 2462 Ambesas
806 2411 911 2483 subigat
921 2410 999 2464 maiis
1011 2413 1144 2466 absumere

86 2509 196 2544 mensas.
207 2491 370 2542 Vaticinium
382 2489 435 2540 hoc
447 2491 498 2540 fuit
511 2491 580 2542 inter
595 2501 699 2542 veteres
711 2490 818 2542 Graecos
836 2504 862 2544 et
877 2493 1013 2544 Romanos
1026 2493 1145 2548 celebra-

87 2572 234 2632 tissimum,
244 2569 318 2640 quod
324 2573 381 2639 jam
390 2571 418 2620 in
428 2571 545 2642 Disquis.
555 2571 586 2622 de
595 2569 707 2622 inventis
718 2587 735 2620 a
742 2579 821 2644 poeta
833 2571 908 2623 rebus
917 2581 937 2622 s.
949 2572 979 2622 V.
994 2573 1143 2644 attigimus}

87 2653 139 2705 etsi
158 2652 292 2704 diversum
312 2651 385 2722 apud
404 2651 470 2704 alios
489 2661 626 2703 auctorem
640 2649 731 2703 habet.
748 2652 819 2703 Nam
835 2651 958 2704 Anchisa
974 2636 1035 2723 jani
1045 2653 1109 2706 olim
1129 2674 1146 2707 a

85 2736 193 2787 Venere
210 2733 302 2786 datum
320 2751 392 2801 esee,
410 2752 424 2785 c
440 2732 468 2783 L.
482 2733 554 2784 Julio
571 2732 690 2801 Cressis,
705 2733 777 2800 etQ.
791 2733 898 2785 Lutatio
914 2734 998 2786 tradit
1009 2736 1102 2786 Victor
1111 2735 1143 2787 0.

86 2815 119 2868 G.
134 2817 165 2867 R.
187 2831 234 2881 ιι,
251 2815 323 2868 unde
340 2817 422 2868 etiam
441 2810 543 2867 asserir
564 2812 693 2880 θέσπισμα
710 2826 790 2866 vocat
807 2815 939 2886 Lycophr.
963 2815 1144 2869 nso-1252.

85 2895 178 2946 AEnete
187 2906 289 2958 autem,
297 2896 352 2946 sive
360 2913 377 2945 a
385 2893 451 2946 Jove
459 2893 610 2960 Dodonaeo,
618 2894 715 2964 (Varro
723 2894 783 2944 Iler.
794 2894 853 2944 Div.
864 2893 911 2944 lib.
925 2894 957 2944 ΙΙ.
970 2905 1012 2964 sp.
1024 2893 1095 2945 Serv.
1110 2893 1146 2945 ad

84 2975 139 3035 111,
149 2971 214 3038 256,
222 2986 249 3026 et
256 2972 302 3023 alii
310 2991 353 3042 ap.
361 2972 470 3044 Dionys.
481 2973 566 3024 Halia.
579 2971 661 3043 1‚55)
672 2975 726 3024 sive
737 2971 860 3043 asibylta
870 2969 1019 3042 Erythras,
1034 2975 1070 3040 (v.
1081 2971 1147 3022 Dio-

84 3069 147 3126 nys.
169 3051 252 3124 ibid.)
274 3053 429 3122 praedictam
446 3071 517 3117 rem,
537 3064 713 3104 narraverant
736 3053 790 3106 alii.
813 3053 900 3102 Poetae
924 3053 1063 3103 inventum
1084 3069 1144 3104 esse

85 3131 214 3197 videtur,
231 3131 305 3202 quod
323 3132 500 3203 Harpyiarum
511 3133 568 3194 ‘uni
580 3131 719 3183 oraculum
739 3131 807 3183 illud
820 3131 923 3182 tribuit.
941 3131 1048 3183 Exitum
1067 3133 1146 3184 sortis

86 3214 160 3266 datae
169 3231 194 3263 v.
207 3212 254 3264 lib.
267 3213 331 3277 Vll,
350 3226 397 3281 ¹⁰7
411 3229 487 3282 sqq.‚
500 3211 547 3262 ubi
558 3230 583 3261 v.
596 3211 704 3262 Fncurs.
718 3213 751 3262 11.

125 3289 251 3345 Ceterum
269 3311 373 3344 summa
391 3293 442 3344 ista
460 3293 578 3343 vaticinii
597 3291 740 3342 celebritas
762 3291 876 3342 movisse
894 3288 1001 3342 videtur
1018 3302 1146 3362 poetam,

88 3387 121 3428 ut
133 3373 252 3427 fabulam
261 3373 482 3445 amplecteretur,
501 3393 549 3445 per
562 3391 589 3425 se
602 3374 735 3443 ineptam,
748 3383 775 3423 et
787 3373 857 3441 epici
869 3373 994 3423 carminis
1006 3375 1148 3445 majestate

89 3453 245 3526 indignam,
259 3453 359 3523 qnippe
377 3470 435 3522 qute
451 3471 482 3504 ex
496 3453 691 3505 vocabulorum
706 3450 766 3502 lusu
785 3450 903 3521 pendet;
919 3451 1013 3504 saltem
1026 3451 1094 3504 illud
1111 3449 1147 3503 ad

88 3546 202 3606 poetam
215 3533 396 3587 excusandum
410 3533 499 3586 valere
517 3533 606 3586 debet.
622 3533 708 3597 Nam,
724 3544 752 3582 ut
769 3533 950 3585 narrationem
969 3551 1043 3585 suam
1063 3534 1148 3585 faciat

89 3613 263 3685 probabilem
276 3633 306 3667 ac
322 3613 509 3680 verisimilem,
527 3615 655 3685 quoniam
672 3615 700 3666 in
719 3613 799 3670 rebus
819 3611 942 3664 absurdis
962 3612 1147 3666 delectationis

90 3696 197 3746 fructus
212 3696 397 3767 intercipitur,
411 3708 497 3766 poetae
514 3697 584 3767 epici
600 3697 688 3766 prima
704 3687 768 3746 cura
783 3707 830 3748 est.
849 3695 942 3766 ltaque
955 3695 984 3745 irr
999 3693 1079 3746 laude
1096 3693 1151 3764 ipsi

90 3767 284 3841 ducendnszi
291 3776 398 3829 fabulas
406 3777 685 3849 priscaspopularium
693 3776 859 3842 suorum‚vel
868 3790 989 3828 veterum
996 3785 1149 3846 poetarum,

90 3867 149 3908 tam
166 3858 305 3911 commode
325 3871 481 3932 argumento
500 3878 549 3910 suo
565 3860 696 3926 intexere,
713 3871 739 3912 et
754 3862 792 3911 ita
808 3857 1012 3911 accommodare
1029 3855 1149 3918 noverit,

91 3949 142 4001 ut,
158 3929 223 3989 duni
238 3939 333 3992 eodem
346 3941 422 4011 qnasi
435 3942 547 3993 stamine
561 3952 617 3992 tota
629 3940 682 3994 tela
699 3941 805 3994 detexta
824 3955 879 4007 est,
894 3939 1037 3992 rideantur
1055 3953 1149 4008 parem

90 4015 173 4071 fidem
188 4017 305 4088 habere,
319 4034 345 4074 et
356 4021 403 4076 illa
416 4025 543 4095 quaeipse
555 4032 696 4098 nova-erat
712 4035 885 4076 commentus.
906 4021 997 4086 Quum
1015 4028 1105 4070 autent
1120 4017 1148 4067 in

184 4125 209 4158 2.
