2742 4586
458 249 521 314 sn
544 248 745 314 uranum
768 249 795 311 ε.
832 339 834 342 ¹
1085 249 1144 338 175
1246 251 1249 259 ’

93 378 134 433 cis
152 377 243 450 poetis
266 376 399 446 aliquem,
420 375 467 444 qui
488 385 674 448 tempestatem
693 374 722 423 in
742 371 895 422 Graecorum
913 370 1037 440 classem,
1058 375 1146 444 Ajacis

93 457 167 510 Oilei
181 459 203 508 f.
217 453 368 507 ulciscendi
386 470 495 518 caussa,
515 455 656 505 excitatam
674 451 753 503 simili
770 450 852 502 modo
871 450 1055 522 descripserat.
1077 454 1149 506 Nam

93 536 214 603 Quintus
226 535 289 586 loco
301 533 451 604 Virgiliano
463 531 547 583 multa
558 532 640 584 habet
653 543 839 584 consentanea.
851 529 990 601 Virgilium
1002 533 1029 584 in
1047 532 1098 584 hac
1108 535 1147 586 ia·

92 615 161 667 bula
174 616 309 687 expressit
319 614 409 666 Valcr.
423 614 461 664 Fl.
473 615 499 677 l,
513 612 564 682 576
576 630 634 684 sqq.
648 615 684 665 sic
697 626 727 662 ut
736 612 815 663 facile
829 613 989 664 imitatorem
1001 613 1148 684 intelligas3

91 695 204 748 brevius
221 697 405 749 narrationem
417 696 571 765 exsequitur
583 693 661 746 Silius
675 694 726 758 lX,
738 693 786 762 49¹
805 709 862 763 sqq.
876 691 1012 764 Apollonii
1026 694 1147 766 exemplo

92 777 144 841 lV,
157 793 219 847 777.

361 1073 877 1164 EXCURSUSIL

381 1256 551 1346 Nymphae
564 1255 701 1322 Iunonis
719 1260 859 1322 comites.

131 1425 158 1487 l,
172 1439 216 1493 7¹·
227 1423 298 1474 Sunt
307 1419 377 1472 mibi
387 1418 424 1470 bis
434 1429 532 1490 septem
542 1417 678 1490 prestanti
694 1435 800 1488 corpore
811 1417 952 1489 Nympbae.
969 1421 1056 1475 Habet
1069 1426 1149 1498 igitur
1204 1435 1208 1442 '

95 1505 178 1561 etiam
192 1505 264 1554 Juno
277 1519 339 1554 suas
351 1498 504 1570 Nymphas,
516 1515 572 1548 non
588 1496 670 1548 modo
682 1498 778 1548 Diana.
795 1499 978 1550 utemorantur
991 1520 1082 1553 earum
1100 1525 1149 1556 no-

95 1584 172 1633 mina
183 1601 227 1651 ap.
241 1583 370 1652 Pompon.
385 1579 447 1630 Sab.
462 1576 497 1629 ad
508 1577 535 1628 h.
549 1577 566 1628 l.
580 1576 632 1628 Sed
641 1595 674 1627 ne
684 1575 793 1640 fallare,
804 1580 936 1648 exscripta
947 1599 979 1631 ea
991 1599 1047 1634 esse
1058 1596 1148 1638 teneas

94 1682 130 1714 er
141 1662 240 1733 Georg.
254 1664 303 1728 IV,
317 1661 368 1714 336
381 1679 455 1730 sqq.,
468 1658 515 1709 uhi
531 1657 659 1709 Nereides
671 1656 809 1728 Clymenes
822 1660 932 1710 comites
947 1677 1146 1718 enumerantur.

95 1744 187 1795 Locus
205 1755 295 1795 autem
309 1742 413 1814 Virgilii
433 1757 571 1811 expressus
589 1758 621 1791 ex
635 1739 712 1790 Iliad.
726 1739 754 1804 ξ,
771 1739 820 1807 267
831 1758 904 1811 sqq,
917 1742 964 1794 ubi
976 1755 1065 1798 tamen
1077 1748 1148 1799 luno

95 1821 199 1873 Somno
212 1823 344 1893 promittit
357 1820 460 1888 Χαρίτων
474 1819 532 1885 μίαν
549 1815 701 1886 ὁπλοτεράων.
721 1817 842 1871 Charites
857 1823 926 1872 enim
938 1823 1038 1876 Junoni
1051 1826 1150 1880 adsunt

97 1902 214 1972 antiqua
225 1902 363 1974 religione.
383 1903 424 1952 Ita
440 1919 483 1971 ap.
501 1901 613 1950 Pausan.
627 1901 664 1962 ll,
681 1915 720 1966 17.
740 1897 792 1950 Sed
803 1899 906 1972 fingunt
918 1915 1003 1972 poetae
1017 1908 1149 1961 nonnulla

96 1994 199 2052 praeter
210 1983 361 2054 religiones.
376 1980 418 2032 Sic
435 1979 536 2032 Statius
545 1977 648 2031 Palladi
660 1996 715 2029 non
727 1981 813 2030 minus
833 1998 913 2050 quam
931 1984 1022 2037 Dianae
1039 1985 1149 2041 comites

98 2061 149 2114 dat
161 2061 246 2113 Theb.
257 2063 295 2127 Il,
310 2064 370 2132 239.
381 2060 510 2130 Alioquin
519 2061 596 2110 Horae
606 2061 705 2110 lunoni
716 2058 826 2123 adsunt,
840 2078 905 2129 quas
915 2060 949 2112 ad
961 2078 1076 2133 quatuor
1086 2069 1151 2119 anni

97 2152 225 2210 tempora
234 2153 343 2193 revocat
354 2141 470 2207 Quintus
483 2139 538 2190 Cal.
550 2139 588 2203 X,
602 2137 654 2191 336
666 2157 724 2208 sqq.
733 2140 763 2188 ln
775 2140 890 2189 Homero
905 2140 989 2192 multa
1003 2156 1077 2209 sunt,
1091 2163 1150 2215 qum

98 2221 189 2271 minus
203 2220 354 2291 displicent.
368 2221 465 2273 Somno
479 2221 618 2290 conjugem
630 2219 766 2288 promitti,
779 2219 862 2288 magis
876 2232 915 2270 est
925 2235 1151 2290 consentaneum,

100 2319 184 2372 quam
195 2301 273 2353 AEolo
280 2341 289 2367 ,
301 2303 350 2353 Xll
359 2304 416 2372 jam
426 2320 458 2353 ex
470 2319 552 2352 uxore
569 2298 636 2351 filios
651 2299 762 2352 habenti
773 2319 798 2350 v.
811 2299 905 2371 Odyss.
921 2321 948 2362 u,
961 2321 1016 2372 pn,
1031 2305 1074 2354 cui
1087 2303 1150 2356 ideo

98 2400 152 2435 nec
164 2402 189 2434 v.
203 2383 238 2452 74
251 2383 353 2455 aliquid
371 2383 494 2454 praeclari
511 2381 656 2434 admodum
674 2383 855 2451 promittitur,
874 2382 987 2453 pulchra
1000 2403 1060 2436 eum
1072 2387 1151 2458 prole

99 2477 242 2534 parentem
252 2465 381 2516 futurum.
391 2463 541 2515 Dicendum
549 2476 652 2529 tamen,
664 2461 804 2532 Virgilium
816 2460 867 2513 hac.
879 2464 906 2512 in
918 2477 994 2535 parte
1003 2466 1102 2518 fabulae
1115 2469 1149 2520 ab

99 2544 219 2596 Homero
232 2547 386 2611 recessisse,
399 2544 557 2613 AEolumque
570 2541 689 2593 nondum
702 2543 778 2591 uxori
787 2543 909 2610 junctum
921 2547 1049 2614 posuisse.
1063 2548 1093 2598 ln
1106 2547 1150 2617 74.

101 2623 136 2692 75
148 2622 234 2674 voluit
246 2637 327 2694 poeta
336 2612 483 2674 Homericis
492 2623 580 2674 verbis
593 2641 625 2674 ex
636 2621 654 2672 l.
667 2622 685 2673 l.
699 2620 774 2672 lliad.
788 2621 817 2687 ξ,
830 2623 882 2683 uti;
895 2623 942 2674 ubi
951 2643 975 2674 v.
988 2625 1038 2695 269
1050 2626 1150 2679 Somno

101 2704 268 2773 promittitur
281 2705 404 2757 Pasithea
417 2698 440 2759 ie
450 2700 496 2755 uiis
517 2700 605 2755 ituree·
625 2701 706 2767 ipsura
720 2699 813 2763 πάντα,
826 2705 899 2774 cujus
910 2723 998 2757 amore
1011 2718 1039 2758 tu
1047 2707 1152 2784 fluqras

100 2782 135 2832 ab
149 2783 222 2833 omni
236 2782 296 2834 inde
309 2794 438 2855 tempore,
457 2785 532 2853 cujus
548 2801 637 2835 amore
647 2785 704 2852 jam
717 2781 818 2833 dudum
830 2785 926 2835 teneris
939 2782 1021 2852 (vide
1036 2789 1099 2862 276,
1113 2789 1149 2840 cl‘.

101 2861 198 2933 Odyss.
212 2882 235 2924 ι,
250 2880 310 2928 ato,
325 2857 375 2933 2ιρ
385 2866 412 2936 );
428 2883 486 2934 quae
497 2865 581 2915 multo
595 2864 689 2915 melior
701 2876 740 2915 est
752 2866 867 2916 muneris
881 2865 1084 2918 commendatio.
1098 2868 1151 2921 Sed
1221 2919 1225 2930 ,

100 2943 244 3014 Virgilius,
256 2946 307 2995 nisi
320 2947 348 2995 in
361 2944 492 2997 diversam
511 2947 669 3000 sententiam
687 2963 778 2996 versus
797 2947 952 2996 Homericos
972 2947 1090 3014 deflexit,
1111 2952 1150 3002 ita

102 3023 239 3091 accepisse
252 3023 371 3088 videtur,
384 3043 465 3095 quum
475 3035 504 3076 tu
516 3025 741 3096 semperamobis,
754 3020 842 3075 itatis.
853 3043 903 3094 pro
915 3026 1006 3077 futuro
1019 3040 1149 3099 tempore;

102 3100 178 3173 quod
195 3115 222 3153 et
238 3105 325 3174 ipsum
343 3105 573 3157 accommodatum
592 3117 631 3158 est
652 3107 742 3177 prisco
761 3108 822 3157 usui
838 3104 974 3175 loquendi.
995 3107 1062 3160 Vide
1081 3129 1105 3160 v.
1124 3129 1146 3162 c.

101 3183 197 3254 Hymn.
217 3184 246 3234 in
263 3186 393 3238 Venerem
411 3205 436 3237 v.
453 3187 517 3256 149,
538 3200 564 3239 et
584 3187 678 3259 Odyss.
700 3188 786 3255 &281
801 3183 886 3253 leuat
902 3208 941 3251 μιν
959 3185 1040 3252 ἤματα
1058 3186 1148 3244 πάντα.

101 3259 181 3313 Unde
194 3277 319 3333 apparet,
338 3278 427 3320 vetere
447 3284 502 3317 aro
520 3268 628 3322 omnino
647 3267 718 3318 hanc
737 3267 820 3318 fuisse
836 3267 980 3320 formulam
992 3269 1149 3342 designandi

100 3357 230 3414 conjuga.

552 3512 693 3526 m

382 3649 870 3740 EXCURSUSIH.

314 3824 369 3888 De
378 3824 525 3913 pluribus
536 3831 643 3894 ventis
655 3853 721 3894 unu
732 3827 937 3916 spirantibus.

135 3985 162 4054 1,
183 3983 228 4052 85,
250 3949 309 4036 una
324 3985 464 4063 Eurusque
481 3988 618 4061 Notusque
636 3999 719 4040 ruunt
733 3988 872 4060 creberque
888 3984 1012 4059 procellis
1030 3983 1146 4056 Africus.
