2694 4574
486 269 698 338 TABUL'A.
856 337 862 344 ,
1082 279 1112 338 ix

59 481 216 541 Excursus
236 479 279 540 IV
289 476 329 536 ’V‘-
354 473 524 537 Palladiam
548 499 569 536 a
592 475 733 537 Diomede
752 490 782 537 ct
805 474 905 558 Ulysse
925 499 991 560 rap·
1057 401 1111 460 Pa·

298 605 367 652 -tum
370 634 993 653 .....................
1056 595 1121 654 328.

62 709 218 768 Excursus
238 707 276 766 V.
297 709 343 766 De
361 709 534 767 Laocoonte.
555 751 562 766 .
585 749 593 765 .
616 751 623 765 .
647 751 654 767 .
678 751 685 765 .
709 750 717 765 .
740 751 747 773 .
772 751 993 768 ........
1055 709 1113 788 329

63 819 219 885 Excursus
241 824 294 883 VI.
315 825 489 883 Laocoontis
510 798 649 883 clamores
651 867 993 884 ............
1056 825 1112 884 333

66 937 217 997 Excursus
239 937 306 996 VII.
327 938 429 1019 Equus
452 932 595 1020 Trojunus
616 938 647 996 in
667 935 766 996 urbem
788 935 930 998 inductus.
955 981 962 996 .
986 982 993 996 .
1055 933 1113 1010 334

6 1047 7 1118 ᾗ
67 1053 219 1113 Excursus
241 1051 322 1111 VIII.
343 1054 389 1111 De
408 1064 491 1112 nocte
515 1048 648 1134 Trojanis
661 1052 783 1134 funesta
805 1094 995 1111 .......
1058 1048 1113 1110 335

68 1169 218 1230 Excursus
239 1168 311 1228 VIII
318 1169 340 1227 *.
366 1171 477 1238 Hector
497 1165 581 1226 classi
601 1164 781 1228 Achiuorum
802 1169 899 1248 iqnem
921 1167 994 1250 infe·

54 1271 57 1276 ¹
300 1302 387 1354 ·rens,·
406 1294 437 1341 et
453 1282 545 1341 uictor
562 1277 692 1341 Patrocli
712 1279 822 1340 rediens
831 1323 992 1340 ......
1056 1279 1114 1339 336

6 1415 7 1462 t
68 1397 220 1457 Excursus
242 1397 293 1455 IX.
315 1399 360 1455 De
379 1393 550 1469 Penatibus,
577 1393 709 1456 Palladio
729 1408 758 1456 et
778 1398 863 1460 Vesta
866 1439 994 1459 .....
1057 1397 1114 1478 337

67 1510 219 1571 Excursus
240 1513 278 1570 X.
299 1513 345 1570 De
366 1507 481 1570 Coroebo
493 1552 994 1571 .................
1056 1507 1115 1585 344

69 1628 220 1688 Excursus
240 1627 309 1686 Xl.
326 1625 486 1687 Cassandra
507 1639 620 1708 raptata
623 1671 994 1688 .............
1057 1613 1114 1702 345

68 1741 218 1800 Excursus
239 1741 291 1800 XI.
312 1743 357 1800 De
376 1743 489 1800 Priami
509 1761 578 1800 nece
588 1785 994 1803 ..............
1058 1739 1114 1824 347

68 1856 220 1916 Excursus
240 1855 307 1915 XII.
328 1859 373 1916 De
393 1853 510 1916 Helena
530 1869 641 1938 recepta
650 1899 994 1918 ............
1057 1853 1114 1930 348

6 2017 7 2036 .
66 1973 223 2032 Excursus
242 1971 325 2030 XIII.
345 1968 487 2031 Anchises
508 1969 633 2032 humeris
653 1974 754 2032 AEneoe
773 1984 934 2054 asportatus
955 2015 961 2029 .
986 2013 994 2030 .
1057 1967 1115 2048 349

69 2085 221 2146 Excursus
240 2086 321 2144 XIV.
342 2088 387 2145 De
408 2087 513 2146 Creusa
529 2129 993 2146 ................
1057 2081 1114 2163 349

69 2200 223 2260 Excursus
242 2201 305 2260 XV.
325 2199 479 2261 Proedictio
500 2199 595 2261 aditus
615 2203 761 2280 Hesperia
781 2198 933 2260 obscura..
957 2243 964 2258 .
987 2243 993 2258 .
1056 2197 1114 2258 350
1139 2229 1141 2232 ·

68 2295 222 2355 Excursus
241 2297 318 2355 XVI.
339 2297 465 2379 Luciferi
486 2309 564 2356 ortus
583 2293 620 2354 ab
641 2295 697 2354 Ida
713 2337 995 2355 ..........
1058 2292 1111 2352 351

69 2410 219 2471 Excursus
239 2410 334 2470 XVII.
362 2414 407 2472 De
433 2413 533 2470 AEneae
560 2409 682 2472 discessu
708 2431 744 2469 ex
768 2408 854 2484 urbe3
880 2406 996 2492 ejusque

305 2535 386 2604 patre
405 2536 434 2584 et
451 2525 537 2604 stirpe
554 2564 992 2583 ...............
1057 2520 1110 2580 351

70 2685 211 2744 AEnsssmos
232 2703 323 2743 Lmen
344 2703 482 2743 suarius.
503 2683 715 2766 Arpumentum
718 2726 993 2744 ..........
1055 2681 1112 2763 357

69 2841 221 2900 Excursus
243 2841 274 2914 I,
297 2839 336 2899 ad
356 2839 473 2900 librum
492 2840 546 2901 III.
567 2844 613 2901 De
632 2843 732 2900 AEneoe
751 2839 901 2900 erroribus.
922 2884 929 2899 .
953 2884 961 2899 .
983 2882 991 2898 .
1052 2837 1110 2915 440

69 2958 217 3018 Excursus
240 2958 279 3016 II.
299 2961 345 3036 De
365 2978 492 3019 errorum
512 2961 613 3018 AEneoe
632 2961 719 3019 annis
740 3001 992 3019 .........
1053 2955 1112 3032 450

69 3072 217 3132 Excursus
238 3072 294 3132 Ill.
314 3070 479 3154 Polydorus
494 3118 515 3139 .,
524 3115 992 3133 ................
1053 3069 1113 3146 456

69 3185 223 3245 Excursus
244 3185 297 3245 IV.
317 3190 363 3247 De
382 3183 457 3247 Delo
466 3229 991 3248 ..................
1054 3181 1113 3259 456

67 3299 221 3361 Excursus
243 3303 280 3360 V.
304 3305 406 3363 Teucri
426 3317 455 3364 et
476 3306 650 3363 Teucrorum
671 3307 693 3361 ε’
708 3304 791 3364 Creta
811 3303 935 3382 oriqines
955 3345 962 3359 .
984 3345 991 3359 .
1054 3297 1111 3381 457
1146 3383 1148 3390 Α

67 3414 219 3476 Excursus
241 3416 294 3477 VI.
314 3407 360 3476 De
379 3417 513 3478 Dardani
533 3415 692 3498 oriqinibus
715 3439 750 3476 ex
775 3415 922 3491 Arcadia,
947 3414 994 3475 uel

304 3551 339 3590 ex
363 3530 539 3612 Tyrrhenia,
561 3544 590 3590 et
609 3529 677 3591 urbe
698 3526 822 3612 Corytho
830 3573 991 3590 ......
1053 3525 1110 3602 458

67 3641 219 3702 Exoursus
241 3642 308 3704 VII.
329 3647 375 3704 De
394 3648 534 3727 Harpyiis
555 3687 991 3706 ...............
1052 3641 1112 3718 460

66 3757 218 3818 Excursus
240 3759 321 3819 VIII.
345 3761 525 3824 Vaticinium
546 3759 580 3819 de
601 3761 705 3819 mensis
725 3758 846 3819 ambesis
861 3802 990 3818 .....
1052 3753 1110 3830 463

67 3869 217 3930 Excursus
239 3872 291 3931 IX.
312 3875 357 3933 De
377 3869 469 3954 clipeo
490 3873 614 3933 Abantis
618 3915 993 3934 .............
1054 3867 1116 3944 464

66 3983 219 4046 Excursus
239 3987 277 4046 X.
295 3983 404 4048 Heleni
418 4001 447 4050 et
459 3985 675 4050 Andromacha
692 4007 824 4048 occursus
842 3989 874 4046 in
890 3987 991 4064 Epiro.
1055 3980 1113 4058 465
