2690 4594
360 333 423 396 AD
446 331 648 397 LIBRUM
671 334 744 397 111.
1013 335 1075 424 159

33 457 119 510 omnis
131 452 223 508 fabula
235 451 379 507 Arcadiam
397 468 526 528 tanquam
540 457 631 509 sedem
649 457 732 510 habet
744 455 783 527 (v.
804 458 928 529 Apollod.
943 460 994 524 lli,
1012 464 1074 534 ro);¹

35 535 147 600 accidit,
167 547 197 586 ut
218 536 300 586 ctiam
318 534 438 587 Dardani
459 537 534 608 origo
552 536 587 589 ed
609 537 752 590 Arcadiam
772 540 925 591 referretur.
951 541 1034 592 Groeei
1052 552 1078 590 et

34 615 118 668 Varro
139 615 326 665 Humanarum
347 615 445 666 Rerum
467 615 623 668 Dardanum
640 647 675 656 -—
695 618 726 669 de
748 617 867 670 Areadioe
892 619 955 672 urbe
971 619 1077 670 Pheneo

32 692 176 744 oriundum
187 692 297 764 dicunt,
312 695 350 746 ait
366 693 437 746 Serv.
454 695 489 748 ad
507 685 558 756 lu.
580 697 638 766 167,
660 709 687 748 et
705 698 848 750 secundnm
868 699 980 751 Arcades
993 711 1078 750 totam

31 771 152 824 fabulam
173 775 280 842 exponit
300 772 471 827 disertissime
492 775 600 848 Dionys.
614 776 699 829 Halic.
713 779 739 843 l,
755 778 798 829 61.
819 779 879 828 Fuit
901 795 1008 850 quoque
1021 779 1078 847 ejus

31 851 160 902 memoria
169 851 196 900 in
208 850 284 902 Elide
293 851 439 925 Triphylia.
453 873 480 904 v.
491 854 579 906 Strab.
592 856 668 921 vul,
680 874 708 926 p.
722 856 771 909 532
783 855 811 908 C.

67 930 105 979 Ex
119 929 232 981 Arcadia
244 931 367 1004 Pelasgos
379 935 483 986 ltaliam
499 935 643 988 incoluisse
655 949 720 988 nota
732 950 773 989 est
784 939 920 999 narrati03
934 937 1079 987 translatus

31 1027 94 1060 eum
105 1009 198 1062 iisdem
206 1012 313 1082 mythus
325 1013 461 1066 Arcadum
474 1028 501 1066 ct
512 1019 588 1088 origo
601 1017 720 1069 Dardani
734 1018 762 1068 in
774 1016 892 1069 Italiam.
909 1019 988 1068 Nunc
999 1015 1080 1086 Cory·

32 1088 95 1139 thus
108 1089 203 1159 aliquis
216 1094 359 1155 excitatur3
373 1096 448 1163 cujus
467 1098 606 1168 vestigium
620 1099 648 1148 in
669 1098 785 1149 Arcadia
796 1115 850 1149 non
864 1096 969 1167 reperi,
982 1097 1032 1146 nisi
1051 1097 1082 1146 ia

30 1169 207 1238 Tegeatarum
224 1169 303 1222 demo
316 1171 520 1244 Corythensium
534 1176 607 1245 apud
619 1178 732 1228 Pausan.
746 1178 821 1242 vul,
835 1175 877 1243 45.
890 1176 978 1245 Atque
990 1173 1041 1224 hac
1051 1175 1080 1225 in

31 1265 94 1296 eum
104 1247 212 1297 modum
224 1263 351 1303 exornata
363 1252 458 1305 fabula
466 1254 593 1326 Virgilius
602 1258 707 1328 egregie
718 1269 757 1308 est
769 1273 834 1307 usus
847 1255 882 1306 ad
892 1262 1080 1325 argumentum

32 1341 111 1374 suurn
128 1343 234 1378 summa
251 1333 391 1382 vetustatis
409 1335 568 1387 auctoritate
588 1335 747 1386 ornandum.
771 1336 912 1387 Dardanus
930 1331 1031 1384 scilicet
1054 1341 1081 1381 et

31 1404 120 1456 Iasius
135 1407 218 1458 frater
243 1427 274 1459 ex
299 1409 465 1480 Tyrrhenia,
488 1425 514 1464 et
537 1414 644 1483 quidem
666 1415 794 1484 Corytho,
815 1415 857 1466 vel
874 1409 1079 1484 Corythi‘sede,

30 1483 147 1535 oriundi.
160 1485 303 1540 Dardanus
314 1489 422 1559 quidem
435 1490 646 1543 Samothraciam
659 1506 685 1545 et
694 1511 755 1544 mox
767 1493 906 1565 Phrygiam
919 1492 1000 1555 adiit,
1012 1489 1081 1539 Dar-

31 1562 193 1633 daniumque
212 1567 341 1620 condidit.
362 1569 496 1622 Hactenus
515 1572 641 1643 Virgilius
656 1574 709 1635 lll,
735 1573 782 1643 167
800 1590 858 1643 sqq.
873 1572 935 1634 Vll,
952 1585 1001 1637 207
1019 1585 1078 1637 sqq·

30 1644 106 1707 Vlll,
123 1644 178 1711 134.
199 1646 340 1717 Copiosius
354 1648 474 1702 fabulam
491 1654 599 1722 exponit
611 1651 683 1702 Serv.
706 1653 741 1704 ad
754 1672 776 1704 e.
792 1652 809 1702 l.
828 1665 853 1702 et
875 1652 1002 1720 Pompon.
1017 1647 1078 1699 Sab.

30 1727 79 1793 qui
90 1725 237 1780 Diodorum
250 1732 396 1801 exscripsit.
409 1732 448 1784 De
465 1733 538 1784 Jasio
559 1753 583 1784 v.
599 1733 737 1790 Muneker.
753 1733 787 1784 ad
808 1733 903 1804 Hygin.
921 1732 940 1782 f.
963 1746 1031 1800 270,
1053 1741 1080 1780 et

28 1805 183 1857 Astronom.
197 1809 220 1857 ll
229 1845 236 1872 ,
252 1810 277 1876 4.

69 1884 231 1953 Corythum,
248 1888 360 1942 Etruriae
373 1909 431 1961 quae
450 1893 513 1944 urbs
527 1895 574 1957 sit,
592 1895 620 1945 in
637 1895 847 1946 controversiam
857 1894 944 1958 venit,
956 1890 1003 1941 sed
1015 1891 1079 1941 satis

24 1965 84 2030 jam
97 1962 201 2016 Cluver.
218 1967 276 2019 Ital.
295 1982 349 2020 ant.
368 1990 395 2040 p.
414 1971 551 2043 59011111,
565 1985 591 2026 et
609 1993 695 2045 nuper
713 1974 810 2025 Gorius
823 1993 839 2025 a
857 1974 1010 2022 Burmanno
1023 1971 1079 2038 jam

27 2043 155 2094 laudatus
167 2046 249 2098 lnscr.
267 2048 355 2100 Etrur.
377 2050 453 2102 Tom.
467 2053 508 2117 ll,
523 2073 550 2122 p.
565 2054 630 2120 364,
644 2056 689 2124 qui
700 2067 787 2106 tamen
804 2053 955 2105 Cluverium
967 2052 1023 2102 fcre
1036 2068 1080 2101 se·

28 2124 136 2191 quitur,
150 2131 312 2197 argumentis
325 2129 429 2182 idoneis
449 2134 600 2197 evicerunt,
619 2152 677 2185 esse
694 2151 753 2185 eam
768 2135 915 2184 Cortonam.
936 2132 1001 2197 Quas
1018 2148 1079 2180 cum

26 2204 103 2254 varie
117 2203 180 2254 olim
193 2208 369 2272 scriberetur,
388 2208 585 2281 habereturque
603 2213 667 2262 urbs
677 2214 857 2282 ‘Etruscorum
879 2209 1078 2278 antiquissimas

25 2282 83 2334 vid.
97 2284 207 2356 Dionys.
218 2290 246 2352 1,
259 2306 309 2352 1ο,
324 2289 356 2342 16
369 2288 414 2358 (at
424 2292 452 2340 in
465 2291 602 2343 Herodoto
614 2294 626 2342 1
633 2329 641 2356 ,
656 2292 688 2362 57
701 2292 824 2343 Cortona
835 2291 924 2342 nullus
937 2291 1011 2341 locus
1022 2305 1079 2339 esse

25 2375 135 2434 potest,
153 2377 179 2416 et
197 2385 271 2418 mera
290 2371 393 2420 somnia
413 2373 531 2423 continet
547 2372 647 2424 Ridolf.
672 2373 770 2425 Vennti
790 2371 896 2423 libellus
916 2369 949 2420 de
969 2369 1081 2437 antiqua

25 2445 150 2497 Cortona
161 2447 188 2496 in
204 2447 270 2500 Diss.
285 2447 348 2499 dett'
361 2448 456 2502 Acead.
471 2452 499 2502 di
518 2453 629 2504 Cortona
642 2453 672 2502 T.
686 2453 731 2520 lv,
744 2453 777 2502 N.
796 2451 835 2522 1);
851 2452 966 2502 nominis
986 2447 1080 2500 simili·

26 2520 96 2574 tudo
116 2523 195 2577 facile
215 2526 250 2578 ad
265 2526 429 2600 Corythum,
448 2530 569 2584 Dardani
585 2543 704 2603 patrem,
717 2531 815 2584 ducere
837 2532 940 2602 potuit,
963 2529 1039 2600 quasi
1057 2529 1080 2578 is

24 2605 125 2656 urbem
138 2605 301 2660 condidisset
321 2611 399 2681 eique
419 2613 584 2682 imperasset.
602 2615 671 2667 Hinc
692 2614 866 2686 interreges,
882 2625 908 2664 et
927 2609 1080 2686 conditores

23 2682 229 2754 Tyrrhenorum
242 2691 344 2740 censeri
362 2692 443 2760 coepit
461 2691 610 2764 Corythus;
633 2691 705 2743 unde
723 2703 805 2762 poeta
825 2690 933 2762 Corythi
945 2689 1019 2740 urhes
1030 2705 1080 2758 pro

23 2761 178 2833 Tyrrhenia
188 2765 235 2817 lib.
248 2767 299 2832 lX,
313 2785 352 2820 ro.
370 2771 409 2835 X,
429 2787 495 2841 719,
514 2784 541 2824 et
560 2791 609 2838 eo,
627 2790 706 2842 quem
726 2789 808 2842 supra
825 2772 978 2842 posuimus,
997 2766 1080 2818 lacot

26 2839 177 2912 Corythum
192 2855 322 2918 terrasque
335 2850 454 2920 requirat
464 2851 601 2904 Ausonias.

62 2921 94 2970 ln
108 2923 302 2974 recentioribus
319 2929 419 2994 passim
438 2931 570 3000 interpp,
584 2949 609 2980 v.
624 2949 646 2981 e.
659 2930 694 2983 ad
707 2931 755 2993 111,
772 2930 829 2998 167·
842 2926 926 2978 multa
938 2941 1080 2996 perperam

22 2999 193 3064 traduntur,
211 3018 268 3069 qua
281 3021 312 3054 ex
321 3004 432 3056 Anienis
445 3008 545 3060 fabulis
555 3012 640 3078 petita
652 3007 826 3080 deprehendi.
844 3005 887 3055 Ad
898 3003 1080 3056 Graecul0ffl¹1¹

21 3091 184 3136 commenta
201 3084 333 3150 pertinet,
356 3085 429 3154 quod
451 3087 484 3138 de
500 3088 580 3158 galea
600 3089 720 3140 Dardani
739 3083 826 3157 (stipor)
847 3094 1032 3155 perstrepunt,
1054 3093 1082 3134 et

20 3162 103 3235 quod
114 3159 261 3232 Corythum
270 3163 423 3233 Tyrrhenia
436 3165 471 3216 ad
480 3165 582 3218 Paridis
595 3185 627 3218 ex
636 3170 749 3221 OEnone
759 3168 843 3219 filium
853 3166 985 3230 referunt,
997 3163 1081 3234 quod·

20 3265 79 3318 que
95 3242 254 3294 Dardanum
271 3262 303 3294 ex
313 3243 409 3313 Creta,
422 3245 493 3298 unde
505 3248 609 3300 Teucer
629 3250 767 3318 profectus
788 3258 864 3310 erat,
883 3257 1022 3316 repetunt,
1037 3243 1081 3296 vel

19 3325 60 3380 ad
75 3322 155 3374 Idam
166 3335 192 3374 et
204 3323 276 3374 cirea
294 3322 487 3377 Scamandrum
503 3340 596 3380 natum
610 3327 760 3391 affirmant,
773 3339 799 3380 et
811 3326 891 3398 plura
909 3327 970 3378 alia.
992 3324 1085 3410 Quam¹
1183 3345 1189 3354 ·

19 3405 139 3467 vellem,
152 3403 249 3455 multas
260 3404 367 3458 fabulas
380 3408 408 3457 in
425 3405 498 3459 hunc
512 3407 623 3460 modum
636 3407 723 3461 detexi
738 3407 839 3460 liceret.

37 3499 41 3508 ’
62 3487 99 3536 Ut
113 3497 202 3536 autem
215 3486 247 3536 iis
259 3485 489 3553 adolescentibus,
502 3488 599 3559 quibus
615 3489 697 3553 libri,
715 3485 787 3539 unde
805 3486 861 3539 haee
880 3488 936 3557 peti
951 3497 1079 3557 possunt,

19 3585 80 3619 non
92 3564 130 3616 ad
141 3585 235 3617 manus
254 3580 331 3634 sunt,
345 3568 379 3620 ad
392 3569 593 3642 intelligendum
603 3571 660 3623 hac
675 3571 765 3620 omnia
777 3569 839 3622 satis
851 3570 903 3619 sint
916 3568 1009 3632 obvia,
1018 3585 1081 3638 pro·

19 3646 135 3716 geniem
153 3646 274 3699 Dardani
285 3661 312 3700 et
327 3641 378 3706 bic¹
388 3648 534 3701 secundum
554 3652 661 3702 Homer.
675 3649 751 3701 Iliad.
762 3670 797 3719 ι1,
818 3647 869 3714 ath
888 3665 946 3718 sqq.
968 3646 1077 3717 Dionys.

19 3726 114 3778 llalic.
130 3728 156 3791 l,
169 3727 202 3778 61
220 3730 413 3801 etApollodor.
427 3732 476 3797 111,
495 3747 523 3782 11
539 3744 659 3801 repetere
671 3749 726 3781 non
739 3730 848 3802 pigebit.
863 3729 897 3780 cf.
910 3726 1021 3779 Diodor.
1034 3727 1078 3789 IV,
1176 3753 1180 3762 =

21 3806 68 3876 75.
83 3807 115 3855 ln
127 3806 161 3855 iis
175 3817 280 3874 tamen,
291 3828 350 3880 qua
362 3811 395 3861 ab
408 3810 467 3862 aliis
477 3810 580 3864 diverse
594 3811 750 3874 traduntur,
766 3827 790 3861 v.
803 3827 825 3860 c.
838 3827 854 3860 a
869 3808 948 3878 Dicty
958 3806 1004 3857 lib.
1017 3806 1043 3868 1,
1054 3821 1077 3854 e.

20 3903 38 3954 9
49 3922 57 3947 ,
76 3883 125 3934 hic
139 3902 194 3936 non
204 3888 376 3941 morabimur.

60 3962 207 4016 Dardanus
219 3982 251 4016 ex
265 3965 356 4036 Batia,
371 3968 467 4024 Teucri
478 3970 512 4037 1.,
530 3966 601 4023 Ilum
621 3983 646 4022 et
663 3967 867 4022 Erichthonium
883 3960 1001 4033 suscipit.
1025 3959 1079 4012 llus

21 4045 84 4098 sine
98 4041 179 4113 prole
191 4045 310 4110 moritur.
