2690 4594
192 331 905 398 EXCURSUSIADLIBRUMIII.
1008 335 1069 414 443
1173 281 1174 286 ¹

28 457 179 519 Lutatium,
200 473 263 506 nam
281 457 348 506 isin
367 455 490 507 Historiis
510 454 607 508 similia
627 455 799 510 tradiderat:
821 459 934 509 AEneam
952 457 1071 528 primum

31 535 172 586 Thraciam
184 532 345 605 appulsum,
365 536 466 586 AEnum
479 553 511 585 ex
528 554 574 587 suo
587 537 694 588 nomine
713 530 874 603 condidisse,
889 537 950 590 dein
966 537 1072 607 coquito

27 611 232 684 Polymnestoris
238 599 351 686 perfidia
363 633 394 665 ex
408 613 536 684 Polydori
547 633 609 666 nece
616 653 625 679 ,
639 615 700 666 inde
711 616 859 688 diqressum.

62 693 117 744 Cur
135 706 224 746 tamen
237 706 318 764 poeta
334 712 389 746 non
401 695 497 746 AEnum
509 693 557 746 sed
572 696 704 750 AEneadas
721 696 796 750 urbis
813 714 912 750 nomen
932 691 1074 763 prodidit?

27 771 135 825 Scilicet
142 774 279 827 ¹AEneadas
291 785 362 825 recte
373 773 470 826 dixeris
482 773 600 839 incolas,
617 788 761 844 eorumque
774 774 842 830 adeo
854 775 961 830 nomine
978 771 1072 822 urbem

28 856 115 923 potuit
129 856 272 928 insignire,
284 868 314 906 nt
330 866 370 906 tot
388 855 445 906 aliae
457 854 554 919 urbes,
565 872 590 904 v.
605 873 628 906 e.
641 854 737 919 Gabii,
748 855 902 926 Tarquinii,
921 851 1072 904 incolarum

28 936 135 986 nomine
148 934 365 1006 designabantur.
379 933 430 986 Sed
447 934 475 984 id
487 952 542 985 non
556 933 590 985 ab
601 935 691 999 AEno,
709 953 801 986 verum
815 935 850 985 ab
861 935 966 997 AEnea,
980 928 1072 988 Aitna,

28 1011 90 1062 duci
100 1025 197 1083 potest.
208 1018 250 1068 An
262 1017 342 1085 igitur
351 1014 399 1066 illa
410 1013 445 1066 ad
456 1013 573 1069 Hebrum
589 1013 652 1066 urbs
665 1017 745 1068 edam
755 1013 845 1074 Aliena,
859 1011 994 1084 appellata
1005 1009 1074 1060 fuit?
1172 1043 1173 1046 η

28 1091 115 1160 Atque
125 1091 154 1146 fit
166 1093 320 1163 probabile,
334 1092 387 1148 hoc
399 1094 436 1146 ita
448 1111 477 1148 se
486 1092 596 1147 habere.

62 1171 169 1226 Scilicet
179 1175 245 1239 alia,
257 1193 342 1245 eaque
356 1176 539 1239 constantior,
558 1177 634 1227 interi
643 1175 749 1227 Graecos
768 1178 896 1238 maxime,
909 1176 983 1226 fama
1004 1171 1074 1222 obti-

28 1254 101 1316 nuit,
130 1253 166 1306 ad
187 1252 523 1312 ChersonesumPcllenen
547 1256 656 1308 AEneam
678 1255 832 1326 appulisse,
854 1255 945 1324 ibique
971 1253 1076 1304 AEniam

29 1331 140 1405 (Alteras)
152 1335 246 1388 urbem
257 1334 417 1388 condidisse.
430 1335 621 1389 inhabitabant
633 1336 707 1388 illam
719 1350 776 1388 tum
789 1337 906 1390 Thraces
925 1333 1020 1386 Crusoei
1032 1330 1073 1382 vel

30 1414 149 1478 Crossoei,
164 1415 283 1468 fidissimi
295 1417 472 1484 Trojanorum
484 1419 560 1470 socii.
574 1419 635 1470 Hac
647 1419 789 1489 Dionysius
799 1437 830 1470 ex
842 1417 981 1468 Hellanico
994 1413 1074 1483 docet
1161 1434 1164 1442 ⁴

28 1491 73 1544 lib.
91 1494 117 1557 l,
139 1494 173 1564 47
186 1508 212 1548 et
233 1495 275 1565 49.
294 1497 367 1548 conf.
388 1496 486 1548 Herod.
499 1498 559 1560 Vll,
576 1496 624 1548 123
636 1509 666 1548 et.
675 1497 712 1550 ibi
728 1497 790 1548 Not.
809 1496 943 1566 (Chrysaor
961 1492 1076 1544 Thracas

29 1574 156 1642 scriptum
168 1573 259 1628 videas
273 1575 345 1645 apud
357 1576 486 1646 Pompon.
497 1575 559 1634 Sab.
573 1575 608 1630 ad
617 1577 676 1628 AEn.
692 1578 728 1628 ΠΙ
740 1595 798 1646 pn,
812 1575 859 1628 sed
872 1575 927 1642 ejus
940 1584 997 1622 tota
1009 1581 1075 1621 nota

29 1671 60 1702 ex
69 1654 199 1725 Dionysio
211 1667 251 1707 est
265 1655 414 1725 descripta,
430 1674 461 1710 ex
473 1673 560 1726 eoque
573 1655 754 1717 emendanda;
765 1657 806 1706 uti
818 1654 902 1706 altera
913 1651 947 1702 ad
956 1669 980 1700 v.
999 1665 1027 1717 ¹7
1042 1666 1073 1716 en

28 1731 165 1783 Herodoto
176 1733 193 1784 l.
205 1735 240 1805 c.)
253 1733 279 1785 Si
289 1735 391 1788 mireris
402 1737 487 1799 forte,
501 1755 548 1790 cur
561 1737 629 1786 inter
640 1736 819 1804 Trojanorum
830 1733 917 1785 socios
930 1729 964 1782 ab
977 1730 1076 1779 Home-

28 1831 57 1862 ro
70 1812 110 1864 illi
122 1813 221 1866 Crusaei
233 1833 287 1866 nou
304 1817 524 1879 memoradum,
543 1814 705 1880 tenendum,
725 1833 771 1868 eos
783 1817 811 1866 in
827 1815 949 1864 Paeonum
967 1809 1075 1860 nomine

28 1891 110 1945 latere
122 1891 208 1945 videri
219 1894 253 1946 ab
265 1895 332 1946 Axio
348 1895 373 1945 ss.
389 1909 514 1950 evocatos
524 1895 600 1952 Iliad.
613 1895 638 1954 s.
653 1895 704 1960 848
718 1913 758 1965 sq.
771 1897 802 1946 ln
814 1891 920 1944 Pallene
929 1890 1016 1942 AEneae
1028 1905 1077 1957 ap-

29 1971 135 2039 pulsum
148 1975 228 2024 etiam
240 1973 356 2026 collocat
367 1975 525 2048 Lycophron
542 1975 731 2027 1236—1238.
745 1976 830 2037 Nam,
844 1991 924 2043 quam
938 1970 982 2021 ille
994 1967 1074 2020 habi·

30 2063 97 2101 tasse
122 2050 237 2115 dicitur,
260 2050 391 2106 Hhoecelos
408 2054 443 2106 ad
463 2054 567 2106 Cissum
586 2066 703 2106 montem
725 2055 797 2106 circa
817 2054 921 2104 AEniarn
944 2051 994 2100 sita
1016 2065 1073 2099 esse

29 2130 131 2182 debuit.
144 2151 170 2182 v.
184 2131 271 2184 Schol.
286 2132 320 2184 ad
333 2152 356 2185 e.
370 2134 388 2184 l.
402 2147 428 2186 et
437 2136 500 2186 Not.
514 2135 549 2186 ad
561 2133 651 2204 Steph.
668 2134 696 2188 h·
709 2153 734 2184 v.
748 2146 774 2185 et
785 2135 849 2187 Mox
857 2128 1010 2200 Almopiam
1022 2145 1073 2197 pro

28 2210 188 2264 Macedonia
206 2226 343 2265 memorat.
363 2216 438 2272 Hauc
454 2215 558 2270 AEuiam
571 2214 704 2266 AEneadas
725 2232 834 2284 quoque
849 2210 997 2282 appellatas
1016 2205 1073 2274 (Λῖ-

29 2288 136 2361 serata)
148 2310 179 2344 ex
192 2292 318 2354 Theone,
330 2307 419 2347 vetere
430 2293 613 2365 Lycophronis
625 2293 787 2357 Scholiasta,
800 2292 901 2343 notavit
914 2289 1004 2359 Steph.
1015 2290 1072 2358 Byz.

29 2372 54 2420 in
67 2369 157 2424 Ainis.
175 2374 275 2426 Habuit
291 2373 347 2426 hac
366 2376 444 2428 AEnia
457 2375 577 2428 Pallenes
594 2393 734 2426 commune
750 2375 803 2426 hoc
819 2393 879 2425 curn
901 2371 1001 2433 altera,
1014 2387 1073 2438 quae

28 2451 109 2503 AEnos
122 2449 207 2516 dicta,
230 2453 303 2523 quod
320 2466 346 2508 et
362 2453 471 2508 Pallene
484 2455 579 2525 priscis
591 2453 757 2523 temporibus
769 2473 785 2506 a
796 2451 944 2504 Thracibus
956 2450 1008 2499 fuit
1023 2447 1074 2498 ha-

29 2530 122 2582 bitata.
135 2533 223 2584 Facile
237 2536 329 2604 itaque
341 2536 481 2605 utriusque
492 2534 566 2586 urbis
576 2535 652 2606 origo
669 2533 704 2586 ad
722 2535 832 2586 AEueam
845 2523 1074 2584 nostrum'relerri

30 2611 133 2679 potuit;
146 2613 194 2662 etsi
212 2611 296 2665 altera
311 2613 357 2666 illa
370 2613 490 2666 'l'hraciae
502 2616 584 2669 AEnns
591 2615 648 2683 jam
661 2625 722 2665 ante
739 2615 848 2665 AEneam
868 2611 972 2670 floruit3
988 2607 1073 2676 siqni-

29 2689 88 2741 dem
102 2683 134 2740 ἐκ
148 2710 180 2742 ea
199 2689 316 2765 (alstra)
334 2689 409 2750 Piros
427 2693 462 2746 ad
480 2696 588 2764 Trojano
601 2695 658 2764 jam
675 2705 735 2747 ante
754 2693 827 2744 urbis
847 2710 937 2744 casura
955 2687 1073 2740 adfuisse

28 2783 191 2824 memoratur
201 2773 276 2824 lliad.
288 2777 315 2834 d,
329 2773 394 2844 520,
406 2788 432 2827 et
449 2786 597 2827 accesserat
612 2774 645 2826 ad
657 2793 715 2826 eam
727 2774 854 2829 Hercules
867 2793 882 2824 a
896 2772 977 2839 Troja
989 2767 1073 2819 redux

29 2869 44 2900 a
58 2850 150 2922 Poltye
162 2850 279 2922 hospitio
291 2868 433 2924 exceptus:
445 2854 572 2924 Apollod.
588 2855 627 2917 H,
641 2853 673 2918 5,
685 2870 718 2920 9,
730 2873 756 2924 p.
775 2855 830 2905 131.
845 2853 880 2904 cf.
893 2852 955 2901 Not.
969 2867 996 2917 p.
1010 2846 1071 2910 384.

28 2930 94 2980 Sunt
107 2942 196 2982 autem
207 2931 272 2983 tales
283 2934 357 2984 circa
373 2933 465 2984 similis
479 2935 593 2984 nominis
610 2932 689 2983 urbes
707 2951 809 2984 errores
821 2932 885 2982 satis
901 2931 1071 2996 frequentes3

28 3023 57 3060 ut
74 3013 103 3063 in
120 3009 174 3060 hoc
186 3010 253 3078 'ipso
270 3011 391 3080 exemplo
412 3030 441 3062 re
462 3014 567 3063 inversa
584 3012 678 3062 Conon
696 3012 762 3063 Nar.
782 3012 817 3076 46
835 3008 954 3060 Pallenes
968 3005 1072 3055 AEniam

30 3090 126 3140 AEnum
149 3087 311 3156 appellatam
325 3089 398 3150 vult;
418 3103 445 3141 et
459 3091 552 3141 Tzetza
570 3089 605 3140 ad
620 3090 751 3160 Lycophr.
768 3090 786 3141 l.
804 3109 827 3140 c.
847 3099 987 3155 utramque
1004 3100 1072 3132 con-

28 3169 127 3220 fundit.
141 3166 252 3238 Virgilio
266 3181 377 3238 propter
389 3169 545 3239 Episodium
558 3168 591 3218 de
601 3168 724 3238 Polydori
740 3169 835 3220 umbra
844 3164 928 3219 multo
940 3173 1071 3233 opportu-

28 3253 89 3301 nior
102 3260 160 3300 erat
176 3248 261 3299 altera
275 3246 309 3299 de
327 3251 395 3300 AEno
409 3249 528 3301 Thraciae
544 3249 680 3311 narratio,
699 3267 757 3300 eam
771 3252 862 3317 itaque
880 3254 1007 3314 sequutus
1018 3249 1068 3292 bst-

29 3331 138 3400 Quippe
154 3330 206 3380 fuit
223 3341 249 3380 et
266 3330 325 3398 ipsa
342 3328 406 3380 urbs
424 3329 487 3380 olim
505 3347 559 3380 non
577 3327 704 3392 obscura,
720 3329 828 3380 condita
843 3343 904 3378 mox
921 3327 1016 3375 iterum
1035 3321 1070 3372 ab

29 3409 167 3472 AEolibus,
182 3427 230 3460 seu
250 3408 340 3460 Cumis
361 3427 408 3461 seu
423 3409 549 3481 Mitylene
564 3407 692 3460 oriundis.
712 3425 737 3458 v.
758 3407 848 3478 Steph.
868 3407 924 3476 Bya.
942 3405 969 3454 in
990 3395 1068 3460 Airai,

29 3489 156 3562 Scymnus
168 3488 249 3540 Chius
268 3489 338 3559 695,
351 3502 376 3541 et
388 3491 544 3560 Harpocrat.
565 3493 593 3542 in
610 3488 704 3541 eodem
716 3507 773 3539 voc.
787 3507 818 3540 ex
834 3487 950 3558 Ephoro.
964 3482 1068 3535 Servius

30 3570 65 3621 ad
77 3587 102 3620 v.
120 3586 151 3638 ¹9
163 3570 190 3622 lr.
202 3570 219 3620 l.
235 3571 302 3622 alios
314 3571 388 3622 urbis
398 3589 495 3622 nomen
508 3572 541 3623 ab
554 3573 638 3636 AEno,
650 3570 749 3643 Ulyssis
762 3571 851 3633 socio,
863 3569 1017 3629 deduxisse,
1037 3583 1069 3617 cx

29 3648 203 3719 Euphorione
215 3662 241 3700 et
252 3645 416 3702 Callimacho
428 3664 627 3704 commemorat.
641 3649 683 3702 hd
694 3650 805 3702 eandem
817 3661 937 3719 spectare
947 3643 1068 3709 videtur,

31 3728 106 3798 quod
124 3727 196 3798 apud
211 3729 324 3781 Pansan.
340 3743 379 3781 est
397 3731 458 3798 Vll,
479 3731 512 3796 4,
532 3751 559 3801 p.
583 3729 649 3796 530,
664 3730 711 3782 ubi
729 3731 809 3784 Samii
831 3730 864 3782 ab
884 3727 1019 3779 Androclo
1041 3737 1067 3776 et

29 3807 153 3876 Ephesiis
170 3808 257 3863 insula
272 3811 349 3878 ejecti
367 3813 464 3880 partim
476 3810 666 3863 Samothracen
683 3811 786 3875 abiere,
803 3812 901 3881 partim
922 3806 1068 3860 consedere.

30 3884 81 3955 aspi
101 3885 194 3940 Aireiar
207 3883 246 3941 nir
263 3889 322 3958 iras]
332 3891 413 3958 insipat
425 3891 455 3958 ‘rii
463 3888 535 3960 stipas
548 3887 684 3955 βαλλόμενοι
698 3892 787 3958 τεῖχος·
799 3909 849 3944 scr.
863 3893 958 3944 Ainrar.

66 3969 96 4017 ln
114 3966 242 4033 Thracia,
253 3968 305 4022 hoc
317 3983 371 4038 est,
383 3971 505 4036 Pallene,
522 3973 631 4024 AEneam
643 3973 724 4028 vitant
740 3971 851 4039 finiisse,
868 3968 988 4024 nonnulli
1001 3964 1066 4016 olim

31 4045 196 4100 tradiderant
208 4048 281 4118 apud
292 4050 400 4122 Dionys.
410 4051 495 4105 Halia.
507 4053 535 4120 1,
547 4051 595 4123 49,
608 4063 634 4103 et
644 4053 713 4104 inter
725 4069 770 4104 eos
780 4049 898 4121 Cephalo
908 4043 1068 4117 Gerpethius

729 4136 740 4172 r
