<?xml version="1.0" encoding="UTF-8"?>
<!DOCTYPE html PUBLIC "-//W3C//DTD XHTML 1.0 Transitional//EN"
    "http://www.w3.org/TR/xhtml1/DTD/xhtml1-transitional.dtd">
<html xmlns="http://www.w3.org/1999/xhtml" xml:lang="en" lang="en">
 <head>
  <title>
</title>
<meta http-equiv="Content-Type" content="text/html;charset=utf-8" />
  <meta name='ocr-system' content='tesseract 3.04.00' />
  <meta name='ocr-capabilities' content='ocr_page ocr_carea ocr_par ocr_line ocrx_word'/>
</head>
<body>
  <div class='ocr_page' id='page_1' title='image "./pvirgiliusmaroq00barbgoog_0055.png"; bbox 0 0 2694 4574; ppageno 0'>
   <div class='ocr_carea' id='block_1_1' title="bbox 410 287 1122 382">
    <p class='ocr_par' dir='ltr' id='par_1_1' title="bbox 410 287 1122 382">
     <span class='ocr_line' id='line_1_1' title="bbox 410 287 1122 382; baseline 0.007 -20"><span class='ocrx_word' id='word_1_1' title='bbox 410 299 480 362; x_wconf 78' lang='lat' dir='ltr'>DE</span> <span class='ocrx_word' id='word_1_2' title='bbox 504 287 696 378; x_wconf 85' lang='lat' dir='ltr'>RERUM,</span> <span class='ocrx_word' id='word_1_3' title='bbox 722 315 802 364; x_wconf 82' lang='lat' dir='ltr'>uro.</span> <span class='ocrx_word' id='word_1_4' title='bbox 1082 301 1122 382; x_wconf 69' lang='grc'>13</span> 
     </span>
    </p>
   </div>
   <div class='ocr_carea' id='block_1_2' title="bbox 88 420 1126 932">
    <p class='ocr_par' dir='ltr' id='par_1_2' title="bbox 88 420 1126 709">
     <span class='ocr_line' id='line_1_2' title="bbox 91 420 1126 512; baseline 0.003 -27"><span class='ocrx_word' id='word_1_5' title='bbox 91 423 143 486; x_wconf 87' lang='lat' dir='ltr'>nie</span> <span class='ocrx_word' id='word_1_6' title='bbox 156 423 305 511; x_wconf 81' lang='lat' dir='ltr'>repetitis</span> <span class='ocrx_word' id='word_1_7' title='bbox 317 443 385 484; x_wconf 92' lang='lat' dir='ltr'>uno</span> <span class='ocrx_word' id='word_1_8' title='bbox 399 442 456 484; x_wconf 90' lang='lat' dir='ltr'>ore</span> <span class='ocrx_word' id='word_1_9' title='bbox 469 420 633 489; x_wconf 83' lang='lat' dir='ltr'>traderent</span> <span class='ocrx_word' id='word_1_10' title='bbox 647 423 706 508; x_wconf 82' lang='grc' dir='ltr'>(ι),</span> <span class='ocrx_word' id='word_1_11' title='bbox 716 423 791 512; x_wconf 88' lang='lat' dir='ltr'>jure</span> <span class='ocrx_word' id='word_1_12' title='bbox 803 444 863 488; x_wconf 88' lang='lat' dir='ltr'>suo</span> <span class='ocrx_word' id='word_1_13' title='bbox 877 426 972 490; x_wconf 84' lang='lat' dir='ltr'>Mero</span> <span class='ocrx_word' id='word_1_14' title='bbox 981 424 1126 490; x_wconf 87' lang='lat' dir='ltr'>fabulam</span> 
     </span>
     <span class='ocr_line' id='line_1_3' title="bbox 88 525 1121 618; baseline 0.001 -26"><span class='ocrx_word' id='word_1_15' title='bbox 88 525 185 608; x_wconf 86' lang='lat' dir='ltr'>bane,</span> <span class='ocrx_word' id='word_1_16' title='bbox 199 529 288 592; x_wconf 87' lang='lat' dir='ltr'>inter</span> <span class='ocrx_word' id='word_1_17' title='bbox 301 529 466 592; x_wconf 87' lang='lat' dir='ltr'>Romanos</span> <span class='ocrx_word' id='word_1_18' title='bbox 478 526 689 608; x_wconf 78' lang='lat' dir='ltr'>celebratam,</span> <span class='ocrx_word' id='word_1_19' title='bbox 702 529 857 616; x_wconf 82' lang='lat' dir='ltr'>praeferre</span> <span class='ocrx_word' id='word_1_20' title='bbox 871 529 987 596; x_wconf 88' lang='lat' dir='ltr'>ceteris</span> <span class='ocrx_word' id='word_1_21' title='bbox 999 529 1121 618; x_wconf 90' lang='lat' dir='ltr'>potuit,</span> 
     </span>
     <span class='ocr_line' id='line_1_4' title="bbox 88 633 858 709; baseline 0.003 -13"><span class='ocrx_word' id='word_1_22' title='bbox 88 641 127 698; x_wconf 84' lang='lat' dir='ltr'>ac</span> <span class='ocrx_word' id='word_1_23' title='bbox 141 633 268 700; x_wconf 82' lang='lat' dir='ltr'>debuit.</span> <span class='ocrx_word' id='word_1_24' title='bbox 698 654 700 658; x_wconf 84' lang='lat'>·</span> <span class='ocrx_word' id='word_1_25' title='bbox 854 701 858 709; x_wconf 77' lang='grc'><em>,</em></span> 
     </span>
    </p>

    <p class='ocr_par' dir='ltr' id='par_1_3' title="bbox 90 736 1124 932">
     <span class='ocr_line' id='line_1_5' title="bbox 132 736 1124 828; baseline 0.001 -26"><span class='ocrx_word' id='word_1_26' title='bbox 132 741 191 802; x_wconf 90' lang='lat' dir='ltr'>III.</span> <span class='ocrx_word' id='word_1_27' title='bbox 207 743 394 828; x_wconf 76' lang='lat' dir='ltr'>Antequam</span> <span class='ocrx_word' id='word_1_28' title='bbox 407 736 524 803; x_wconf 84' lang='lat' dir='ltr'>adalia</span> <span class='ocrx_word' id='word_1_29' title='bbox 537 737 800 827; x_wconf 73' lang='lat' dir='ltr'>progrediamur,</span> <span class='ocrx_word' id='word_1_30' title='bbox 815 738 857 804; x_wconf 84' lang='lat' dir='ltr'>de</span> <span class='ocrx_word' id='word_1_31' title='bbox 871 741 938 806; x_wconf 88' lang='lat' dir='ltr'>loco</span> <span class='ocrx_word' id='word_1_32' title='bbox 951 739 1124 806; x_wconf 85' lang='lat' dir='ltr'>Homerico</span> 
     </span>
     <span class='ocr_line' id='line_1_6' title="bbox 90 842 1123 932; baseline -0.001 -23"><span class='ocrx_word' id='word_1_33' title='bbox 90 867 186 932; x_wconf 85' lang='lat' dir='ltr'>supra</span> <span class='ocrx_word' id='word_1_34' title='bbox 204 861 388 908; x_wconf 86' lang='lat' dir='ltr'>memorato</span> <span class='ocrx_word' id='word_1_35' title='bbox 407 866 511 931; x_wconf 86' lang='lat' dir='ltr'>pauca</span> <span class='ocrx_word' id='word_1_36' title='bbox 525 842 634 910; x_wconf 90' lang='lat' dir='ltr'>adhuc</span> <span class='ocrx_word' id='word_1_37' title='bbox 652 845 871 912; x_wconf 87' lang='lat' dir='ltr'>monebimus.</span> <span class='ocrx_word' id='word_1_38' title='bbox 885 845 1032 912; x_wconf 89' lang='lat' dir='ltr'>Produnt</span> <span class='ocrx_word' id='word_1_39' title='bbox 1055 847 1123 909; x_wconf 91' lang='lat' dir='ltr'>Ho-</span> 
     </span>
    </p>
   </div>
   <div class='ocr_carea' id='block_1_3' title="bbox 86 950 1228 1042">
    <p class='ocr_par' dir='ltr' id='par_1_4' title="bbox 86 950 1228 1042">
     <span class='ocr_line' id='line_1_7' title="bbox 86 950 1228 1042; baseline 0 -24"><span class='ocrx_word' id='word_1_40' title='bbox 86 951 167 1018; x_wconf 85' lang='lat' dir='ltr'>meri</span> <span class='ocrx_word' id='word_1_41' title='bbox 180 950 280 1015; x_wconf 84' lang='lat' dir='ltr'>verba</span> <span class='ocrx_word' id='word_1_42' title='bbox 296 950 493 1038; x_wconf 84' lang='lat' dir='ltr'>satisaperte</span> <span class='ocrx_word' id='word_1_43' title='bbox 503 973 644 1038; x_wconf 76' lang='lat' dir='ltr'>regnum</span> <span class='ocrx_word' id='word_1_44' title='bbox 654 950 806 1040; x_wconf 77' lang='lat' dir='ltr'>aliquod,</span> <span class='ocrx_word' id='word_1_45' title='bbox 818 951 909 1041; x_wconf 89' lang='lat' dir='ltr'>quod</span> <span class='ocrx_word' id='word_1_46' title='bbox 919 950 1127 1042; x_wconf 82' lang='lat' dir='ltr'>AEneasejus·</span> <span class='ocrx_word' id='word_1_47' title='bbox 1224 1020 1228 1030; x_wconf 74' lang='grc'><em>,</em></span> 
     </span>
    </p>
   </div>
   <div class='ocr_carea' id='block_1_4' title="bbox 82 1054 1189 3266">
    <p class='ocr_par' dir='ltr' id='par_1_5' title="bbox 82 1054 1189 3266">
     <span class='ocr_line' id='line_1_8' title="bbox 90 1054 1126 1147; baseline 0.002 -28"><span class='ocrx_word' id='word_1_48' title='bbox 90 1079 151 1144; x_wconf 91' lang='lat' dir='ltr'>que</span> <span class='ocrx_word' id='word_1_49' title='bbox 173 1057 301 1146; x_wconf 87' lang='lat' dir='ltr'>posteri</span> <span class='ocrx_word' id='word_1_50' title='bbox 325 1054 558 1120; x_wconf 55' lang='lat' dir='ltr'>obtinuerant.a</span> <span class='ocrx_word' id='word_1_51' title='bbox 572 1059 737 1122; x_wconf 84' lang='lat' dir='ltr'>Homerus</span> <span class='ocrx_word' id='word_1_52' title='bbox 758 1059 884 1146; x_wconf 90' lang='lat' dir='ltr'>itaque,</span> <span class='ocrx_word' id='word_1_53' title='bbox 910 1058 967 1147; x_wconf 88' lang='lat' dir='ltr'>qui</span> <span class='ocrx_word' id='word_1_54' title='bbox 989 1058 1126 1146; x_wconf 79' lang='lat' dir='ltr'>propior</span> 
     </span>
     <span class='ocr_line' id='line_1_9' title="bbox 90 1160 1125 1251; baseline 0.001 -24"><span class='ocrx_word' id='word_1_55' title='bbox 90 1179 181 1228; x_wconf 85' lang='lat' dir='ltr'>aetate</span> <span class='ocrx_word' id='word_1_56' title='bbox 199 1160 244 1226; x_wconf 87' lang='lat' dir='ltr'>ad</span> <span class='ocrx_word' id='word_1_57' title='bbox 263 1161 405 1251; x_wconf 77' lang='lat' dir='ltr'>Trojano</span> <span class='ocrx_word' id='word_1_58' title='bbox 424 1178 573 1249; x_wconf 86' lang='lat' dir='ltr'>tempora</span> <span class='ocrx_word' id='word_1_59' title='bbox 592 1162 686 1243; x_wconf 85' lang='lat' dir='ltr'>vixit,</span> <span class='ocrx_word' id='word_1_60' title='bbox 711 1165 722 1246; x_wconf 92' lang='lat'>(</span> <span class='ocrx_word' id='word_1_61' title='bbox 743 1163 902 1232; x_wconf 77' lang='lat' dir='ltr'>sumimus</span> <span class='ocrx_word' id='word_1_62' title='bbox 933 1164 1020 1228; x_wconf 86' lang='lat' dir='ltr'>enim</span> <span class='ocrx_word' id='word_1_63' title='bbox 1041 1162 1125 1243; x_wconf 90' lang='lat' dir='ltr'>hoc,</span> 
     </span>
     <span class='ocr_line' id='line_1_10' title="bbox 89 1267 1126 1360; baseline 0 -26"><span class='ocrx_word' id='word_1_64' title='bbox 89 1285 245 1358; x_wconf 80' lang='lat' dir='ltr'>tanquam</span> <span class='ocrx_word' id='word_1_65' title='bbox 263 1290 325 1357; x_wconf 88' lang='lat' dir='ltr'>pro</span> <span class='ocrx_word' id='word_1_66' title='bbox 341 1289 518 1347; x_wconf 87' lang='lat' dir='ltr'>concesso,</span> <span class='ocrx_word' id='word_1_67' title='bbox 533 1267 646 1334; x_wconf 87' lang='lat' dir='ltr'>locum</span> <span class='ocrx_word' id='word_1_68' title='bbox 660 1268 750 1336; x_wconf 87' lang='lat' dir='ltr'>huuc</span> <span class='ocrx_word' id='word_1_69' title='bbox 767 1291 839 1338; x_wconf 84' lang='grc'>000</span> <span class='ocrx_word' id='word_1_70' title='bbox 850 1270 1001 1338; x_wconf 85' lang='lat' dir='ltr'>eseriore</span> <span class='ocrx_word' id='word_1_71' title='bbox 1015 1270 1126 1360; x_wconf 87' lang='lat' dir='ltr'>aliquo</span> 
     </span>
     <span class='ocr_line' id='line_1_11' title="bbox 89 1373 1127 1464; baseline 0 -27"><span class='ocrx_word' id='word_1_72' title='bbox 89 1373 256 1462; x_wconf 85' lang='lat' dir='ltr'>rhapsodo</span> <span class='ocrx_word' id='word_1_73' title='bbox 280 1375 441 1438; x_wconf 89' lang='lat' dir='ltr'>insertum</span> <span class='ocrx_word' id='word_1_74' title='bbox 459 1378 556 1459; x_wconf 89' lang='lat' dir='ltr'>esse)</span> <span class='ocrx_word' id='word_1_75' title='bbox 578 1374 713 1455; x_wconf 79' lang='lat' dir='ltr'>famam,</span> <span class='ocrx_word' id='word_1_76' title='bbox 730 1392 767 1441; x_wconf 92' lang='lat' dir='ltr'>ut</span> <span class='ocrx_word' id='word_1_77' title='bbox 787 1375 887 1454; x_wconf 83' lang='lat' dir='ltr'>solet,</span> <span class='ocrx_word' id='word_1_78' title='bbox 906 1376 1050 1464; x_wconf 77' lang='lat' dir='ltr'>eliqamm</span> <span class='ocrx_word' id='word_1_79' title='bbox 1069 1375 1127 1438; x_wconf 89' lang='lat' dir='ltr'>illo</span> 
     </span>
     <span class='ocr_line' id='line_1_12' title="bbox 88 1479 1125 1571; baseline 0.001 -27"><span class='ocrx_word' id='word_1_80' title='bbox 88 1497 236 1568; x_wconf 89' lang='lat' dir='ltr'>tempore</span> <span class='ocrx_word' id='word_1_81' title='bbox 255 1481 471 1571; x_wconf 84' lang='lat' dir='ltr'>superstitem</span> <span class='ocrx_word' id='word_1_82' title='bbox 481 1503 517 1546; x_wconf 88' lang='lat' dir='ltr'>ea</span> <span class='ocrx_word' id='word_1_83' title='bbox 528 1479 572 1546; x_wconf 91' lang='lat' dir='ltr'>de</span> <span class='ocrx_word' id='word_1_84' title='bbox 586 1505 622 1546; x_wconf 89' lang='lat' dir='ltr'>re</span> <span class='ocrx_word' id='word_1_85' title='bbox 634 1498 793 1571; x_wconf 84' lang='lat' dir='ltr'>sequutus</span> <span class='ocrx_word' id='word_1_86' title='bbox 807 1498 871 1561; x_wconf 85' lang='lat' dir='ltr'>est;</span> <span class='ocrx_word' id='word_1_87' title='bbox 883 1482 946 1547; x_wconf 88' lang='lat' dir='ltr'>nisi</span> <span class='ocrx_word' id='word_1_88' title='bbox 958 1483 1043 1546; x_wconf 84' lang='lat' dir='ltr'>forte</span> <span class='ocrx_word' id='word_1_89' title='bbox 1055 1481 1125 1568; x_wconf 86' lang='lat' dir='ltr'>ipse</span> 
     </span>
     <span class='ocr_line' id='line_1_13' title="bbox 87 1581 1125 1678; baseline 0.002 -26"><span class='ocrx_word' id='word_1_90' title='bbox 87 1589 121 1652; x_wconf 90' lang='lat' dir='ltr'>in</span> <span class='ocrx_word' id='word_1_91' title='bbox 133 1589 307 1662; x_wconf 84' lang='lat' dir='ltr'>itineribus</span> <span class='ocrx_word' id='word_1_92' title='bbox 321 1590 389 1664; x_wconf 88' lang='lat' dir='ltr'>suis</span> <span class='ocrx_word' id='word_1_93' title='bbox 399 1590 434 1652; x_wconf 91' lang='lat' dir='ltr'>in</span> <span class='ocrx_word' id='word_1_94' title='bbox 446 1606 596 1678; x_wconf 88' lang='lat' dir='ltr'>posteros</span> <span class='ocrx_word' id='word_1_95' title='bbox 606 1592 715 1656; x_wconf 82' lang='lat' dir='ltr'>AEneae</span> <span class='ocrx_word' id='word_1_96' title='bbox 725 1589 851 1656; x_wconf 83' lang='lat' dir='ltr'>incidit.</span> <span class='ocrx_word' id='word_1_97' title='bbox 862 1590 975 1654; x_wconf 84' lang='lat' dir='ltr'>Fuisse</span> <span class='ocrx_word' id='word_1_98' title='bbox 987 1581 1125 1676; x_wconf 76' lang='lat' dir='ltr'>regnuui</span> 
     </span>
     <span class='ocr_line' id='line_1_14' title="bbox 86 1693 1185 1786; baseline -0.001 -28"><span class='ocrx_word' id='word_1_99' title='bbox 86 1693 169 1758; x_wconf 89' lang='lat' dir='ltr'>illud</span> <span class='ocrx_word' id='word_1_100' title='bbox 183 1695 217 1758; x_wconf 92' lang='lat' dir='ltr'>in</span> <span class='ocrx_word' id='word_1_101' title='bbox 230 1717 268 1758; x_wconf 89' lang='lat' dir='ltr'>ea</span> <span class='ocrx_word' id='word_1_102' title='bbox 283 1694 351 1781; x_wconf 83' lang='lat' dir='ltr'>ipsa</span> <span class='ocrx_word' id='word_1_103' title='bbox 362 1694 509 1773; x_wconf 84' lang='lat' dir='ltr'>Troade,</span> <span class='ocrx_word' id='word_1_104' title='bbox 522 1695 557 1759; x_wconf 89' lang='lat' dir='ltr'>in</span> <span class='ocrx_word' id='word_1_105' title='bbox 572 1719 637 1786; x_wconf 84' lang='lat' dir='ltr'>qua</span> <span class='ocrx_word' id='word_1_106' title='bbox 648 1697 794 1760; x_wconf 80' lang='lat' dir='ltr'>Priamus</span> <span class='ocrx_word' id='word_1_107' title='bbox 806 1711 1011 1784; x_wconf 77' lang='lat' dir='ltr'>regnaverat,</span> <span class='ocrx_word' id='word_1_108' title='bbox 1026 1717 1063 1758; x_wconf 90' lang='lat' dir='ltr'>ea</span> <span class='ocrx_word' id='word_1_109' title='bbox 1077 1709 1127 1758; x_wconf 89' lang='lat' dir='ltr'>est</span> <span class='ocrx_word' id='word_1_110' title='bbox 1184 1773 1185 1776; x_wconf 8' lang='grc' dir='ltr'><strong>Ἴ</strong></span> 
     </span>
     <span class='ocr_line' id='line_1_15' title="bbox 88 1801 1126 1892; baseline 0 -27"><span class='ocrx_word' id='word_1_111' title='bbox 88 1801 266 1866; x_wconf 87' lang='lat' dir='ltr'>verborum</span> <span class='ocrx_word' id='word_1_112' title='bbox 281 1803 458 1884; x_wconf 84' lang='lat' dir='ltr'>sententia,</span> <span class='ocrx_word' id='word_1_113' title='bbox 481 1826 555 1891; x_wconf 84' lang='lat' dir='ltr'>quse</span> <span class='ocrx_word' id='word_1_114' title='bbox 572 1803 756 1892; x_wconf 76' lang='lat' dir='ltr'>legentibus</span> <span class='ocrx_word' id='word_1_115' title='bbox 770 1803 880 1870; x_wconf 86' lang='lat' dir='ltr'>locum</span> <span class='ocrx_word' id='word_1_116' title='bbox 896 1803 1001 1891; x_wconf 85' lang='lat' dir='ltr'>prima</span> <span class='ocrx_word' id='word_1_117' title='bbox 1014 1823 1126 1867; x_wconf 87' lang='lat' dir='ltr'>occur-</span> 
     </span>
     <span class='ocr_line' id='line_1_16' title="bbox 82 1906 1125 1998; baseline -0.004 -24"><span class='ocrx_word' id='word_1_118' title='bbox 82 1909 146 1986; x_wconf 78' lang='lat' dir='ltr'>rit3</span> <span class='ocrx_word' id='word_1_119' title='bbox 160 1923 261 1997; x_wconf 88' lang='lat' dir='ltr'>atque</span> <span class='ocrx_word' id='word_1_120' title='bbox 281 1908 325 1971; x_wconf 87' lang='lat' dir='ltr'>ita</span> <span class='ocrx_word' id='word_1_121' title='bbox 348 1925 477 1974; x_wconf 86' lang='lat' dir='ltr'>veteres</span> <span class='ocrx_word' id='word_1_122' title='bbox 496 1907 607 1975; x_wconf 90' lang='lat' dir='ltr'>locum</span> <span class='ocrx_word' id='word_1_123' title='bbox 622 1927 699 1976; x_wconf 85' lang='lat' dir='ltr'>sunt</span> <span class='ocrx_word' id='word_1_124' title='bbox 722 1909 925 1998; x_wconf 84' lang='lat' dir='ltr'>interpretati</span> <span class='ocrx_word' id='word_1_125' title='bbox 945 1913 1002 1992; x_wconf 85' lang='lat' dir='ltr'>(v.</span> <span class='ocrx_word' id='word_1_126' title='bbox 1021 1906 1125 1972; x_wconf 88' lang='lat' dir='ltr'>Streb.</span> 
     </span>
     <span class='ocr_line' id='line_1_17' title="bbox 84 2012 1126 2101; baseline -0.004 -21"><span class='ocrx_word' id='word_1_127' title='bbox 84 2015 184 2092; x_wconf 90' lang='lat' dir='ltr'>XIII,</span> <span class='ocrx_word' id='word_1_128' title='bbox 200 2033 232 2099; x_wconf 91' lang='lat' dir='ltr'>p.</span> <span class='ocrx_word' id='word_1_129' title='bbox 246 2012 311 2078; x_wconf 85' lang='grc'>608</span> <span class='ocrx_word' id='word_1_130' title='bbox 323 2013 366 2094; x_wconf 89' lang='lat' dir='ltr'>C,</span> <span class='ocrx_word' id='word_1_131' title='bbox 380 2015 444 2101; x_wconf 80' lang='grc'>906</span> <span class='ocrx_word' id='word_1_132' title='bbox 456 2018 501 2095; x_wconf 83' lang='grc' dir='ltr'>Α,</span> <span class='ocrx_word' id='word_1_133' title='bbox 516 2013 633 2078; x_wconf 84' lang='lat' dir='ltr'>Almel.</span> <span class='ocrx_word' id='word_1_134' title='bbox 644 2019 664 2098; x_wconf 87' lang='grc'>).</span> <span class='ocrx_word' id='word_1_135' title='bbox 680 2015 802 2080; x_wconf 83' lang='lat' dir='ltr'>Ornata</span> <span class='ocrx_word' id='word_1_136' title='bbox 814 2015 912 2078; x_wconf 89' lang='lat' dir='ltr'>etiam</span> <span class='ocrx_word' id='word_1_137' title='bbox 924 2029 974 2078; x_wconf 88' lang='lat' dir='ltr'>est</span> <span class='ocrx_word' id='word_1_138' title='bbox 984 2013 1126 2076; x_wconf 87' lang='lat' dir='ltr'>narratio</span> 
     </span>
     <span class='ocr_line' id='line_1_18' title="bbox 85 2116 1125 2205; baseline -0.002 -23"><span class='ocrx_word' id='word_1_139' title='bbox 85 2116 175 2205; x_wconf 85' lang='lat' dir='ltr'>apud</span> <span class='ocrx_word' id='word_1_140' title='bbox 193 2117 301 2184; x_wconf 89' lang='lat' dir='ltr'>Sebol.</span> <span class='ocrx_word' id='word_1_141' title='bbox 321 2117 364 2182; x_wconf 88' lang='lat' dir='ltr'>ad</span> <span class='ocrx_word' id='word_1_142' title='bbox 383 2141 412 2182; x_wconf 88' lang='lat' dir='ltr'>e.</span> <span class='ocrx_word' id='word_1_143' title='bbox 433 2119 455 2184; x_wconf 93' lang='lat' dir='ltr'>l.</span> <span class='ocrx_word' id='word_1_144' title='bbox 474 2143 514 2184; x_wconf 85' lang='lat' dir='ltr'>ex</span> <span class='ocrx_word' id='word_1_145' title='bbox 529 2120 701 2188; x_wconf 84' lang='lat' dir='ltr'>Acusileoz</span> <span class='ocrx_word' id='word_1_146' title='bbox 724 2119 781 2188; x_wconf 89' lang='lat' dir='ltr'>ubi</span> <span class='ocrx_word' id='word_1_147' title='bbox 795 2135 996 2182; x_wconf 86' lang='lat' dir='ltr'>memoretur</span> <span class='ocrx_word' id='word_1_148' title='bbox 1012 2119 1125 2181; x_wconf 83' lang='lat' dir='ltr'>Venus</span> 
     </span>
     <span class='ocr_line' id='line_1_19' title="bbox 84 2221 1189 2311; baseline -0.002 -25"><span class='ocrx_word' id='word_1_149' title='bbox 84 2221 294 2311; x_wconf 89' lang='lat' dir='ltr'>propterboc</span> <span class='ocrx_word' id='word_1_150' title='bbox 309 2223 418 2310; x_wconf 86' lang='lat' dir='ltr'>ipsum</span> <span class='ocrx_word' id='word_1_151' title='bbox 430 2247 507 2290; x_wconf 91' lang='lat' dir='ltr'>cum</span> <span class='ocrx_word' id='word_1_152' title='bbox 518 2223 660 2293; x_wconf 82' lang='lat' dir='ltr'>Anchise</span> <span class='ocrx_word' id='word_1_153' title='bbox 676 2245 746 2288; x_wconf 88' lang='lat' dir='ltr'>esse</span> <span class='ocrx_word' id='word_1_154' title='bbox 761 2243 949 2310; x_wconf 78' lang='lat' dir='ltr'>congressa,</span> <span class='ocrx_word' id='word_1_155' title='bbox 967 2221 1058 2310; x_wconf 88' lang='lat' dir='ltr'>quod</span> <span class='ocrx_word' id='word_1_156' title='bbox 1074 2243 1127 2284; x_wconf 90' lang='lat' dir='ltr'>au·</span> <span class='ocrx_word' id='word_1_157' title='bbox 1187 2245 1189 2250; x_wconf 94' lang='lat'>·</span> 
     </span>
     <span class='ocr_line' id='line_1_20' title="bbox 89 2324 1125 2415; baseline -0.003 -23"><span class='ocrx_word' id='word_1_158' title='bbox 89 2327 206 2408; x_wconf 82' lang='lat' dir='ltr'>dierat,</span> <span class='ocrx_word' id='word_1_159' title='bbox 226 2328 325 2394; x_wconf 76' lang='lat' dir='ltr'>fatale</span> <span class='ocrx_word' id='word_1_160' title='bbox 341 2351 428 2410; x_wconf 89' lang='lat' dir='ltr'>esse,</span> <span class='ocrx_word' id='word_1_161' title='bbox 447 2347 484 2394; x_wconf 92' lang='lat' dir='ltr'>ut</span> <span class='ocrx_word' id='word_1_162' title='bbox 507 2327 678 2394; x_wconf 88' lang='lat' dir='ltr'>Priamidis</span> <span class='ocrx_word' id='word_1_163' title='bbox 701 2324 832 2406; x_wconf 57' lang='lat' dir='ltr'>abcisis,</span> <span class='ocrx_word' id='word_1_164' title='bbox 855 2349 994 2414; x_wconf 76' lang='lat' dir='ltr'>regnum</span> <span class='ocrx_word' id='word_1_165' title='bbox 1016 2325 1125 2415; x_wconf 83' lang='lat' dir='ltr'>Trojae</span> 
     </span>
     <span class='ocr_line' id='line_1_21' title="bbox 85 2433 1125 2525; baseline -0.003 -27"><span class='ocrx_word' id='word_1_166' title='bbox 85 2433 128 2516; x_wconf 79' lang='lat' dir='ltr'>ad</span> <span class='ocrx_word' id='word_1_167' title='bbox 139 2433 291 2504; x_wconf 78' lang='lat' dir='ltr'>Anchisae</span> <span class='ocrx_word' id='word_1_168' title='bbox 300 2436 437 2524; x_wconf 89' lang='lat' dir='ltr'>stirpem</span> <span class='ocrx_word' id='word_1_169' title='bbox 446 2434 624 2525; x_wconf 85' lang='lat' dir='ltr'>aliquando</span> <span class='ocrx_word' id='word_1_170' title='bbox 636 2433 769 2502; x_wconf 84' lang='lat' dir='ltr'>rediret.</span> <span class='ocrx_word' id='word_1_171' title='bbox 787 2435 872 2498; x_wconf 84' lang='lat' dir='ltr'>Nato</span> <span class='ocrx_word' id='word_1_172' title='bbox 884 2433 995 2521; x_wconf 80' lang='lat' dir='ltr'>itaque</span> <span class='ocrx_word' id='word_1_173' title='bbox 1007 2435 1125 2510; x_wconf 88' lang='lat' dir='ltr'>AEnee,</span> 
     </span>
     <span class='ocr_line' id='line_1_22' title="bbox 82 2537 1126 2630; baseline -0.004 -24"><span class='ocrx_word' id='word_1_174' title='bbox 82 2564 189 2629; x_wconf 80' lang='lat' dir='ltr'>quum</span> <span class='ocrx_word' id='word_1_175' title='bbox 200 2541 231 2606; x_wconf 91' lang='lat' dir='ltr'>ei</span> <span class='ocrx_word' id='word_1_176' title='bbox 240 2542 341 2606; x_wconf 85' lang='lat' dir='ltr'>vellet</span> <span class='ocrx_word' id='word_1_177' title='bbox 349 2565 488 2628; x_wconf 76' lang='lat' dir='ltr'>regnum</span> <span class='ocrx_word' id='word_1_178' title='bbox 495 2541 655 2606; x_wconf 82' lang='lat' dir='ltr'>maturius</span> <span class='ocrx_word' id='word_1_179' title='bbox 664 2563 794 2630; x_wconf 85' lang='lat' dir='ltr'>perere,</span> <span class='ocrx_word' id='word_1_180' title='bbox 806 2537 913 2606; x_wconf 81' lang='lat' dir='ltr'>Paridi</span> <span class='ocrx_word' id='word_1_181' title='bbox 925 2538 980 2627; x_wconf 82' lang='lat' dir='ltr'>illa</span> <span class='ocrx_word' id='word_1_182' title='bbox 990 2537 1126 2602; x_wconf 75' lang='lat' dir='ltr'>Helena</span> 
     </span>
     <span class='ocr_line' id='line_1_23' title="bbox 83 2644 1125 2735; baseline -0.004 -25"><span class='ocrx_word' id='word_1_183' title='bbox 83 2669 234 2710; x_wconf 87' lang='lat' dir='ltr'>amorem</span> <span class='ocrx_word' id='word_1_184' title='bbox 245 2647 427 2727; x_wconf 84' lang='lat' dir='ltr'>instillavit,</span> <span class='ocrx_word' id='word_1_185' title='bbox 440 2647 632 2735; x_wconf 86' lang='lat' dir='ltr'>bellumque</span> <span class='ocrx_word' id='word_1_186' title='bbox 642 2647 832 2725; x_wconf 82' lang='lat' dir='ltr'>concitavit,</span> <span class='ocrx_word' id='word_1_187' title='bbox 845 2661 883 2709; x_wconf 93' lang='lat' dir='ltr'>ut</span> <span class='ocrx_word' id='word_1_188' title='bbox 895 2645 1014 2710; x_wconf 76' lang='lat' dir='ltr'>PrIami</span> <span class='ocrx_word' id='word_1_189' title='bbox 1027 2644 1125 2732; x_wconf 88' lang='lat' dir='ltr'>stirps</span> 
     </span>
     <span class='ocr_line' id='line_1_24' title="bbox 86 2750 1125 2840; baseline -0.004 -24"><span class='ocrx_word' id='word_1_190' title='bbox 86 2769 175 2816; x_wconf 82' lang='lat' dir='ltr'>tanto</span> <span class='ocrx_word' id='word_1_191' title='bbox 188 2752 331 2820; x_wconf 87' lang='lat' dir='ltr'>celerius</span> <span class='ocrx_word' id='word_1_192' title='bbox 341 2752 556 2818; x_wconf 83' lang='lat' dir='ltr'>excideretur.</span> <span class='ocrx_word' id='word_1_193' title='bbox 575 2756 736 2832; x_wconf 89' lang='lat' dir='ltr'>Fuerunt,</span> <span class='ocrx_word' id='word_1_194' title='bbox 750 2752 821 2840; x_wconf 87' lang='lat' dir='ltr'>qui,</span> <span class='ocrx_word' id='word_1_195' title='bbox 836 2773 940 2839; x_wconf 90' lang='lat' dir='ltr'>quum</span> <span class='ocrx_word' id='word_1_196' title='bbox 948 2750 1125 2814; x_wconf 84' lang='lat' dir='ltr'>AEneamin</span> 
     </span>
     <span class='ocr_line' id='line_1_25' title="bbox 85 2848 1125 2948; baseline -0.005 -26"><span class='ocrx_word' id='word_1_197' title='bbox 85 2859 154 2923; x_wconf 86' lang='lat' dir='ltr'>aliis</span> <span class='ocrx_word' id='word_1_198' title='bbox 167 2859 282 2947; x_wconf 89' lang='lat' dir='ltr'>potius</span> <span class='ocrx_word' id='word_1_199' title='bbox 294 2859 404 2938; x_wconf 88' lang='lat' dir='ltr'>terris,</span> <span class='ocrx_word' id='word_1_200' title='bbox 418 2882 518 2948; x_wconf 88' lang='lat' dir='ltr'>quem</span> <span class='ocrx_word' id='word_1_201' title='bbox 532 2859 566 2925; x_wconf 93' lang='lat' dir='ltr'>in</span> <span class='ocrx_word' id='word_1_202' title='bbox 579 2858 630 2922; x_wconf 91' lang='lat' dir='ltr'>Ilii</span> <span class='ocrx_word' id='word_1_203' title='bbox 645 2859 715 2925; x_wconf 89' lang='lat' dir='ltr'>solo</span> <span class='ocrx_word' id='word_1_204' title='bbox 726 2857 845 2946; x_wconf 70' lang='lat' dir='ltr'>esqtmi</span> <span class='ocrx_word' id='word_1_205' title='bbox 855 2856 972 2936; x_wconf 82' lang='lat' dir='ltr'>ruinis,</span> <span class='ocrx_word' id='word_1_206' title='bbox 987 2848 1125 2942; x_wconf 79' lang='lat' dir='ltr'>regnum</span> 
     </span>
     <span class='ocr_line' id='line_1_26' title="bbox 85 2963 1125 3054; baseline -0.004 -24"><span class='ocrx_word' id='word_1_207' title='bbox 85 2964 274 3030; x_wconf 88' lang='lat' dir='ltr'>condidisse</span> <span class='ocrx_word' id='word_1_208' title='bbox 304 2964 460 3044; x_wconf 88' lang='lat' dir='ltr'>mallent,</span> <span class='ocrx_word' id='word_1_209' title='bbox 497 2965 750 3054; x_wconf 81' lang='lat' dir='ltr'>interpolatione</span> <span class='ocrx_word' id='word_1_210' title='bbox 784 2963 868 3028; x_wconf 80' lang='lat' dir='ltr'>lacta</span> <span class='ocrx_word' id='word_1_211' title='bbox 892 2968 1035 3028; x_wconf 60' lang='lat' dir='ltr'>eirenem</span> <span class='ocrx_word' id='word_1_212' title='bbox 1065 2981 1125 3048; x_wconf 87' lang='lat' dir='ltr'>pro</span> 
     </span>
     <span class='ocr_line' id='line_1_27' title="bbox 85 3065 1125 3159; baseline 0.003 -33"><span class='ocrx_word' id='word_1_213' title='bbox 85 3068 223 3149; x_wconf 59' lang='lat' dir='ltr'>spalensi,</span> <span class='ocrx_word' id='word_1_214' title='bbox 238 3071 273 3133; x_wconf 90' lang='lat' dir='ltr'>in</span> <span class='ocrx_word' id='word_1_215' title='bbox 288 3092 361 3134; x_wconf 82' lang='lat' dir='ltr'>suas</span> <span class='ocrx_word' id='word_1_216' title='bbox 376 3087 484 3158; x_wconf 89' lang='lat' dir='ltr'>partes</span> <span class='ocrx_word' id='word_1_217' title='bbox 498 3087 631 3159; x_wconf 87' lang='lat' dir='ltr'>poetam</span> <span class='ocrx_word' id='word_1_218' title='bbox 643 3070 875 3153; x_wconf 82' lang='lat' dir='ltr'>traherent.(2)</span> <span class='ocrx_word' id='word_1_219' title='bbox 885 3067 948 3132; x_wconf 83' lang='lat' dir='ltr'>Alii</span> <span class='ocrx_word' id='word_1_220' title='bbox 959 3065 1125 3131; x_wconf 79' lang='lat' dir='ltr'>dlversum</span> 
     </span>
     <span class='ocr_line' id='line_1_28' title="bbox 84 3171 1125 3266; baseline -0.005 -26"><span class='ocrx_word' id='word_1_221' title='bbox 84 3175 126 3240; x_wconf 81' lang='lat' dir='ltr'>ab</span> <span class='ocrx_word' id='word_1_222' title='bbox 147 3175 300 3243; x_wconf 79' lang='lat' dir='ltr'>Anchisae</span> <span class='ocrx_word' id='word_1_223' title='bbox 323 3177 527 3266; x_wconf 85' lang='lat' dir='ltr'>Venerisque</span> <span class='ocrx_word' id='word_1_224' title='bbox 551 3177 619 3242; x_wconf 79' lang='lat' dir='ltr'>filio</span> <span class='ocrx_word' id='word_1_225' title='bbox 645 3179 780 3252; x_wconf 83' lang='lat' dir='ltr'>AEueam</span> <span class='ocrx_word' id='word_1_226' title='bbox 799 3175 900 3241; x_wconf 84' lang='lat' dir='ltr'>fuisse</span> <span class='ocrx_word' id='word_1_227' title='bbox 921 3171 1125 3251; x_wconf 73' lang='lat' dir='ltr'>statuebant,</span> 
     </span>
    </p>
   </div>
   <div class='ocr_carea' id='block_1_5' title="bbox 82 3374 1125 3612">
    <p class='ocr_par' dir='ltr' id='par_1_6' title="bbox 82 3374 1125 3612">
     <span class='ocr_line' id='line_1_29' title="bbox 118 3374 1125 3452; baseline -0.004 -23"><span class='ocrx_word' id='word_1_228' title='bbox 118 3377 277 3452; x_wconf 78' lang='lat' dir='ltr'>(1)Utpag.</span> <span class='ocrx_word' id='word_1_229' title='bbox 290 3379 335 3436; x_wconf 84' lang='lat' dir='ltr'>XL</span> <span class='ocrx_word' id='word_1_230' title='bbox 346 3381 510 3432; x_wconf 87' lang='lat' dir='ltr'>declaratum</span> <span class='ocrx_word' id='word_1_231' title='bbox 523 3393 581 3443; x_wconf 80' lang='lat' dir='ltr'>est3</span> <span class='ocrx_word' id='word_1_232' title='bbox 629 3383 739 3437; x_wconf 80' lang='lat' dir='ltr'>AEneam</span> <span class='ocrx_word' id='word_1_233' title='bbox 756 3400 816 3434; x_wconf 83' lang='lat' dir='ltr'>cum</span> <span class='ocrx_word' id='word_1_234' title='bbox 827 3377 941 3433; x_wconf 68' lang='lat' dir='ltr'>techna</span> <span class='ocrx_word' id='word_1_235' title='bbox 954 3374 1063 3436; x_wconf 83' lang='lat' dir='ltr'>abduxit</span> <span class='ocrx_word' id='word_1_236' title='bbox 1072 3375 1125 3427; x_wconf 76' lang='lat' dir='ltr'>erite</span> 
     </span>
     <span class='ocr_line' id='line_1_30' title="bbox 82 3453 1125 3530; baseline -0.006 -21"><span class='ocrx_word' id='word_1_237' title='bbox 82 3478 108 3509; x_wconf 81' lang='lat' dir='ltr'>v.</span> <span class='ocrx_word' id='word_1_238' title='bbox 121 3460 190 3530; x_wconf 88' lang='lat' dir='ltr'>inpr.</span> <span class='ocrx_word' id='word_1_239' title='bbox 201 3459 271 3512; x_wconf 83' lang='lat' dir='ltr'>Sext.</span> <span class='ocrx_word' id='word_1_240' title='bbox 281 3460 372 3513; x_wconf 79' lang='lat' dir='ltr'>Aurel.</span> <span class='ocrx_word' id='word_1_241' title='bbox 381 3463 449 3512; x_wconf 81' lang='lat' dir='ltr'>vict.</span> <span class='ocrx_word' id='word_1_242' title='bbox 460 3459 493 3512; x_wconf 91' lang='lat' dir='ltr'>de</span> <span class='ocrx_word' id='word_1_243' title='bbox 505 3462 538 3514; x_wconf 90' lang='grc' dir='ltr'>Ο.</span> <span class='ocrx_word' id='word_1_244' title='bbox 549 3461 580 3513; x_wconf 87' lang='lat' dir='ltr'>G.</span> <span class='ocrx_word' id='word_1_245' title='bbox 631 3457 655 3512; x_wconf 71' lang='lat' dir='ltr'>di</span> <span class='ocrx_word' id='word_1_246' title='bbox 675 3457 764 3528; x_wconf 61' lang='lat' dir='ltr'>adepte</span> <span class='ocrx_word' id='word_1_247' title='bbox 785 3457 891 3512; x_wconf 72' lang='lat' dir='ltr'>Adoerltt</span> <span class='ocrx_word' id='word_1_248' title='bbox 913 3453 1032 3508; x_wconf 72' lang='lat' dir='ltr'>irritaret.</span> <span class='ocrx_word' id='word_1_249' title='bbox 1050 3453 1060 3525; x_wconf 94' lang='lat'>(</span> <span class='ocrx_word' id='word_1_250' title='bbox 1074 3454 1125 3528; x_wconf 73' lang='lat' dir='ltr'>leg.</span> 
     </span>
     <span class='ocr_line' id='line_1_31' title="bbox 82 3537 885 3612; baseline 0 -23"><span class='ocrx_word' id='word_1_251' title='bbox 82 3540 115 3589; x_wconf 82' lang='lat' dir='ltr'>lt.</span> <span class='ocrx_word' id='word_1_252' title='bbox 129 3541 193 3591; x_wconf 85' lang='lat' dir='ltr'>Post</span> <span class='ocrx_word' id='word_1_253' title='bbox 208 3539 346 3612; x_wconf 74' lang='lat' dir='ltr'>VIrgilium</span> <span class='ocrx_word' id='word_1_254' title='bbox 356 3543 534 3593; x_wconf 82' lang='lat' dir='ltr'>narraiionem</span> <span class='ocrx_word' id='word_1_255' title='bbox 549 3541 582 3594; x_wconf 89' lang='lat' dir='ltr'>de</span> <span class='ocrx_word' id='word_1_256' title='bbox 632 3537 774 3612; x_wconf 62' lang='lat' dir='ltr'>risitaret).</span> <span class='ocrx_word' id='word_1_257' title='bbox 882 3584 885 3590; x_wconf 88' lang='lat'>.</span> 
     </span>
    </p>
   </div>
   <div class='ocr_carea' id='block_1_6' title="bbox 81 3613 1125 3691">
    <p class='ocr_par' dir='ltr' id='par_1_7' title="bbox 81 3613 1125 3691">
     <span class='ocr_line' id='line_1_32' title="bbox 81 3613 1125 3691; baseline -0.007 -21"><span class='ocrx_word' id='word_1_258' title='bbox 81 3618 192 3672; x_wconf 85' lang='lat' dir='ltr'>sedibus</span> <span class='ocrx_word' id='word_1_259' title='bbox 204 3621 382 3691; x_wconf 70' lang='lat' dir='ltr'>Troianorum</span> <span class='ocrx_word' id='word_1_260' title='bbox 392 3623 423 3675; x_wconf 88' lang='lat' dir='ltr'>in</span> <span class='ocrx_word' id='word_1_261' title='bbox 432 3620 508 3674; x_wconf 83' lang='lat' dir='ltr'>Italia</span> <span class='ocrx_word' id='word_1_262' title='bbox 524 3623 585 3682; x_wconf 83' lang='lat' dir='ltr'>vul·¹</span> <span class='ocrx_word' id='word_1_263' title='bbox 665 3619 704 3690; x_wconf 80' lang='lat'>(2)</span> <span class='ocrx_word' id='word_1_264' title='bbox 718 3620 768 3690; x_wconf 74' lang='lat' dir='ltr'>Ap.</span> <span class='ocrx_word' id='word_1_265' title='bbox 781 3615 903 3672; x_wconf 74' lang='lat' dir='ltr'>strabon.</span> <span class='ocrx_word' id='word_1_266' title='bbox 920 3615 940 3668; x_wconf 93' lang='lat' dir='ltr'>l.</span> <span class='ocrx_word' id='word_1_267' title='bbox 956 3613 974 3668; x_wconf 90' lang='lat' dir='ltr'>l.</span> <span class='ocrx_word' id='word_1_268' title='bbox 991 3635 1019 3686; x_wconf 91' lang='lat' dir='ltr'>p.</span> <span class='ocrx_word' id='word_1_269' title='bbox 1032 3615 1085 3684; x_wconf 84' lang='grc'>906</span> <span class='ocrx_word' id='word_1_270' title='bbox 1095 3615 1125 3664; x_wconf 88' lang='lat' dir='ltr'>B.</span> 
     </span>
    </p>
   </div>
   <div class='ocr_carea' id='block_1_7' title="bbox 81 3695 1230 3772">
    <p class='ocr_par' dir='ltr' id='par_1_8' title="bbox 81 3695 1230 3772">
     <span class='ocr_line' id='line_1_33' title="bbox 81 3695 1230 3772; baseline -0.003 -24"><span class='ocrx_word' id='word_1_271' title='bbox 81 3717 134 3770; x_wconf 69' lang='lat' dir='ltr'>go,</span> <span class='ocrx_word' id='word_1_272' title='bbox 161 3703 243 3752; x_wconf 88' lang='lat' dir='ltr'>etiam</span> <span class='ocrx_word' id='word_1_273' title='bbox 272 3704 341 3754; x_wconf 85' lang='lat' dir='ltr'>inter</span> <span class='ocrx_word' id='word_1_274' title='bbox 371 3702 495 3766; x_wconf 64' lang='lat' dir='ltr'>Grecos,</span> <span class='ocrx_word' id='word_1_275' title='bbox 517 3701 583 3753; x_wconf 83' lang='lat' dir='ltr'>oth·</span> <span class='ocrx_word' id='word_1_276' title='bbox 631 3699 705 3772; x_wconf 87' lang='lat' dir='ltr'>quod</span> <span class='ocrx_word' id='word_1_277' title='bbox 718 3711 847 3772; x_wconf 46' lang='lat' dir='ltr'>,sequutus</span> <span class='ocrx_word' id='word_1_278' title='bbox 867 3709 906 3750; x_wconf 80' lang='lat' dir='ltr'>est</span> <span class='ocrx_word' id='word_1_279' title='bbox 925 3696 1051 3770; x_wconf 71' lang='lat' dir='ltr'>Virgilius</span> <span class='ocrx_word' id='word_1_280' title='bbox 1066 3695 1124 3748; x_wconf 80' lang='lat' dir='ltr'>AEn.</span> <span class='ocrx_word' id='word_1_281' title='bbox 1225 3749 1230 3763; x_wconf 37' lang='grc' dir='ltr'><strong><em>ι</em></strong></span> 
     </span>
    </p>
   </div>
   <div class='ocr_carea' id='block_1_8' title="bbox 76 3769 1127 4022">
    <p class='ocr_par' dir='ltr' id='par_1_9' title="bbox 76 3769 1127 4022">
     <span class='ocr_line' id='line_1_34' title="bbox 81 3769 1126 3852; baseline -0.006 -24"><span class='ocrx_word' id='word_1_282' title='bbox 81 3780 187 3844; x_wconf 83' lang='lat' dir='ltr'>unisse,</span> <span class='ocrx_word' id='word_1_283' title='bbox 199 3799 279 3832; x_wconf 88' lang='lat' dir='ltr'>nemo</span> <span class='ocrx_word' id='word_1_284' title='bbox 291 3781 431 3834; x_wconf 85' lang='lat' dir='ltr'>mirabitur</span> <span class='ocrx_word' id='word_1_285' title='bbox 441 3801 448 3843; x_wconf 91' lang='lat'>;</span> <span class='ocrx_word' id='word_1_286' title='bbox 460 3782 497 3833; x_wconf 87' lang='lat' dir='ltr'>ita</span> <span class='ocrx_word' id='word_1_287' title='bbox 510 3769 581 3852; x_wconf 87' lang='lat' dir='ltr'>apud</span> <span class='ocrx_word' id='word_1_288' title='bbox 630 3775 679 3846; x_wconf 87' lang='lat'>111,</span> <span class='ocrx_word' id='word_1_289' title='bbox 692 3797 734 3849; x_wconf 84' lang='lat'>97.</span> <span class='ocrx_word' id='word_1_290' title='bbox 742 3789 744 3794; x_wconf 89' lang='lat'>&#39;</span> <span class='ocrx_word' id='word_1_291' title='bbox 752 3779 788 3830; x_wconf 82' lang='lat' dir='ltr'>Et</span> <span class='ocrx_word' id='word_1_292' title='bbox 799 3779 890 3838; x_wconf 81' lang='lat' dir='ltr'>domus</span> <span class='ocrx_word' id='word_1_293' title='bbox 908 3777 1001 3830; x_wconf 79' lang='lat' dir='ltr'>AEnete</span> <span class='ocrx_word' id='word_1_294' title='bbox 1024 3773 1126 3827; x_wconf 86' lang='lat' dir='ltr'>eunctis</span> 
     </span>
     <span class='ocr_line' id='line_1_35' title="bbox 76 3848 1127 3933; baseline -0.009 -23"><span class='ocrx_word' id='word_1_295' title='bbox 76 3857 214 3923; x_wconf 80' lang='lat' dir='ltr'>Quintum</span> <span class='ocrx_word' id='word_1_296' title='bbox 234 3859 408 3933; x_wconf 68' lang='lat' dir='ltr'>Smyrnaeum</span> <span class='ocrx_word' id='word_1_297' title='bbox 430 3859 503 3931; x_wconf 83' lang='lat' dir='ltr'>apud</span> <span class='ocrx_word' id='word_1_298' title='bbox 519 3861 583 3933; x_wconf 69' lang='lat' dir='ltr'>Try·</span> <span class='ocrx_word' id='word_1_299' title='bbox 630 3859 810 3914; x_wconf 74' lang='lat' dir='ltr'>deminabitur</span> <span class='ocrx_word' id='word_1_300' title='bbox 826 3861 885 3913; x_wconf 85' lang='lat' dir='ltr'>oris.</span> <span class='ocrx_word' id='word_1_301' title='bbox 903 3857 971 3910; x_wconf 78' lang='lat' dir='ltr'>Add.</span> <span class='ocrx_word' id='word_1_302' title='bbox 985 3854 1073 3908; x_wconf 70' lang='lat' dir='ltr'>schol.</span> <span class='ocrx_word' id='word_1_303' title='bbox 1092 3848 1127 3902; x_wconf 89' lang='lat' dir='ltr'>ad</span> 
     </span>
     <span class='ocr_line' id='line_1_36' title="bbox 78 3937 827 4022; baseline 0 -31"><span class='ocrx_word' id='word_1_304' title='bbox 78 3937 273 4022; x_wconf 71' lang='lat' dir='ltr'>phiedorum:</span> <span class='ocrx_word' id='word_1_305' title='bbox 295 3941 342 3992; x_wconf 88' lang='lat' dir='ltr'>ubi</span> <span class='ocrx_word' id='word_1_306' title='bbox 367 3959 393 3992; x_wconf 87' lang='lat' dir='ltr'>v.</span> <span class='ocrx_word' id='word_1_307' title='bbox 417 3939 469 3996; x_wconf 76' lang='lat'>650</span> <span class='ocrx_word' id='word_1_308' title='bbox 492 3943 581 4002; x_wconf 70' lang='lat' dir='ltr'>Venus</span> <span class='ocrx_word' id='word_1_309' title='bbox 630 3939 706 3998; x_wconf 85' lang='lat' dir='ltr'>Iliad,</span> <span class='ocrx_word' id='word_1_310' title='bbox 719 3948 754 4004; x_wconf 71' lang='grc' dir='ltr'>τ’,</span> <span class='ocrx_word' id='word_1_311' title='bbox 768 3939 827 3995; x_wconf 82' lang='grc'><strong>306.</strong></span> 
     </span>
    </p>
   </div>
   <div class='ocr_carea' id='block_1_9' title="bbox 0 0 1352 4574">
    <p class='ocr_par' dir='ltr' id='par_1_10' title="bbox 0 0 1352 4574">
     <span class='ocr_line' id='line_1_37' title="bbox 0 0 1352 4574; baseline 0 2"><span class='ocrx_word' id='word_1_312' title='bbox 0 0 1352 4574; x_wconf 95' lang='lat' dir='ltr'> </span> 
     </span>
    </p>
   </div>
  </div>
 </body>
</html>
