2742 4586
426 299 487 369 ln
509 302 706 370 LIBRUM
726 298 752 368 l.
913 299 917 306 ’
1040 303 1096 369 185

73 423 183 499 lapsos,
200 439 263 491 aut,
282 425 423 498 Pylaemene
444 426 526 491 duce,
543 429 570 478 in
580 427 719 479 Thraciam
735 445 762 479 se
778 427 922 498 recepisse,
944 435 1021 497 atque
1037 427 1099 480 inde
1123 460 1125 470 ι

75 508 190 560 errando
202 508 307 578 longius
319 507 477 576 processisse
498 507 614 560 dicerent
627 507 676 576 (cf.
698 507 781 578 Strab.
805 509 822 559 l.
845 527 867 559 c.
882 519 908 560 et
929 508 1046 558 Eustath.
1065 507 1101 559 ad

75 587 185 658 Dionys.
198 586 266 654 378,
286 586 331 653 qui
343 583 497 636 Strabonem
510 589 667 658 exscripsit).
680 587 763 640 Aside
775 599 950 640 commentum
967 588 1101 655 arripuere

74 665 189 716 Romani
207 663 363 732 scriptores,
380 665 425 732 qui
445 664 605 717 Antenorem
623 684 682 716 cum
694 667 776 720 AEnea
795 676 1000 736 compararunt:
1017 667 1044 715 in
1059 663 1101 713 his

75 746 132 812 ipse
144 745 202 794 Liv.
215 744 240 806 1,
257 758 267 791 1
286 755 312 793 ct
324 743 379 810 jam
391 743 494 814 Nepos,
515 755 580 797 teste
597 744 680 795 Plinio
692 747 768 810 v1,2
781 757 807 798 et
823 745 884 797 inde
904 743 993 795 Solino
1008 762 1031 794 c.
1049 741 1101 808 44,

75 823 205 873 Catonern
226 823 295 873 sorte
311 835 456 892 sequutus,
476 823 580 892 quidem
599 839 769 893 narraverat,
783 837 814 877 ut
834 845 848 878 e
865 825 948 876 Plinio
961 824 1101 894 ldiscimus

75 902 125 965 lll,
141 919 181 970 19.
194 919 215 952 s.
230 903 262 953 23
271 900 456 953 Antenoriden
469 906 610 974 scripserat
627 907 740 977 Largus,
751 907 848 959 Ovidio
858 905 964 976 aqualis
976 905 1018 954 IV.
1032 920 1063 954 ex
1074 903 1101 951 P.

80 982 125 1045 ιδ,
141 997 171 1049 17
184 981 341 1052 Ingeniique
349 981 390 1034 sui
400 983 483 1035 dictus
493 986 645 1056 copnomirte
656 987 770 1058 Larpus,
789 986 891 1039 Gallica
900 986 947 1058 qui
958 983 1105 1054 Phrypium

77 1060 154 1110 duxit
168 1060 197 1110 in
208 1079 272 1110 arua
282 1079 374 1112 senens¹
395 1080 472 1131 quem
488 1063 583 1114 AEliunt
602 1065 716 1136 Largum
728 1085 770 1136 ap.
787 1068 864 1117 Dion.
886 1065 942 1115 Llll
959 1078 1015 1117 esse
1028 1072 1104 1114 acute

78 1141 228 1210 suspicatur
239 1140 405 1191 Wernsdorf.
424 1143 454 1190 V.
468 1140 496 1192 C.
510 1141 544 1194 ad
556 1145 628 1194 Poet.
641 1146 704 1196 min.
716 1147 746 1197 T.
760 1147 804 1209 lV,
816 1163 875 1215 pag.
890 1142 948 1195 582.
993 1191 996 1204 ,

111 1216 221 1269 Servata
245 1231 305 1269 sunt
327 1218 454 1272 nonnulla
473 1239 505 1271 ex
525 1224 717 1292 antiquioribus
730 1227 757 1274 in
780 1234 921 1294 personato
943 1216 1052 1271 Messala
1073 1215 1105 1266 de

75 1291 189 1366 ¹Auqrrsti
198 1296 323 1366 progenie
336 1315 358 1346 c.
375 1313 405 1364 19
416 1295 535 1348 Antenor
542 1318 573 1350 ex
589 1301 665 1352 Ionio
682 1319 783 1373 equore
794 1304 829 1354 ad
843 1303 973 1353 dexteram
981 1297 1103 1372 flectens,

79 1373 146 1426 inter
155 1373 350 1443 Dyrrhachium
362 1386 388 1425 et
397 1376 582 1442 Brundisium,
592 1397 641 1447 per
650 1378 783 1431 latissimas
792 1379 877 1448 superi
888 1376 997 1448 equoris
1000 1374 1104 1443 fauces,

77 1453 113 1504 od
133 1453 333 1523 septentrionem
356 1471 507 1519 conuersus,
532 1454 593 1506 hinc
620 1456 756 1509 Dalmatas
776 1456 913 1526 linquens,
932 1451 1051 1522 Illyricos
1075 1467 1106 1500 ac

78 1529 221 1595 liburnos,
247 1530 321 1583 illinc
341 1530 441 1601 Apulos
463 1543 541 1604 atque
567 1534 713 1599 Picenum,
737 1535 772 1585 ad
787 1541 867 1603 caput
883 1529 1010 1582 Adriatici
1028 1527 1107 1577 maris

78 1627 181 1661 camum
194 1613 293 1673 tenuit,·
307 1622 347 1677 et,
362 1610 450 1664 relicto
466 1629 568 1684 (equore
577 1652 585 1678 ,
608 1615 711 1665 adverso
723 1613 860 1689 flumine,
881 1611 952 1682 quod
972 1606 1103 1660 Brentesio

79 1690 175 1740 dicitur
201 1691 260 1762 (),
287 1709 387 1744 sursum
403 1693 576 1758 contendens,
599 1705 665 1746 terra
685 1694 803 1766 potitus,
825 1692 907 1744 sedem
931 1690 981 1743 sibi
1004 1687 1108 1757 suisque
1165 1739 1168 1748 ,

79 1771 170 1844 clepit,
185 1771 372 1844 etexpuqnatis
383 1773 532 1844 Euqaneis,
543 1775 591 1844 qui
603 1785 697 1824 tumea
713 1772 857 1826 incolebant
874 1769 947 1834 loca,
966 1766 1109 1819 Patauium

79 1852 204 1902 condidit.
223 1854 248 1903 Is
260 1853 329 1904 inter
346 1863 439 1903 ceteros
450 1853 571 1919 comites,
583 1855 726 1914 Enetorum
738 1851 933 1904 multitudinem
946 1864 1108 1902 numerosam

79 1951 163 1984 secum
175 1933 285 1984 duxerat
290 1955 299 1993 ;
313 1933 360 2003 qui
372 1932 556 2005 Paphlaqonia
568 1935 634 1999 orti,
646 1936 734 2006 patria
749 1932 835 2005 pulsi,
850 1930 935 1984 exules
943 1931 979 1982 ad
991 1930 1106 1998 Troiam,

78 2030 135 2084 quoe
158 2011 226 2064 bello
247 2023 302 2063 tum
323 2011 469 2078 laborabat,
488 2027 666 2068 concesserant.
688 2016 727 2066 Hi
746 2016 773 2066 in
793 2015 913 2086 proxima
925 2009 1106 2082 finitimorum

78 2091 177 2160 praedia
189 2089 265 2162 lonqe
279 2088 382 2163 lateque
393 2092 507 2163 diffusi,
527 2095 590 2165 quia
605 2093 775 2145 multitudine
790 2103 883 2144 cuncta
900 2087 1107 2160 compleuerant,

80 2187 146 2220 exse
161 2169 282 2240 pentibus
300 2187 394 2220 nomen
412 2170 518 2234 dedere,
540 2182 566 2221 et
584 2173 698 2225 Venetia
721 2170 790 2242 regio
806 2171 882 2221 dicta.
902 2170 941 2219 De
959 2166 1007 2216 hoc
1027 2163 1115 2213 Ante*

77 2248 147 2300 noris
169 2249 282 2300 adventu
301 2249 336 2300 sic
358 2249 479 2302 meminit
503 2251 649 2323 Virqilius:
670 2253 787 2304 Antenor
811 2251 898 2322 potuit
919 2260 967 2300 etc.
984 2244 1107 2314 Sequitur

79 2325 140 2377 inde
154 2325 227 2396 apud
238 2326 309 2379 bunc
321 2327 475 2398 scriptorem
485 2331 580 2382 mirum
592 2349 703 2382 acumen
712 2348 791 2399 super
802 2346 879 2380 versu
895 2349 900 2378 ι
915 2339 1040 2395 annaque
1043 2319 1109 2393 fixit

81 2406 160 2455 Troia
170 2427 180 2466 ,·
193 2405 336 2475 alloquitur
351 2410 557 2478 Imperatorem,
580 2411 641 2480 qui,
662 2409 794 2480 quodnam
813 2406 912 2478 insiqns
932 2400 1032 2455 vexillis
1050 2399 1108 2450 An-

79 2483 164 2534 tenori
182 2494 209 2533 ct
221 2486 311 2536 AEneoe
321 2486 433 2555 fuisset,
455 2487 637 2550 dubitaverat;
657 2498 795 2559 acceperat
810 2489 899 2556 itaque
915 2484 959 2536 ille
981 2500 1055 2533 arma
1075 2479 1109 2530 de

77 2563 192 2614 vexillo:
206 2565 369 2617 tolerabilius
382 2568 466 2632 foret,
479 2570 502 2621 si
517 2567 610 2621 saltem
626 2568 659 2621 de
670 2569 818 2640 insignibus
830 2566 909 2636 clipei
920 2562 1106 2620 intellexissem

78 2642 127 2696 etsi
151 2654 178 2694 et
200 2642 252 2694 hoc
278 2644 398 2698 absurde.
427 2647 578 2717 Respondet
600 2649 731 2716 scriptor,
755 2663 888 2697 armorum
904 2642 1004 2713 insigne
1027 2640 1109 2690 fuisse

78 2721 210 2782 scrofam
231 2722 309 2792 Troja
325 2742 439 2796 namque
450 2724 528 2798 vulgo
545 2725 637 2777 Italiae
645 2726 789 2796 latineque
800 2722 885 2791 scrofa
896 2717 937 2771 vel
947 2737 987 2771 sus
1003 2717 1107 2768 dicitur.

76 2799 151 2865 Quid
163 2803 313 2871 expectabis
326 2804 360 2856 ab
371 2803 537 2872 hominibus,
550 2809 595 2878 qui
610 2810 637 2858 in
651 2821 790 2877 poetarum
802 2805 914 2856 lectione
927 2800 1041 2870 argutias
1054 2809 1109 2846 tam

77 2898 160 2932 vanas
182 2884 343 2952 captabant?
360 2885 482 2939 Ceterum
502 2887 535 2942 de
555 2889 688 2940 Antenore
713 2887 813 2938 Patavii
836 2882 939 2954 sepulto
962 2889 1036 2929 vetus
1056 2876 1108 2925 fuit

78 2962 188 3030 opinio;
202 2976 228 3014 et
245 2962 377 3016 detectum
390 2967 569 3020 Antenoreum
581 2968 730 3039 sepulcrum
748 2986 770 3018 a.
788 2966 869 3034 1274,
890 2966 957 3014 inter
976 2956 1108 3010 recentio-

78 3058 120 3090 res
142 3041 250 3094 fabulas
269 3047 332 3094 satis
352 3045 460 3117 vulgata
476 3059 522 3099 est.
545 3065 568 3097 v.
590 3049 693 3118 Pignor.
715 3048 743 3096 in
764 3045 859 3096 Anten.
881 3061 903 3092 c.
926 3040 950 3090 8.
970 3039 1056 3088 Ursat.
1080 3033 1108 3082 in

78 3119 197 3172 Monum.
221 3123 311 3175 Patav.
332 3126 376 3177 lib.
399 3128 418 3176 1.
441 3145 461 3176 s.
487 3144 526 3177 ιο.
548 3125 666 3179 Accessit
686 3124 867 3196 epitaphium,
891 3118 962 3190 quod
983 3118 1108 3180 insertum

80 3217 187 3270 quoque
201 3201 296 3274 legitur
312 3205 409 3257 Anthol
438 3208 494 3258 Lat.
513 3206 559 3258 lib.
574 3208 594 3256 l.
608 3226 649 3276 ep.
666 3221 723 3270 ιιι,
742 3204 789 3255 uhi
805 3221 829 3254 v.
844 3203 984 3252 Burmann.

528 3384 665 3397 ——nn-

339 3506 702 3596 EXCURSUS
737 3507 846 3593 VII.

429 3681 484 3745 ne
505 3679 761 3770 semustam.

112 3840 237 3910 Sequitur
248 3856 320 3889 nunc
331 3839 382 3909 244
434 3840 494 3901 asu„
514 3857 578 3895 oeus
588 3858 620 3893 oo
630 3840 739 3892 Timavo
751 3863 756 3892 :
765 3838 868 3909 fontem
878 3849 997 3906 superare
1009 3829 1110 3884 Timavi

107 4011 115 4068 t.
121 4012 140 4069 ι)
152 4009 282 4054 Meduacus
293 4008 372 4070 major.
