2694 4574
385 246 449 309 DE
473 246 668 324 RERUM,
693 265 774 310 ure.
1061 251 1102 335 49
1182 239 1185 246 ’

55 384 202 436 censeret
216 369 304 452 (Cic.
319 366 362 432 de
377 369 485 432 Divin.
504 372 518 432 l
531 373 599 458 pr.)
612 372 666 454 (r.)
683 370 838 458 Inprimis
851 393 930 434 vero
947 371 981 434 in
997 369 1100 436 dedu-

56 475 167 542 cendis
186 475 327 542 coloniis
346 498 473 540 summa
490 477 700 540 oraculorum
715 477 1012 566 vaticiniorumque
1027 499 1102 542 auc·

56 584 166 647 toritas
177 599 263 661 erat3
275 581 367 670 quod
380 583 457 646 satis
470 583 520 646 vel
536 605 575 645 ex
584 606 652 646 uno
663 582 837 647 Herodoto
848 601 984 648 constat.
996 584 1103 666 (conf.

57 687 119 752 Cic.
142 689 164 751 l.
186 710 263 784 erc.
276 689 300 749 -l
321 689 364 771 f.)
385 691 437 772 (2).
459 687 510 752 Ad
532 687 627 752 sedes
649 689 760 779 itaque
782 688 933 778 Trojanis
956 690 990 751 in
1014 689 1106 752 ltalia
1195 761 1200 768 ¹

57 793 321 872 constituendas,
339 793 479 858 oraculis
493 811 526 857 et
537 795 698 859 vaticiniis
714 793 797 858 nihil
811 795 916 860 videri
927 795 1043 860 debuit
1052 819 1105 862 ac·

58 899 308 964 commodatius.
325 902 425 964 Poeta
441 916 530 964 certe
546 901 676 987 egregie
691 899 777 966 hanc
791 917 940 966 veterum
955 901 1107 989 supersti-

59 1007 195 1084 tionem,
212 1028 273 1070 seu
287 1006 483 1093 religionem
503 1022 553 1070 est
571 1007 755 1094 amplexus,
774 1006 1005 1096 majorumque
1020 1007 1108 1070 fama

60 1127 89 1174 et
108 1110 324 1175 historiarum
345 1110 412 1174 fide
433 1112 467 1174 in
488 1111 641 1201 Trojanis
661 1113 728 1178 suis
748 1135 788 1177 eo
807 1135 886 1177 usus
906 1129 968 1192 est,
992 1129 1028 1176 ut
1047 1135 1108 1200 per
1167 1163 1169 1167 .

61 1217 201 1280 latorum
214 1217 347 1282 decreta
361 1241 399 1282 ac
414 1217 555 1282 deorum
569 1219 793 1283 interventum
806 1219 916 1282 omnia
928 1217 969 1281 ab
983 1241 1023 1283 eo
1036 1241 1108 1282 nar·

61 1340 123 1387 rata
134 1322 369 1412 procederent.
384 1323 467 1387 lnde
480 1327 550 1387 AEn.
564 1325 608 1404 X,
627 1325 667 1389 33
682 1327 733 1388 siu
747 1340 794 1388 tot
804 1345 959 1411 responsa
969 1327 1109 1414 sequuti,

62 1426 142 1513 Quoe
160 1433 274 1516 superi
290 1431 473 1519 Manesque
492 1423 635 1494 dabant
650 1432 725 1495 Fuit
745 1432 779 1494 in
796 1428 847 1495 his
863 1431 952 1495 idem
967 1429 1050 1494 illud
1065 1429 1107 1492 de

60 1536 208 1601 Anchisae
219 1537 338 1624 stirpe,
355 1536 447 1625 quod
457 1539 624 1608 Venerem
637 1553 810 1625 sequutum
822 1560 903 1616 esse,
920 1560 992 1624 sup.
1007 1558 1031 1599 s.
1047 1537 1106 1598 lll.

60 1666 96 1705 ex
109 1644 264 1707 Acusilao
279 1641 423 1707 vidimus
437 1642 607 1707 traditum.
623 1645 731 1708 Etiam
746 1642 908 1732 Apollinis
921 1641 1058 1731 Grynei,
1076 1658 1118 1731 et

60 1750 163 1837 Lyciae
170 1767 293 1829 sortes,
305 1749 425 1838 quihus
435 1750 562 1814 ltaliam
572 1773 721 1839 quaerere
728 1773 740 1839 1
746 1739 840 1814 ussus
852 1767 934 1829 erat,
945 1765 1108 1816 memorat

60 1857 172 1920 AEneas
185 1855 277 1944 apud
288 1855 454 1920 Didonem
464 1856 520 1919 lib.
536 1858 591 1934 IV,
605 1856 678 1938 345.
694 1856 768 1938 346.
784 1854 860 1920 add.
874 1859 936 1937 vl,
953 1856 1106 1944 59-61.

59 1963 115 2043 (At
128 1961 222 2050 quod
238 1964 271 2024 in
288 1962 415 2050 Cypriis
429 1962 471 2025 ab
487 1962 617 2026 Heleno
630 1963 664 2024 in
679 1963 805 2028 Paridis
820 1964 1028 2051 profectione
1041 1962 1110 2026 edi·
1177 1949 1185 1956 ”
1240 2045 1244 2052 .

59 2084 126 2130 tum
138 2068 333 2133 vaticinium
343 2091 362 2131 a
373 2069 490 2132 Proclo
502 2083 719 2147 memoratur,
733 2068 775 2133 ad
785 2069 865 2132 belli
875 2069 1012 2156 Trojani
1023 2067 1109 2131 mala

59 2173 380 2260 spectavit.)Callide
390 2173 550 2238 autemab
562 2173 712 2238 obscuris
725 2191 757 2236 et
770 2174 902 2237 incertis
915 2171 957 2236 ad
970 2173 1110 2237 certiora

59 2280 386 2369 magisquetdelinita
406 2301 601 2369 progressus
624 2277 774 2344 discendi
796 2278 1012 2366 cupiditatem
1031 2277 1109 2341 sub-

59 2388 135 2453 inde
153 2391 249 2454 novis
265 2390 406 2460 stimulis
421 2388 579 2454 incendit.
596 2389 667 2452 Etsi
679 2388 768 2452 enim
783 2387 966 2458 Cassandra
981 2386 1109 2452 dudum

58 2495 291 2580 profectionem
312 2499 346 2559 in
365 2494 505 2560 [talium
524 2494 738 2584 praedixerat;
763 2495 887 2560 factum
907 2511 1019 2561 tamen
1040 2509 1110 2557 erat

61 2599 263 2684 obscure(in
271 2600 484 2688 Hesperium,
494 2608 614 2665 terram
624 2600 769 2690 aliquam
777 2600 985 2665 occidentem
995 2620 1109 2664 versus

61 2707 176 2792 sitam)
197 2724 231 2770 et
247 2707 288 2771 ab
309 2731 346 2771 ea
365 2724 452 2788 vate,
476 2708 530 2773 cui
547 2731 646 2771 nemo
662 2706 763 2774 fidem
778 2706 936 2774 haberet:
953 2711 1024 2771 AEn.
1041 2707 1107 2785 111,

67 2811 120 2876 183
134 2835 225 2901 sqq„
246 2811 304 2876 ubi
321 2812 501 2878 Anchises:
521 2809 601 2880 Sola
620 2812 704 2876 miti
721 2814 797 2877 talis
810 2837 905 2878 casus
920 2811 1110 2878 Cassandra

60 2919 221 3012 canebat:
233 2919 274 2983 N
270 2944 331 2984 une
343 2936 465 3006 repeto,
475 2919 545 2986 lzoec
552 2924 667 3010 generi
670 2919 864 3006 portendere
870 2919 982 2985 debita
990 2935 1111 2994 nostro,

61 3023 107 3088 Et
121 3049 210 3112 soepe
230 3024 449 3112 Hesperium,
469 3051 556 3114 sccpe
576 3026 669 3096 Itala
689 3051 790 3117 regnu
807 3049 937 3092 vocare.
959 3023 1028 3092 Sed
1039 3029 1111 3115 quis

60 3128 106 3194 od
121 3131 296 3218 Hesperiae
312 3148 465 3214 venturos
483 3135 579 3198 litora
599 3133 739 3198 Teucros
754 3131 925 3207 Crederet,
944 3148 1004 3198 aut
1015 3155 1111 3221 quem

32 3241 36 3246 ’
61 3251 128 3300 mm
140 3255 238 3302 vates
249 3237 442 3306 Cassandra
453 3241 614 3306 moveret?
627 3256 660 3304 et
671 3239 885 3328 ignorabatur
895 3239 976 3303 situs
990 3239 1090 3304 ltaliae
1103 3262 1110 3301 :

61 3363 136 3409 suut
149 3347 272 3410 Heleni
286 3346 388 3412 verba
403 3349 468 3429 ΙΙΙ,
491 3350 550 3414 381
568 3373 574 3412 :
595 3345 762 3434 Pn'ncipzo
779 3347 938 3422 Italiam,
954 3371 1053 3437 quam
1077 3363 1113 3410 tu

55 3452 128 3533 jam
139 3474 209 3515 rere
219 3456 460 3543 propinquam,
478 3455 692 3545 Vicinosque,
706 3459 838 3544 t'gnare,
845 3477 949 3540 paras
958 3452 1113 3520 invadere
1182 3507 1184 3512 .

58 3572 186 3639 portus,
200 3557 318 3649 Longa
331 3562 448 3646 procul
466 3562 568 3652 longis
585 3564 645 3626 via
660 3559 779 3626 dividit
795 3562 885 3626 ιἠνία
901 3563 1002 3626 terris.
1023 3559 1111 3637 conf.

95 3732 134 3806 (1)
145 3734 240 3807 [Nunc
258 3735 291 3788 de
307 3755 340 3789 eo
355 3729 506 3802 accuratius
518 3758 565 3790 ac·
610 3739 663 3811 qiis
674 3749 699 3790 et
710 3738 830 3803 monstris
844 3737 934 3811 1784]

61 3824 116 3863 tum
125 3817 152 3868 in
164 3817 270 3869 Prolus.
281 3819 301 3868 Ι.
313 3819 345 3869 ll.
356 3819 564 3870 Historioenatu·
649 3816 688 3890 (a)
706 3817 717 3892 [
732 3819 809 3871 Conf.
831 3819 931 3891 Opusc·
953 3817 984 3868 T·
1006 3820 1034 3883 l,
1052 3835 1112 3888 1¹³3·

62 3893 287 3972 rulisfruqmentu
300 3900 465 3966 exsistentis,
476 3899 564 3972 prodi·
614 3899 674 3954 315.
689 3899 769 3974 316.]

130 4005 157 4039 111
588 4051 590 4058 Ι
920 3988 1024 4052 As
