2742 4586
427 326 489 389 sn
512 309 712 388 rinnon
735 325 762 386 1.
1053 347 1109 412 ¹97

73 451 192 506 divinam
202 452 319 523 speciem
333 467 349 499 a
361 458 435 519 tergo
448 446 599 500 ostendunt.
620 446 661 498 Sic
681 445 779 516 Apollo
796 446 823 496 in
837 445 907 496 Butae
922 445 1034 496 formam
1050 447 1115 496 con·

75 550 167 586 versus
192 554 198 581 ι
219 526 345 580 Mortales
364 526 450 576 medio
471 526 603 596 adspectus
625 541 741 576 sermone
762 522 890 595 reliquit,
912 523 948 572 Et
971 521 1065 592 procul
1087 522 1117 573 iu

73 621 221 666 uouemere
233 606 316 680 oculis
327 605 436 658 evanuit
454 623 556 656 auram.
574 603 726 676 Adpnocere
745 603 822 654 deum
840 619 956 674 proceres
974 601 1117 672 diatimque

75 687 125 740 tela
137 689 314 751 Dardanide,
333 684 538 757 pharetramque
551 683 622 756 fuqa
635 702 734 735 sensere
753 693 888 736 sonantem
896 719 907 746 ,
921 683 978 732 AEu.
991 681 1045 743 III,
1063 679 1114 748 657

73 785 112 839 sq.
126 767 279 838 Apollinem
287 764 332 816 hic
341 763 415 816 vides
423 764 450 814 in
459 781 547 815 aerem
556 762 704 824 sublatum
718 779 779 814 cum
789 761 854 814 alibi
865 761 937 813 nube
948 760 990 812 vel
1003 759 1116 811 obscura

76 847 189 919 caligine
209 846 347 898 involvant
363 842 571 916 sedii,'quippe
583 845 629 913 qui
646 845 770 908 omnino,
790 854 820 893 ut
831 843 908 893 invisi
920 842 986 905 sint,
997 839 1068 890 nube
1088 855 1116 888 se

75 929 219 998 operiant,
235 938 315 996 atque
330 942 376 976 eos
396 942 521 995 quoque,
540 941 608 995 quos
630 921 778 974 subducere
794 921 837 974 vel
854 918 989 972 occultare
1007 917 1118 982 volunt,
1180 911 1184 920 '

75 1006 147 1058 nube
169 1005 369 1068 obducant,-ut
386 1006 466 1055 toties
484 1021 528 1074 ap.
547 1005 692 1054 Homerum
705 1000 741 1051 fit.
760 999 812 1054 Sed
828 999 886 1052 aliis
906 992 972 1052 locis
991 997 1119 1050 abeuntes

76 1086 140 1139 deos
153 1085 274 1138 declarat
283 1085 402 1136 incessus
415 1083 479 1136 levis
493 1082 624 1148 uocales,
636 1094 662 1134 et
673 1081 774 1134 volanti
786 1081 892 1146 similis,
908 1092 938 1131 ut
950 1080 993 1130 vix
1005 1074 1120 1148 pedibus

76 1179 174 1218 terram
191 1165 338 1234 attingant;
361 1161 448 1233 qualis
470 1163 579 1214 omnino
599 1162 711 1214 deorum
729 1162 847 1212 incessus
867 1175 923 1211 esse
945 1159 1047 1218 fertur,
1068 1151 1119 1204 ιὸπι

75 1244 158 1311 χθόνιε
167 1239 264 1312 μάρπτι
286 1238 413 1314 πόδεσσιν,
433 1241 510 1294 Iliad.
523 1242 556 1308 ξ,
576 1242 635 1294 228.
660 1242 694 1292 cl.
710 1241 770 1307 284.
789 1239 821 1304 5,
841 1237 922 1290 modo
939 1235 1019 1289 stellae
1040 1235 1120 1286 fatum

77 1326 182 1380 cadenti
196 1323 271 1375 Iliad.
285 1325 315 1383 t,
334 1323 388 1394 75,
409 1321 490 1373 modo
509 1322 655 1386 columbae,
675 1321 756 1372 rnodo
773 1321 906 1392 accipitris
924 1317 1026 1369 volatui
1047 1331 1119 1365 com-

74 1415 194 1476 paratus.
214 1401 300 1452 Notus
318 1400 393 1452 locus
413 1401 489 1453 Iliad.
503 1420 527 1467 s,
543 1401 593 1472 778
613 1397 641 1450 Al
658 1396 683 1451 dl
696 1397 772 1462 βιίπεν
786 1396 882 1468 σρνῖρενσι
895 1390 1011 1448 πελειάσιν
1025 1387 1119 1456 ἴθμαθ’

75 1483 160 1550 ipsias.
180 1483 277 1552 Harpae
300 1482 398 1545 etiam,
421 1499 479 1550 quae
499 1499 530 1532 ex
547 1480 697 1550 aquilarum
715 1499 813 1552 genere
835 1491 893 1542 est,
910 1469 1120 1528 Minerva-caelo

75 1560 240 1616 descendeus
264 1559 433 1614 assimulatur
454 1558 530 1611 Iliad.
553 1579 586 1617 r,
609 1558 669 1611 350.
698 1576 727 1620 1,
749 1571 775 1611 et
802 1558 942 1626 Neptunus
967 1547 1120 1604 Calchantis

75 1644 171 1698 habitu
182 1640 299 1694 Achivos
314 1639 349 1693 ad
364 1657 483 1713 pugnam
500 1637 658 1692 adhortatus
676 1637 752 1690 Iliad.
768 1659 793 1699 ν,
811 1637 844 1689 62
858 1654 915 1706 sqq.
937 1627 1050 1686 Airlr'd'
1065 1623 1121 1678 ὅστ’

76 1719 281 1792 infamemque
293 1711 350 1788 εἶμεν
360 1715 480 1770 anicheti
492 1729 541 1770 etc.
554 1730 581 1770 et
592 1717 699 1786 subjicit
709 1717 793 1786 Ajax:
806 1735 860 1767 non
873 1714 917 1766 hic
930 1713 982 1764 fuit
992 1704 1122 1760 Calchas:

75 1789 153 1868 ἸῙχνιιι
165 1809 213 1870 γὰρ
221 1795 356 1865 μετόπισθε
369 1797 445 1850 aare·
460 1793 500 1850 stt
512 1792 617 1862 νινεμιίινν
625 1795 679 1846 ‘Psi’
697 1794 765 1860 ἔμνειν
775 1790 881 1847 ἐπιόντος
891 1788 963 1859 (levi
974 1786 1075 1839 scilicet
1095 1791 1124 1836 ct

77 1901 206 1954 suspenso
224 1878 339 1954 gressu).
358 1872 514 1954 iplyraantl
529 1877 584 1928 θεοί
592 1896 643 1945 περ.
656 1875 691 1929 At
707 1878 735 1927 in
753 1873 847 1946 Odyss.
867 1893 902 1937 a,
915 1867 1122 1938 sunnonem,

77 1980 137 2015 cum
150 1963 201 2014 sub
218 1961 314 2012 Mentae
325 1977 442 2030 persona
461 1955 615 2010 Telemachi
634 1957 751 2013 animum
768 1953 910 2016 erexisset,
928 1941 1025 2007 ιίπᾶβν,
1045 1940 1123 2010 Ὀρνεε

77 2041 102 2091 t'
115 2040 145 2097 a'r
164 2038 270 2094 ἐνόπιιιιι
287 2034 419 2099 ὂιίππιεπι,
442 2049 468 2088 et
484 2035 578 2110 Odyss.
598 2055 634 2100 γ,
656 2034 715 2105 371.
737 2049 751 2084 2
775 2031 869 2085 eadem
889 2026 962 2100 apud
982 2025 1124 2094 Nestorem

78 2113 157 2180 ιὶπὸβν
171 2115 229 2188 θείνῃ
249 2113 362 2182 altanim-
382 2113 479 2182 θαμβιι
492 2113 517 2164 l'
530 2113 567 2166 lm
582 2110 674 2168 πιίνπιιε
687 2107 784 2166 iliram.
804 2111 872 2161 Hinc
882 2106 921 2175 [et
938 2099 1064 2154 Mercurii
1075 2113 1123 2146 vo-

76 2198 147 2252 latus
158 2217 240 2270 super
257 2216 330 2250 mare
344 2196 374 2249 fit
387 2195 508 2248 radendo
529 2195 597 2246 mari
617 2193 687 2245 :Od
703 2211 728 2252 ε,
751 2189 793 2244 51.
811 2186 944 2258 Serpentis
962 2181 1067 2250 lapsum
1082 2192 1123 2236 ⁴ac

78 2290 194 2331 tractum
210 2295 342 2347 nusquam
362 2295 378 2328 a
391 2276 482 2346 poetis.
497 2273 595 2325 Gracia
609 2271 665 2324 ridi
683 2269 795 2321 deorum
813 2263 928 2318 incessui
949 2254 1097 2312 assimulari
1114 2273 1122 2302 ι

78 2355 139 2409 vide
158 2369 248 2414 tamen
266 2355 360 2426 Spenc.
379 2351 457 2406 adh.
477 2351 495 2402 l.
516 2350 654 2424 Singulare
674 2361 714 2401 est
729 2348 777 2399 inf.
792 2346 847 2409 lx,
862 2339 902 2395 15.
919 2356 965 2410 19,
981 2331 1054 2407 quod
1073 2330 1122 2382 llis

80 2457 144 2492 arcu
157 2450 184 2489 et
198 2454 291 2490 sereno
307 2435 375 2489 coelo
393 2433 539 2485 discessum
552 2449 630 2482 suum
651 2428 801 2482 mirabilem
812 2426 886 2478 lacit.

114 2517 183 2570 Cum
194 2516 238 2569 dei
255 2515 373 2581 decessu
393 2514 565 2581 conjunctum
579 2508 714 2562 interdum
734 2504 818 2570 illud,
839 2514 869 2553 ut
889 2509 984 2570 praeter
999 2504 1123 2548 naturam

81 2619 149 2654 mira
159 2597 250 2668 aliqua
260 2599 288 2648 vi
298 2593 370 2648 affici
381 2595 479 2645 sentiat
488 2591 569 2644 modo
585 2591 715 2652 animum,
728 2585 809 2638 modo
830 2597 941 2652 corpus,
956 2573 1051 2645 is,qui
1063 2587 1124 2622 cum

81 2684 133 2736 deo
153 2681 181 2731 iu
194 2676 333 2730 mortalem
355 2685 457 2726 mutato
475 2683 573 2744 egerat.
595 2670 637 2721 Sic
658 2673 900 2738 supramemorato
920 2660 983 2710 loco
1000 2651 1075 2706 Iliad.
1097 2669 1125 2712 ν,

81 2765 115 2819 62
128 2780 168 2833 sq.
191 2761 359 2829 Neptunum,
381 2756 426 2823 qui
440 2751 592 2806 Calchantis
611 2767 754 2820 personam
767 2745 907 2806 induerat,
921 2735 1041 2810 agnoscit
1058 2729 1127 2798 Ajai

82 2857 210 2902 manuum
221 2835 373 2908 pedumque
389 2830 496 2883 insolito
508 2833 618 2902 rigore,
632 2820 781 2898 viriumque
798 2823 962 2884 refectione,
979 2832 1004 2864 v·
1021 2811 1063 2880 74·
1072 2806 1126 2877 '75⁷
1208 2860 1211 2867 ,

82 2933 108 2972 et
127 2919 250 2990 tetigerat
264 2931 325 2969 eum
343 2910 408 2962 deus
421 2909 559 2961 discedens
578 2919 683 2977 sceptro
703 2923 761 2956 suo.
778 2904 898 2953 Imitatus
909 2897 962 2948 hoc
976 2903 1016 2945 est
1030 2889 1123 2955 Quint.

83 2998 139 3051 Cal.
159 2997 210 3061 XI,
228 2991 391 3068 142-144.
407 2989 488 3041 Aliud
505 2988 655 3058 exemplum
671 2985 755 3038 habes
773 2981 849 3034 Iliad.
863 2975 894 3044 a,
911 2978 953 3030 Bt.
977 2986 1025 3022 rto
1042 2963 1127 3036 Apol-

83 3079 146 3133 linis
156 3079 267 3130 AEneam
286 3073 465 3128 restituentis:
475 3069 516 3125 ‘sn
528 3064 595 3120 tiaris
609 3067 720 3132 ἔμπνευσε
730 3062 797 3130 με’νις
810 3057 879 3126 luipo
896 3051 985 3122 πινμίνν
1000 3047 1080 3111 tacit,
1099 3057 1128 3098 et

83 3158 179 3231 Odyss.
193 3175 224 3221 a,
242 3155 298 3207 320.
312 3155 434 3204 Minerva
451 3149 590 3204 discedens
606 3144 766 3198 Telemacho
780 3160 835 3194 non
847 3138 927 3193 modo
939 3138 1060 3194 incessu,
1078 3125 1127 3178 sed

84 3253 110 3295 et
123 3258 156 3294 ex
165 3257 197 3291 eo
209 3236 351 3290 manifesta
368 3231 417 3285 fit:
434 3231 469 3298 σᾷ
488 3229 513 3279 θ’
527 3226 560 3283 s’ri
578 3229 651 3294 θυμᾷ
663 3227 724 3277 Orias
738 3221 805 3288 μεἰνι
817 3219 857 3272 sel
868 3215 965 3288 θάρσος·
982 3213 1040 3262 H⁰⁰
1054 3207 1129 3260 idem

84 3321 189 3373 faciunt
209 3313 342 3370 interdum
367 3312 405 3363 dii
429 3312 509 3363 tacite
528 3321 555 3361 et
576 3306 700 3370 occulte,
723 3317 753 3354 ut
770 3301 856 3354 Pallas
876 3293 1028 3350 Menelaum
1050 3287 1127 3341 notus

85 3398 186 3450 viribus
201 3403 304 3447 recreat
319 3389 396 3442 Iliad.
407 3411 418 3458 p
428 3427 437 3455 ,
448 3389 508 3459 569.

118 3469 346 3544 Quandoquidem
358 3472 454 3541 inipso
468 3467 586 3521 discessu
598 3464 689 3517 divina
708 3462 809 3533 species
822 3459 944 3509 humanae
960 3455 1051 3506 forma
1071 3465 1128 3498 suc·

85 3559 170 3622 cedit,
183 3563 426 3612 commemorantur
438 3565 545 3621 quoque
559 3541 621 3611 illa,
633 3556 690 3615 quas
703 3545 730 3595 in
742 3542 830 3613 specie
842 3527 1129 3589 divisionemorabilia

85 3650 162 3698 sunt3
182 3651 286 3686 summa
302 3633 355 3696 oris
372 3627 544 3701 pulchritudo
569 3637 614 3680 aut
627 3626 768 3692 majestas,
788 3634 885 3687 corpus
902 3615 1020 3668 humano
1042 3607 1127 3674 majus

85 3733 111 3773 et
131 3717 285 3788 augustius,
305 3730 365 3764 oum
381 3706 579 3782 pulchritudine
601 3703 703 3758 candor
727 3701 869 3772 corporis,
893 3695 981 3748 cervix
997 3687 1126 3762 pulchra,

84 3817 167 3852 comae
188 3796 339 3867 promissae,
353 3790 443 3862 quales
460 3799 617 3861 perpetuam
638 3785 750 3836 deorum
768 3783 906 3849 juventam
922 3775 1036 3836 decent,
1057 3781 1086 3819 ut
1097 3771 1127 3819 iu

85 3880 203 3942 Cerere,
223 3875 317 3944 Hymn.
333 3891 357 3920 v.
371 3885 429 3938 277.
446 3869 475 3935 8,
492 3869 559 3920 etin
577 3865 637 3916 loco
651 3875 742 3914 nostro
759 3859 871 3932 Virgilii.

121 3953 206 4025 Quod
216 3956 286 4004 inter
296 3952 431 4023 praesentis
447 3947 561 3999 numinis
574 3947 650 4018 signa
660 3945 774 3995 refertur
787 3951 876 4012 gratus
889 3934 971 3997 odor,
984 3948 1062 4001 quem
1075 3929 1132 3978 sivo

87 4048 176 4090 totum
188 4049 286 4106 corpus
307 4033 361 4086 sive
380 4047 457 4082 coma
479 4025 603 4080 exhalat:
617 4025 657 4076 uti
678 4023 706 4075 in
723 4024 841 4082 Venere,
862 4015 888 4066 h.
911 4013 928 4064 l.
946 4007 1130 4076 ambrosioque
