2656 4592
334 301 746 399 aaaroosnraaa
768 325 848 390 ru
973 305 976 324 ‘
1038 285 1098 395 sis
1144 297 1149 310 ’

59 401 188 514 Nubila.
201 449 342 539 Jamque
353 449 467 514 volans
480 451 607 538 apicem
620 469 652 515 et
663 453 764 517 latera
776 451 878 517 ardua
890 452 993 518 cernit
1067 460 1069 464 ’

58 556 197 620 Atlantis
210 555 298 633 duri,
313 557 433 620 coelum
445 558 509 645 qui
514 558 636 621 vertice
648 559 761 638 fulcit·

58 661 211 740 Atlantis
225 664 371 727 cinctum
381 660 519 726 adsidue
531 664 585 727 cui
597 658 740 728 nubibus
752 666 830 728 atris

58 767 239 831 Piniferum
252 785 351 856 caput
363 784 395 832 et
406 785 506 834 vento
518 769 668 856 pulsatur
680 787 712 834 et
724 770 836 849 imbri3
1115 848 1119 864 ‚

57 873 121 935 Nix
132 872 288 938 humeros
300 875 409 939 infusa
421 876 600 963 tegit3tum
612 875 749 940 flumina
761 892 874 940 mento
1058 888 1101 934 251³
1145 863 1148 872 ¹

57 980 265 1068 Praecipitant
277 981 378 1059 senis,
393 996 425 1044 et
440 981 542 1067 glacie
554 983 640 1069 riget
651 980 787 1045 horrida
798 979 908 1044 barba.

57 1085 121 1150 Hic
132 1086 276 1173 primum
289 1085 422 1174 paribus
434 1087 542 1152 nitens
555 1087 721 1176 Cyllenius
733 1087 793 1151 alis

56 1192 225 1256 Constitit:
239 1192 317 1256 hinc
330 1208 399 1256 toto
411 1215 559 1280 praeceps
571 1214 606 1256 se
619 1216 759 1281 corpore
772 1191 814 1256 ad
827 1189 933 1256 undas

54 1298 162 1378 Misit;
174 1298 226 1361 avi
238 1297 367 1377 similis,
381 1321 455 1387 quae
467 1299 592 1362 circum
604 1298 714 1377 litora,
729 1299 854 1363 circum

89 1483 140 1545 247.
147 1482 218 1545 fulsit
226 1482 316 1547 aliquot
322 1486 438 1530 Burm—
446 1483 499 1540 248.
506 1483 597 1529 Atlanti
601 1483 661 1530 Ven.
671 1496 694 1528 et
701 1482 770 1530 Goth.
782 1495 835 1530 tert.
843 1500 856 1528 a
865 1497 896 1527 m.
907 1498 951 1529 sec.
959 1485 1001 1546 qui
1008 1482 1103 1528 aubibus

55 1553 170 1602 Moutalb.
177 1589 184 1611 ,
192 1555 405 1602 sedcuil’rudeutii
413 1572 507 1619 quoque
515 1557 645 1601 imitatione
652 1556 811 1601 firmatHcins.
823 1570 875 1599 cum
885 1569 905 1598 u.
915 1555 977 1599 Reda
987 1571 1024 1616 ap.
1031 1556 1102 1601 eund.

55 1653 87 1662 —
96 1625 147 1687 249.
158 1627 299 1690 Pinnifcrum
310 1628 371 1673 Gud.
384 1640 407 1673 et
418 1627 466 1673 duo
477 1627 542 1673 Leid.
550 1626 695 1689 Peauifcrum
703 1637 755 1672 tert.
764 1624 873 1671 botteud.
881 1623 965 1670 ctcoelo
975 1625 1078 1670 Parrbas.
1090 1643 1102 1670 a
1145 1667 1148 1670 .

56 1713 88 1741 m.
96 1712 132 1757 pr.
142 1705 266 1760 quassatur
274 1714 311 1759 ap.
318 1697 406 1743 Bedam
414 1709 437 1743 et
446 1699 471 1742 in
480 1697 542 1744 binis
551 1698 635 1742 Moret.
646 1713 672 1742 ac
682 1698 781 1742 Donato.
790 1697 850 1740 Hinc
861 1707 882 1740 et
893 1694 1025 1740 emendatio
1035 1694 1104 1740 Hein-

57 1767 121 1811 siana
130 1765 221 1812 insilio
230 1768 252 1822 1,
264 1766 308 1811 206
315 1766 368 1814 loco
379 1767 435 1813 hinc
445 1783 553 1830 expresso
562 1767 650 1812 firmari
659 1778 763 1829 poterat,
775 1778 827 1820 aut,
840 1767 859 1809 si
869 1765 957 1809 firmata
967 1766 1021 1810 satis
1032 1776 1102 1819 esset,

57 1835 156 1881 eandem
167 1835 291 1882 lectionem
300 1839 325 1882 in
335 1837 434 1900 Virgilio
444 1837 555 1884 stabilire.
568 1836 637 1881 imbre
648 1835 711 1882 Beda
724 1848 747 1882 ct
756 1834 826 1880 Goth.
837 1849 882 1880 sec.
893 1837 940 1898 iqui
947 1832 1017 1878 Goth.
1027 1850 1062 1895 pr.
1072 1859 1104 1868 -

57 1908 111 1952 aio:
121 1908 218 1967 flamina
227 1908 296 1954 Goth.
306 1925 342 1970 pr.
354 1934 385 1944 —
396 1910 448 1955 251.
459 1913 517 1974 reqit
527 1909 588 1954 Gud.
601 1913 660 1973 ra'qat
668 1920 721 1954 tert.
734 1905 843 1952 Rottend.
852 1931 884 1940 -
898 1905 950 1950 252.
968 1906 1003 1950 Sic
1015 1917 1038 1950 et
1050 1903 1103 1964 cyt-

55 1977 129 2023 lem'us
141 1978 205 2026 beros
214 1981 286 2027 Wall.
299 1983 347 2026 Nec
357 1981 450 2044 poribus
461 1985 559 2045 primum
567 1978 665 2026 Dorvill.
677 1982 779 2043 quumvis
792 1976 826 2024 hic
835 1981 916 2024 vertice
924 1976 976 2023 coeli
985 1977 1061 2022 Lutat.
1074 1976 1105 2020 ad
1146 2015 1149 2020 .

57 2050 169 2104 Statium,
181 2049 222 2096 sed
239 2067 267 2096 ex
283 2049 324 2096 lib.
335 2051 357 2106 l,
369 2053 426 2108 225,
441 2054 476 2097 uti
489 2053 568 2096 Burm.
581 2049 648 2096 vidit.
658 2073 690 2084 -
702 2048 754 2093 253.
768 2046 802 2093 hic
814 2057 829 2092 t.
842 2048 890 2092 duo
899 2049 1024 2092 burmann.
1043 2053 1105 2090 unu
1151 2053 1154 2068 ¹

57 2118 127 2164 Goth.
141 2136 177 2182 pr.
193 2131 283 2184 pectore
299 2124 360 2169 Veu.
370 2148 402 2159 -
413 2121 465 2179 254.
481 2125 566 2168 cusum
575 2137 627 2185 quae
639 2119 743 2166 Parrhas-
757 2132 781 2166 et
792 2122 824 2165 sic
840 2117 994 2180 Cuningham.
1007 2133 1020 2162 c
1034 2115 1103 2162 codd.

55 2287 144 2322 merus
156 2269 296 2338 amaseae,
316 2232 383 2346 pro,
405 2293 466 2326 cum
485 2273 534 2326 ina
545 2313 554 2339 ‚
603 2266 1104 2344 ReliquadeAtlantefirmatLeoAfri-

57 2348 160 2400 babens
172 2349 253 2403 illam.
271 2355 329 2427 aqit
348 2367 409 2406 ante
431 2373 473 2420 se,
495 2356 554 2425 quis
604 2371 686 2406 canus
694 2354 825 2422 Descript.
837 2351 919 2401 Afric.
927 2363 991 2420 pag.
1006 2346 1047 2399 25.
1060 2347 1102 2398 26.

57 2427 180 2486 dubitet?
200 2429 263 2483 dum
291 2434 383 2487 volatu
401 2453 450 2506 per
476 2452 554 2486 auras
603 2433 666 2483 duri
677 2443 747 2483 recte
757 2430 829 2482 Serv.
842 2427 1104 2497 laboriosi‚propter
1137 2499 1138 2504 ¹
1210 2503 1212 2508 ,

57 2509 150 2560 fertur.
182 2565 185 2571 ‚
605 2528 756 2574 aerumnas,
778 2527 864 2580 quas,
883 2507 979 2558 tolerat
1006 2525 1031 2555 v.
1055 2503 1106 2574 πάξ)

94 2590 251 2657 246-251.
273 2597 416 2648 Famosum
441 2596 556 2648 Atlantis

49 2673 220 2740 ‘nomenjam
236 2676 264 2725 in
275 2689 364 2728 vetere
376 2677 494 2742 Graecia,
506 2696 556 2728 na-

56 2750 218 2820 vigantium,
231 2766 311 2823 puto,
328 2755 442 2820 fabulis,
463 2768 492 2806 ut
514 2774 558 2807 ce·

56 2842 120 2882 tera
136 2830 234 2884 fabula
247 2833 369 2906 Libyca,
386 2853 447 2886 mox
458 2837 486 2886 in
501 2855 558 2888 car·

55 2912 131 2961 mina
142 2909 176 2960 de
188 2913 299 2978 Perseo,
320 2916 451 2982 Hercule,
473 2917 556 2988 Argu·

53 2988 171 3040 nauticis
193 3001 305 3060 receptae
326 3005 354 3044 et
373 3005 497 3044 ornata:
519 2996 554 3046 cf.

56 3067 141 3117 Notas
152 3066 188 3116 ad
197 3065 319 3136 Apollod.
342 3088 369 3139 p.
383 3070 431 3121 681
452 3069 513 3122 add.
526 3091 554 3141 p.

56 3147 119 3214 409.
133 3144 220 3196 Obvia
233 3144 275 3196 vel
293 3146 354 3199 rudi
364 3147 503 3199 bominum
515 3169 557 3220 ge-

56 3227 117 3278 neri
129 3227 217 3297 imago
232 3229 329 3278 montis
340 3229 368 3278 iu
378 3229 427 3279 viri
442 3226 556 3300 effigiem

56 3306 194 3366 conversi;
207 3304 270 3356 hinc
283 3304 364 3358 ducta
374 3308 500 3378 frequens
510 3307 557 3359 ills

55 3384 172 3436 Atlantis
193 3397 321 3456 tanquam
350 3389 418 3438 vasti
442 3389 572 3459 gigantis·

57 3465 221 3534 descriptio:
240 3483 353 3536 cumque
370 3465 467 3517 coelum
478 3468 555 3519 inniti

56 3543 181 3595 videatur
202 3544 391 3597 altissimorum
409 3547 554 3610 montium,

57 3625 161 3690 vertici,
171 3622 234 3676 hinc
240 3625 314 3676 Atlas
320 3625 416 3676 coelum
421 3626 490 3677 ferre
501 3643 556 3676 cre·

58 3701 139 3754 ditus.
161 3703 241 3774 Apud
261 3705 367 3758 Pindar.
386 3705 459 3777 Pytb.
474 3707 501 3768 1,
521 3706 556 3757 36

57 3783 138 3834 AEtna
150 3783 244 3851 stiparis
255 3785 323 3846 stau
336 3796 362 3836 et
378 3785 484 3835 Homer.
503 3783 554 3835 od.

606 2609 665 2661 sqq.
675 2588 829 2659 Piniferum
839 2589 882 2639 vix
893 2587 1002 2658 proprie
1016 2603 1031 2636 a
1044 2602 1107 2654 poe-

605 2683 633 2722 ta
646 2670 699 2721 dici
711 2671 816 2741 potuit,
833 2681 859 2721 et
880 2666 999 2730 dubites,
1012 2683 1047 2716 an
1064 2664 1108 2714 Li-

606 2751 662 2822 byae
672 2751 738 2822 juga
749 2749 829 2819 pinus
846 2747 927 2798 alant.
942 2747 976 2796 cf.
990 2743 1055 2795 Plin.
1068 2744 1105 2808 V,

611 2848 638 2896 1,
656 2829 740 2881 Solia.
754 2849 777 2880 c.
792 2829 833 2896 37.
851 2826 991 2898 Virgilium
1000 2824 1107 2876 amula·
1144 2881 1147 2888 Ι

604 2924 647 2962 tus
666 2924 706 2962 est
727 2909 805 2960 Silius
817 2910 845 2974 l,
859 2924 908 2958 roa
921 2924 976 2975 sq,
998 2904 1045 2955 sed
1057 2921 1106 2952 suo

604 3010 696 3050 more;
714 2991 784 3042 utin
801 2987 910 3058 singulis
923 2985 1045 3057 partibus
1059 3003 1111 3050 va-¹

604 3069 707 3132 riandis
720 3069 762 3120 vel
782 3064 974 3118 transferendis
996 3081 1106 3133 operam

605 3148 690 3200 ludat.

632 3221 1106 3293 252.niteash.l.devolatu.paribus

605 3303 668 3370 alis,
681 3305 734 3356 leni
746 3304 852 3367 volatu,
870 3314 899 3353 ut
912 3301 983 3353 Serv.
1007 3303 1040 3352 cf.
1059 3301 1104 3365 IX,

609 3385 648 3452 14.
661 3383 798 3456 Cogitade
807 3401 838 3435 eo
847 3383 974 3453 temporis
987 3400 1107 3433 momen-

606 3478 646 3526 to;
672 3483 733 3516 cum
757 3463 893 3515 inhibetur
922 3462 1048 3528 volatus,
1076 3475 1108 3514 ut

605 3545 727 3598 subsidat
747 3544 811 3597 ales.
822 3575 857 3583 -
866 3543 915 3596 253
928 3543 1023 3596 -255.
1037 3544 1107 3594 Ante

605 3626 698 3677 oculos
727 3624 822 3696 Odyss
845 3645 874 3684 r,
904 3621 1036 3688 50-54,
1059 3623 1108 3673 ubi

606 3709 661 3758 avis
686 3705 753 3774 tripos
774 3722 920 3776 expressa,
949 3722 1006 3773 qum
1025 3702 1108 3752 fulica

607 3804 664 3838 esse
687 3798 804 3858 putatur.
829 3774 865 3836 ad
885 3783 986 3845 undas,
1015 3797 1106 3831 tersus

59 3880 91 3919 a,
106 3860 179 3912 52-
145 3862 219 3930 -54
240 3862 292 3914 de
285 3881 344 3934 ipso
365 3863 520 3928 Atlante‚'
510 3879 557 3928 ιχιι
606 3885 679 3917 mare
693 3864 935 3927 mediterraneum
956 3858 1028 3928 quod
1042 3858 1107 3909 Car-

59 3935 206 3996 'mmm
225 3938 294 3998 αὐτός
309 3954 358 3995 ctc.
377 3956 404 3993 et
419 3941 557 4009 bancalia,
607 3943 874 4017 thaginemattingit,
886 3941 915 4007 ἐξ
927 3899 1047 4006 itatius·
1036 3956 1107 4002 ιμπι·

60 4019 312 4094 ¹1⁰⁰⁵udepartim
325 4020 526 4095 ap.Cerdamh
538 4022 555 4078 l
607 4043 631 4078 cs
647 4023 732 4094 πόντῳ.
745 4025 774 4078 ln
794 4039 894 4077 conon
909 4014 1104 4091 augurandum,
