2690 4594
328 258 562 325 AENElDOS
586 259 738 326 LIBER
762 263 834 327 ΙΙΙ.

48 383 124 449 Nec
138 383 217 448 visu
228 384 346 464 facilis,
359 409 421 451 nec
434 385 524 450 dictu
535 373 685 451 adfabilis
697 387 766 451 ulli.

48 488 252 554 Visceribus
265 489 460 555 miserorum
473 506 505 554 et
516 493 674 579 sanguine
687 494 830 558 vescitur
840 507 931 558 atro.=

48 593 135 659 Vidi
150 611 297 684 egomet,
311 595 378 661 duo
392 595 434 661 de
447 619 585 661 numero
599 620 702 686 quum
715 621 852 686 corpora
864 617 977 666 nostro

48 703 184 766 Prensa
195 725 296 765 manu
307 725 425 790 magna
435 702 547 767 medio
559 705 734 792 resupinus
746 705 780 766 in
794 720 889 769 antro

49 809 241 895 Frangeret
252 807 294 872 ad
307 831 433 887 saxum,
447 809 605 898 sanieque
619 831 769 897 exspersa
781 796 931 876 natarent

50 913 206 993 Limina3
219 913 288 978 vidi
299 930 370 979 atro
384 938 487 1004 quum
499 915 647 980 membra
658 915 794 983 fluentia
808 915 884 980 tabo

49 1018 250 1100 Mandrum,
265 1037 297 1084 et
311 1019 415 1110 tepidi
426 1038 607 1087 tremerent
618 1021 679 1087 sub
692 1009 845 1087 dentibus
857 1037 956 1088 artus.
1034 1009 1042 1109 J

1039 271 1103 356 429

1059 828 1103 876 625

84 1207 144 1253 621.
164 1204 379 1270 affabilrs'retinuit
395 1209 474 1256 Heius.
490 1210 559 1256 codd.
576 1211 829 1272 Grammaticorumque
842 1211 993 1269 auctoritate;
1011 1226 1034 1262 et
1051 1215 1104 1264 Ma..

51 1280 121 1325 crob.
137 1279 186 1334 VI,
206 1295 214 1324 1
236 1280 264 1324 ab
276 1279 345 1336 Accio
358 1283 384 1325 in
400 1281 529 1329 Philoctete
545 1294 648 1327 sumtum
659 1293 769 1328 testamr:
783 1281 854 1340 Quem
868 1297 940 1346 neque
955 1289 1014 1331 tueri
1027 1297 1106 1336 contro

51 1363 130 1411 neque
147 1347 219 1413 affort
236 1363 312 1412 queas.
332 1351 398 1395 Statii
419 1354 489 1396 etiam
502 1353 656 1398 imitationem
674 1351 742 1396 affert
761 1353 886 1396 Burmann.
904 1353 936 1396 111
953 1355 1007 1403 Silv.
1028 1359 1053 1414 3,
1075 1375 1104 1421 7²

54 1418 194 1466 Terribilem
211 1420 290 1483 adfatu
304 1435 385 1482 passus
400 1424 492 1486 vt'suque
512 1431 640 1482 brunnum.
659 1423 751 1468 Servius
767 1433 845 1468 tamen
859 1438 900 1468 nec
917 1426 978 1472 dictu
993 1427 1104 1492 offabt'lrs,

51 1506 168 1538 sermone
186 1507 233 1538 non
248 1491 447 1554 explicabilis3‘et
459 1494 502 1539 inf.
517 1511 539 1540 v.
556 1492 602 1550 644
620 1490 709 1556 infandi
723 1491 842 1555 Oyrbper,
857 1493 1002 1555 ineffabiles,
1018 1501 1058 1546 ubi
1075 1501 1106 1548 acl

51 1560 79 1607 h.
100 1562 117 1607 l.
141 1575 262 1626 provocat.
281 1565 345 1609 Esset
359 1566 438 1627 itaque
456 1564 531 1627 πίλωρ
551 1561 656 1626 digittos,
670 1562 708 1610 vel
726 1564 842 1610 Hesiodeo
860 1581 911 1611 voc.
929 1565 980 1614 οὔτε
998 1567 1105 1630 qarob,

53 1634 123 1697 quod
143 1634 299 1688 Ruhnkenius
316 1637 436 1698 ingeniose
455 1637 556 1681 restituit
574 1634 670 1696 Orpheo
689 1652 711 1684 v.
728 1634 786 1696 926,
805 1648 828 1682 et
843 1635 917 1682 videri
931 1651 1007 1700 potest
1023 1647 1106 1704 exqui-

52 1708 131 1751 sitius.
149 1709 209 1753 Sunt
224 1708 293 1752 etiam
306 1706 415 1763 codices,
436 1709 477 1769 qui
494 1709 525 1753 ita
543 1705 637 1768 legunt,
654 1705 717 1768 apud
730 1708 847 1763 Pieriam,
861 1707 969 1771 plerique
986 1711 1064 1758 Heius.
1081 1725 1106 1760 et

51 1777 138 1822 Rurm.
159 1790 304 1841 possuntque
320 1777 403 1824 similia
415 1780 552 1834 memorari,
569 1795 592 1824 v.
608 1794 629 1824 c.
645 1777 714 1823 Silius
730 1779 753 1832 l,
778 1779 819 1839 175
837 1793 913 1824 serum
927 1784 976 1826 orsu
992 1782 1104 1848 dacosque.

53 1849 83 1893 Et
97 1849 173 1896 affine
188 1849 243 1896 huic
258 1849 369 1896 alterum:
385 1851 434 1895 visu
450 1850 586 1913 audituque,
598 1850 662 1912 quod
672 1847 737 1910 lsaepe
752 1851 867 1904 occurrit,
883 1853 932 1912 jam
944 1853 999 1898 iude
1015 1855 1044 1900 ab
1057 1857 1106 1902 Or·
1171 1900 1173 1904 .

53 1919 120 1981 pbeo
135 1921 223 1984 Argon.
240 1921 371 1984 901.conf.
388 1921 418 1967 ad
434 1921 528 1966 Pindar.
545 1922 570 1964 P.
587 1921 611 1975 1,
629 1921 664 1966 50.
681 1920 753 1966 Recte
767 1932 845 1966 tamen
859 1920 957 1968 alterum
971 1925 1104 1986 praefertur,

53 1990 252 2053 quandoquidem
260 1993 369 2053 junctum
378 2005 431 2035 cum
440 2004 481 2036 nec
490 1987 672 2050 vtsufoct'lt's-
680 1989 734 2034 622.
748 1992 850 2052 pasoitur
858 1991 918 2036 Gud.
929 2003 981 2038 tert.
995 1994 1104 2041 liottend.

55 2072 80 2104 et
90 2060 132 2106 alt.
144 2062 213 2108 Voss.
224 2078 277 2108 cum
291 2079 328 2124 pr.
340 2059 409 2114 Goth.
418 2086 450 2096 -
459 2059 512 2116 624.
526 2061 606 2106 Pressa
618 2061 687 2106 etiam
701 2060 739 2106 bic
752 2060 799 2107 duo
812 2063 891 2107 Burm.
904 2078 958 2108 cum
969 2076 1021 2110 tert.
1034 2066 1104 2112 Goth.

54 2155 87 2170 ·-
96 2130 155 2178 625.
165 2147 272 2196 exsperso
281 2135 387 2180 Servius:
406 2151 416 2171 ι
426 2131 479 2176 Haec
492 2130 538 2176 fuit
548 2147 602 2177 vera
611 2129 694 2188 lectio,
710 2131 735 2176 id
747 2143 795 2188 est,
807 2132 949 2179 madefacta:
965 2149 1019 2180 nam
1032 2139 1051 2181 si
1067 2153 1106 2182 as·

56 2220 68 2241 ι
76 2216 147 2263 persa
157 2201 255 2259 dixeris,
267 2205 379 2267 tapinosis
393 2213 416 2248 et
427 2201 556 2265 hyperbole
569 2204 712 2264 junguntur,
724 2202 813 2248 scilicet
823 2203 931 2266 adsperso
940 2213 965 2250 et
972 2214 1081 2252 natarent.
1092 2225 1103 2249 ιι

54 2269 143 2316 Fateor
152 2287 191 2317 me
200 2287 248 2318 non
258 2275 311 2318 satis
321 2273 412 2334 assequi
426 2269 551 2316 discrimen
564 2271 610 2317 hoc
625 2273 687 2317 iuter
699 2286 806 2334 exspersa
815 2285 838 2317 et
849 2287 956 2335 asperso:
969 2274 1011 2320 sed
1019 2275 1106 2336 prefe-

54 2339 240 2394 rendumvideo
249 2341 348 2388 alterum
357 2353 467 2402 tanquam
481 2342 555 2386 rarius
567 2352 590 2386 et
601 2340 692 2387 doctius
704 2357 709 2386 :
720 2357 768 2386 non
779 2341 843 2404 quod
854 2345 928 2404 major
936 2345 971 2389 vis
980 2345 1042 2388 insit.
1052 2345 1108 2390 Erat

56 2421 138 2456 tamen
152 2413 263 2457 Seruiana
276 2411 347 2457 lectio
363 2413 387 2456 in
399 2408 466 2455 nullo
480 2411 601 2466 Plariano,
618 2411 660 2456 sed
672 2413 698 2456 in
709 2413 797 2474 optimo
808 2413 900 2474 Menag.
911 2424 934 2458 et
944 2425 1044 2476 quatuor
1055 2413 1107 2462 aliis

55 2478 163 2536 Heinsii,
173 2473 213 2543 qui
224 2483 315 2544 egregie
325 2481 449 2536 adstruxit,
460 2492 483 2526 et
495 2482 520 2525 iu
532 2481 606 2526 tribus
616 2483 696 2526 Burm.
707 2493 731 2527 et
740 2493 792 2527 tert.
804 2480 872 2527 Goth.
888 2481 947 2526 ldd.
959 2482 1047 2528 Bened.
1060 2483 1106 2529 Re-

54 2547 118 2613 liqui
130 2567 223 2616 aspreta
232 2552 269 2599 vel
281 2553 389 2614 adspersa
398 2551 476 2615 (quod
489 2554 723 2613 interpretamentum
737 2564 771 2598 est
783 2551 877 2599 alterius
885 2553 892 2612 )
901 2569 907 2609 ;
917 2567 1017 2616 respersa
1029 2556 1105 2616 Sprot.

57 2633 81 2667 et
92 2639 131 2685 pr.
144 2625 228 2671 Moret.
241 2639 349 2689 exsparso
357 2626 426 2670 Witt.
438 2626 464 2669 in
475 2626 587 2686 margine.
598 2625 627 2670 cf.
641 2641 693 2687 sup.
706 2626 736 2671 ad
747 2643 769 2670 v.
781 2624 832 2681 534.
844 2625 966 2671 Eatautem
976 2639 1107 2690 exsperqere

55 2695 156 2754 proprie
166 2693 227 2740 foras
236 2710 343 2758 spargere
356 2707 379 2742 et
389 2695 444 2740 hinc
457 2694 603 2756 dispergere,
613 2693 740 2758 dissipare,
755 2707 777 2742 et
794 2693 886 2741 taudem
902 2693 977 2740 limina
986 2710 1107 2757 exspersa,

56 2777 166 2828 respersa
176 2769 240 2812 sanie
252 2782 278 2812 ac
290 2783 373 2814 cruore
384 2782 414 2813 ex
427 2765 490 2812 illisis
499 2766 565 2813 humi
575 2767 720 2830 corporibus.
729 2791 761 2804 ·-
772 2767 826 2830 627.
839 2767 920 2830 trepidi
930 2775 994 2812 artus
1005 2767 1107 2812 Medicei

57 2915 202 2976 exitiosum
230 2923 368 2996 bominum
390 2927 450 2978 vitae
470 2944 560 2978 mons-

57 3015 141 3056 trum.
155 3021 203 3054 nec
214 3004 271 3057 visu
281 3004 375 3075 facilis
393 3004 421 3056 b}
442 3025 465 3058 e.
485 3009 559 3074 cujus

58 3082 220 3155 adspectum
231 3101 285 3133 non
296 3082 375 3135 facile
386 3084 481 3155 aliquis
491 3086 560 3135 ferat

58 3159 235 3232 (semipasta
250 3181 316 3215 voce
326 3162 462 3233 Orphica,
474 3165 561 3214 durst-

57 3242 195 3302 m'ssmrrrtt.
209 3243 278 3295 Rene
290 3241 361 3294 Serv.
378 3246 473 3314 »cujus
480 3241 562 3314 possit

58 3323 143 3373 etiam
168 3321 301 3393 adspectus
322 3321 419 3392 inferre
432 3319 560 3391 formidi-

59 3403 162 3474 nem»)
180 3421 230 3454 nec
250 3404 378 3454 sustineat
404 3401 558 3472 alloquium.

60 3480 177 3554 Reliqua
187 3502 212 3534 v.
225 3485 253 3535 in
265 3485 327 3535 Var.
340 3482 413 3534 Lect.

98 3562 247 3632 623-627.
259 3563 292 3614 cf.
302 3562 395 3634 Odyss.
408 3583 427 3624 t,
438 3561 487 3614 288
500 3578 558 3632 sqq.

60 3657 190 3711 corpora,
209 3642 354 3715 elegantius
376 3661 457 3715 quam
478 3643 559 3694 viros.
582 3711 584 3718 Α

60 3720 217 3790 resupinus,
242 3721 310 3773 bene
328 3723 417 3773 nisum
437 3723 560 3790 jacientis

64 3800 205 3868 exprimit,
223 3799 287 3851 dum
299 3801 336 3870 ad
346 3800 508 3873 colligendas
520 3802 561 3852 vi-

65 3892 108 3928 res
121 3895 217 3949 corpus
226 3879 330 3932 reducit
338 3899 369 3944 ac
383 3891 513 3932 recurvat,
525 3882 560 3931 cf.

608 2927 709 2981 tudinis
721 2941 748 2981 et
762 2927 867 2979 roboris
882 2927 909 2978 in
924 2935 1042 2980 monstro
1055 2925 1107 2974 tui·

609 3020 651 3058 tus
672 3021 728 3059 est:
741 3003 786 3059 Σὺν
804 3026 830 3058 τι
850 3002 896 3058 lo'o
914 3001 1026 3070 μάρψας,
1049 3001 1108 3052 ὅσαι

610 3083 747 3146 σκύλακας,
770 3082 825 3136 noui
848 3082 904 3152 γαίῃ
928 3077 1007 3132 Ko‘rrrr'.
1027 3092 1107 3132 tantae

610 3177 686 3214 erant
694 3166 762 3216 vasti
771 3164 890 3232 corporis
900 3161 969 3211 vires
979 3163 985 3210 l
995 3159 1108 3229 Reliqua

609 3259 625 3292 a
637 3241 750 3312 Virgilio
770 3243 890 3291 ornatius
907 3239 1035 3308 exposita.
1048 3238 1108 3290 Nisi

609 3331 635 3372 et
647 3322 799 3392 ipsumvoc.
812 3319 961 3390 resupinus,
975 3335 1035 3369 cum
1047 3317 1107 3368 Ser-

608 3402 669 3466 vio,
683 3399 716 3451 de
725 3403 831 3469 jacente
848 3398 923 3449 humi
935 3396 1050 3469 Cyclope
1064 3416 1108 3449 ac·

610 3479 789 3552 ciperemavis
801 3500 807 3528 z
818 3495 870 3548 quo
879 3478 938 3547 ipso
950 3475 1107 3548 magnitudo

608 3561 713 3612 virtutis
724 3569 867 3628 appareat,
881 3555 954 3626 quod
966 3557 1106 3626 resupinus

609 3640 662 3691 hoc
682 3641 772 3691 facere
795 3638 890 3709 potuit.
915 3635 993 3688 Conl.
1016 3636 1108 3688 Ovidii

609 3737 700 3772 versus
718 3719 780 3770 xlv
795 3719 858 3769 Met.
874 3716 924 3768 205
937 3734 976 3786 sq.
999 3733 1030 3767 ex
1041 3714 1067 3766 h.
1088 3713 1105 3765 l.

610 3816 756 3872 expressos.
769 3816 895 3870 exspersa,
902 3796 1016 3856 doctius,
1027 3811 1108 3864 quam

610 3898 726 3952 aspersa.
751 3898 775 3931 v.
799 3880 862 3952 Van
893 3876 964 3928 Lect.
992 3871 1107 3923 membra

65 3955 154 4012 Burin.
167 3958 297 4016 Homerus
309 3962 446 4016 notionem
459 3961 562 4034 magni·
602 3959 721 4045 fluentia
734 3960 808 4026 tabo,
827 3957 913 4012 oratio
932 3952 1039 4025 poetica
1056 3965 1106 4020 pro
