2718 4598
267 259 329 330 332
625 208 891 328 EXCURSUS¹
910 265 940 326 V

263 402 350 459 poeta
364 383 499 458 'tragoedia
512 384 627 436 breviter
646 397 754 437 narrata
773 398 811 436 est
833 386 926 438 fabula
947 387 981 439 ab
1000 389 1104 460 Hygino
1124 393 1144 442 f.
1169 393 1308 464 1353jam
1341 399 1342 464 4

266 481 354 520 autem
377 471 398 519 is
422 486 482 518 curn
502 465 613 537 Virgilio
631 465 715 516 multo
733 468 816 537 magis
838 485 918 536 quam
936 486 996 518 cum
1014 471 1109 521 ceteris
1130 475 1308 540 auctoribus,

265 558 405 598 consentit.

297 623 357 675 Jarn
369 625 485 675 omnium
496 623 591 674 horum
603 624 704 673 fontem
715 641 797 672 unum
810 622 925 693 aliquem
938 641 969 674 ex
981 622 1095 694 Cyclicis
1108 631 1203 698 poetis
1216 632 1306 698 fuisse,

264 701 365 753 dudum
384 703 551 772 suspicabar,
571 703 743 772 inprimisque
762 702 897 766 Lescben,
917 721 994 772 quem
1015 705 1108 774 utique
1125 707 1249 772 Quintus
1268 729 1306 761 er·

263 783 389 851 pressisse
400 783 472 832 visus
492 793 554 833 erat.
575 781 773 832 Dubitationem
789 793 878 832 tamen
896 782 1012 833 faciebat
1029 781 1098 848 hoc,
1113 786 1191 854 quod
1204 789 1305 839 Tabula

261 858 359 924 llinca,
372 878 429 930 quae
440 873 502 929 post
515 862 659 910 Homerum
674 872 700 909 et
711 860 848 910 Arctinum
864 877 895 911 ex
911 858 1088 930 Iliade'parua
1107 881 1242 935 expressa
1254 881 1304 925 est,

262 939 441 992 Laocoontem
450 943 562 1011 ignorat.
573 939 624 992 Sed
633 941 721 1010 potuit
732 959 765 992 ea
776 958 817 991 res
830 959 861 992 ac
879 938 971 992 debuit
984 959 1045 991 cum
1057 945 1171 1008 ceteris,
1191 964 1254 1015 quas
1267 947 1305 998 de·

261 1018 420 1082 siderentur,
429 1021 456 1070 iu
467 1019 550 1071 altera
561 1017 669 1069 Tabulae
681 1030 765 1087 parte,
777 1037 834 1088 quae
846 1020 933 1088 periit,
940 1018 1066 1070 exbiberi.
1081 1021 1160 1073 Nunc
1173 1043 1210 1074 ex
1222 1026 1305 1076 Procli

259 1099 354 1168 fragm.
374 1099 430 1151 hoec
446 1099 550 1150 tradere
563 1098 625 1149 licet
641 1120 647 1147 ι
664 1099 814 1166 Praecipuus
832 1096 910 1166 hujus
929 1098 1027 1149 fabule
1045 1101 1147 1152 fundus
1167 1104 1223 1154 fuit
1239 1105 1304 1154 'uisu

263 1176 339 1244 ripen
357 1179 474 1230 Arctini:
488 1197 548 1244 seu,
562 1177 634 1248 quod
646 1178 784 1248 probabile
796 1177 841 1242 lit,
855 1177 974 1239 Leschis;
992 1181 1019 1230 in
1035 1183 1111 1250 cujus
1123 1184 1205 1234 initio
1219 1187 1303 1235 statim

260 1260 407 1327 expositum
418 1259 483 1308 fuit:
501 1257 530 1312 eir
547 1253 581 1307 nd
594 1253 644 1324 nni
656 1250 694 1306 cir
703 1253 771 1306 innui
784 1256 803 1305 si
818 1257 889 1322 Τροΐας
911 1253 1032 1317 inimus,
1049 1255 1138 1322 ixorcn
1157 1262 1304 1329 nupserint:

261 1333 420 1401 dentitiones,
430 1333 455 1400 δ’,
468 1357 491 1387 rr
500 1335 543 1403 >cpi
552 1334 637 1387 ποιεῖν·
649 1331 688 1384 nei
699 1333 746 1388 creir
755 1330 797 1399 nir
806 1335 870 1385 densi
877 1335 1058 1402 serapnim·
1068 1334 1156 1398 erinis,
1166 1341 1217 1395 reis
1230 1337 1256 1390 ds*
1266 1361 1303 1389 se·

261 1411 393 1478 rectique.
407 1412 425 1464 si
437 1410 463 1466 di
473 1411 526 1482 ispdr
538 1411 607 1470 airis
623 1412 711 1477 iperet
721 1413 765 1464 δεῖν
777 1413 807 1480 τῇ
818 1413 912 1479 Ἀθηνᾷ
921 1414 1064 1466 madiret.
1074 1416 1137 1468 —s'r
1151 1419 1221 1484 αὐτᾷ
1230 1413 1256 1469 dl
1268 1415 1303 1470 δύο

259 1491 377 1560 dpriusrrn
392 1491 537 1559 nuperrime
550 1489 587 1545 nir
604 1488 746 1544 Aeoniuna'
758 1490 797 1542 rai
812 1488 848 1544 ris
862 1491 931 1559 ἕταροι
947 1495 990 1544 eds
1007 1493 1099 1545 nester
1116 1496 1301 1565 dissensissent.

260 1572 361 1624 Contra
370 1575 398 1624 in
409 1572 501 1624 Iliadis
510 1589 598 1643 paruoe
610 1584 780 1643 argumento,
792 1571 865 1642 quod
876 1574 903 1621 in
914 1572 982 1642 Equi
991 1574 1018 1622 iu
1031 1572 1126 1624 urbem
1139 1572 1300 1627 deductione

260 1653 396 1716 subsistit,
409 1651 483 1704 nulla
495 1654 654 1704 Laocoontis
671 1651 700 1701 lit
716 1652 822 1703 mentio.
840 1649 990 1701 Secundum
1006 1650 1077 1701 hunc
1098 1652 1182 1702 alium
1201 1653 1301 1716 habeo,

262 1749 340 1800 quem
352 1733 420 1782 inter
440 1733 539 1801 priuos
558 1730 655 1782 fabulae
673 1743 793 1782 auctores
812 1731 948 1781 nominare
966 1730 1068 1800 possis,
1093 1729 1300 1800 Bacchylidem

259 1829 323 1861 narn
335 1811 374 1874 is,
385 1809 475 1862 Servio
488 1811 595 1881 quidem
607 1824 686 1874 teste,
699 1811 730 1860 de
741 1811 886 1862 Laocoonte
897 1821 924 1861 et
934 1827 1012 1860 uxore
1021 1811 1073 1880 ejus
1086 1808 1170 1861 uelde
1180 1814 1302 1883 serpenti-

260 1889 307 1940 bus
317 1909 333 1938 a
347 1889 468 1960 Calydnis
480 1890 570 1944 insulis
579 1892 740 1943 venientibus
748 1902 827 1962 aque
840 1892 868 1941 in
877 1890 993 1941 homines
1000 1891 1126 1941 conversis
1135 1894 1300 1951 meminerat;

260 1968 329 2034 Qui,
346 1971 368 2019 si
387 1973 511 2042 antiquus
524 1971 568 2023 ille
583 1973 634 2023 fuit
649 1972 782 2036 gunnoris,
798 1972 904 2023 Pindari
916 1970 1024 2042 aequalis
1040 1972 1075 2021 in'
1087 1971 1177 2042 lyricis
1190 1975 1247 2023 suis
1260 1986 1301 2024 aut

259 2049 402 2101 Stesichori
414 2053 533 2123 exemplo
549 2055 672 2104 carminis
686 2065 868 2124 argumentum
880 2054 982 2114 facere,
995 2063 1041 2102 aut
1052 2049 1221 2121 digressione
1233 2054 1301 2103 facta
1341 2065 1342 2070 ’

231 2161 233 2168 -
259 2127 379 2180 fabulam
391 2133 519 2202 attingere
531 2133 635 2202 potuit,
649 2144 678 2182 ut
693 2145 781 2184 tamen
801 2134 856 2200 ejus
867 2131 950 2192 rerba
960 2149 1010 2201 pro
1031 2130 1116 2180 fundo
1138 2144 1230 2182 essent
1241 2131 1299 2182 reli-

189 2217 195 2233 ·
262 2208 320 2277 quis
332 2210 426 2278 poetis.
440 2212 499 2262 Una
512 2210 598 2263 adbuc
614 2224 732 2282 superest
743 2211 840 2262 fabulae
853 2210 1046 2262 deLaocoonte
1058 2212 1179 2260 narratio
1198 2229 1241 2280 ap.
1256 2212 1300 2260 Pe-

262 2300 331 2337 tron.
350 2308 372 2340 c.
386 2291 420 2358 89
439 2291 466 2340 in
486 2290 570 2341 didon
584 2293 668 2361 Trojae
680 2311 704 2341 v.
720 2309 752 2361 29
764 2310 837 2363 sqq,
851 2289 898 2343 sed
910 2310 940 2342 ea
956 2309 986 2342 ex
994 2289 1119 2362 Virgilio,
1129 2291 1158 2340 in
1168 2290 1300 2340 nonnullis

260 2378 363 2418 tantum
374 2385 428 2417 nou
440 2370 589 2438 pueriliter,
603 2372 630 2421 in
644 2370 701 2422 aliis
714 2370 901 2422 declamatorie
910 2371 997 2419 omnia
1009 2370 1036 2418 iu
1049 2370 1133 2436 majus
1145 2368 1298 2432 efferendo,
1340 2431 1341 2440 ἱ

261 2463 384 2516 expressa
402 2445 469 2514 (etsi
480 2451 508 2500 in
518 2450 608 2501 multis
624 2451 692 2502 bene
714 2469 772 2502 eam
785 2450 910 2502 adversus
923 2448 1050 2511 Tollium,
1064 2450 1110 2518 qui
1125 2449 1154 2498 in
1175 2450 1298 2500 Fortuiu's
1340 2461 1341 2466 ’

259 2545 287 2595 p.
310 2526 341 2592 14
355 2527 506 2580 Petronium
522 2549 582 2582 cum
594 2532 705 2602 Virgilio
722 2531 849 2597 contulit,
863 2529 989 2582 defendat
1000 2526 1114 2596 nuru),
1127 2528 1183 2580 sive
1202 2530 1225 2578 is
1241 2546 1300 2578 vere

259 2604 378 2655 tabulam
398 2606 514 2676 aliquam
536 2615 591 2658 tum
603 2611 771 2680 superstitem
783 2623 842 2662 ante
857 2607 948 2660 oeulos
965 2607 1104 2669 habuerit,
1128 2605 1299 2657 sinehabere

260 2684 370 2734 tinxerit.
384 2689 455 2738 Inter
467 2687 532 2752 alia,
543 2706 603 2738 cum
614 2689 740 2759 Virgilius
756 2691 884 2741 intactum
896 2687 1061 2756 reliquisset,
1074 2685 1165 2734 utrum
1175 2685 1298 2734 Laocoon

261 2781 351 2815 morsu
362 2767 489 2835 serpentis
502 2768 624 2836 perierit,
639 2786 688 2818 nec
705 2767 753 2832 ne,
766 2768 810 2820 ille
822 2787 846 2818 v.
861 2769 894 2836 49
907 2784 963 2837 sqq.
977 2777 1079 2835 patrem
1092 2782 1153 2814 cum
1172 2762 1232 2814 filiis
1244 2780 1300 2814 exa-

261 2847 390 2897 nimatum
412 2846 532 2908 exhibet;
555 2866 637 2917 porro
660 2867 684 2898 v.
714 2849 749 2914 44
768 2848 801 2900 de
820 2849 925 2918 pueris;
945 2843 1069 2917 parvulas
1088 2841 1132 2893 illi
1148 2861 1242 2892 mantes
1258 2841 1301 2892 Ad

259 2937 373 2978 monstra
392 2937 511 2988 vertunt;
530 2938 623 2978 neuter
639 2927 742 2979 auxilio
761 2928 827 2994 sibi,
851 2929 965 3000 Uterque
981 2924 1068 2995 fratri
1090 2919 1227 2974 transtulit
1243 2922 1300 2992 pias

260 3005 344 3069 vices,
359 3006 482 3077 Morsque
498 3007 553 3077 ipsa
572 3007 675 3058 miseros
695 3019 787 3058 mutuo
806 3007 893 3078 perdit
912 3015 991 3056 metu.
1013 3003 1120 3053 Placent
1140 2999 1197 3050 haec
1217 3001 1298 3049 mutui

260 3083 372 3136 fratrum
391 3086 487 3136 amoris
507 3087 680 3156 cogitatione;
699 3086 745 3138 sed
764 3086 912 3155 accuratius
934 3073 1083 3153 dispicienti
1102 3079 1146 3128 vix
1164 3085 1195 3128 ert
1214 3095 1298 3127 rerum

260 3165 371 3214 veritate
384 3161 456 3214 dicta
466 3163 551 3215 videri
565 3178 689 3234 possunt;
703 3166 754 3216 sibi
766 3165 851 3228 enim,
868 3181 923 3213 non
935 3162 1028 3221 alteri,
1043 3159 1070 3208 in
1080 3156 1158 3229 prasii
1167 3173 1199 3205 ac
1209 3173 1298 3232 repen·
1339 3197 1340 3206 ,

260 3242 315 3292 tino
331 3253 425 3294 terrore
443 3242 557 3294 consulit
577 3247 703 3316 quisque;
724 3257 750 3299 et
768 3247 920 3314 importuno
939 3240 1081 3292 verborum
1100 3237 1160 3288 lusu
1179 3252 1297 3304 expressa

260 3319 325 3371 talia
341 3321 417 3372 nolis.
435 3322 487 3375 Sed
500 3321 556 3375 haec
567 3327 622 3393 jam
641 3324 824 3376 animadversa
840 3343 856 3375 a
867 3323 1002 3392 Lessingio
1014 3321 1041 3370 in
1058 3319 1211 3369 Laocoonte
1223 3335 1247 3386 p.
1265 3315 1296 3383 57

260 3399 358 3452 videas.
381 3401 520 3467 Ceterum,
547 3404 620 3473 quod
642 3401 767 3475 purvulas
788 3422 882 3455 manus
902 3401 1013 3465 tribuit,
1038 3396 1184 3450 admodum
1203 3412 1295 3465 pueros

260 3477 364 3529 videtur
377 3481 524 3550 significare
535 3484 617 3543 velle3
631 3496 657 3534 et
668 3483 810 3552 Virgilius:
828 3502 910 3554 parua
922 3483 1035 3532 duorum
1048 3495 1157 3548 corpora
1170 3488 1294 3527 natorum·

259 3555 335 3607 Talia
354 3573 460 3627 quoque
476 3560 503 3608 iu
524 3559 631 3611 Codicis
645 3563 768 3612 Vaticani
786 3563 906 3631 pictura,
926 3557 1070 3612 admodum
1091 3557 1186 3606 inscite
1209 3555 1295 3610 facta,
1338 3557 1339 3584 i

260 3651 383 3702 expressa
398 3636 496 3688 videus.
515 3639 541 3690 Si
554 3652 643 3692 tamen
658 3639 817 3692 sacrificanti
829 3643 899 3711 patri
918 3639 1095 3690 ministerium
1108 3635 1295 3705 praestiterunts

260 3721 386 3780 tanquam
404 3713 522 3776 Camilli;
540 3719 583 3768 vix
596 3718 662 3770 adeo
684 3730 789 3772 teneros
804 3719 921 3771 exhiberi
939 3738 954 3770 a
974 3729 1055 3789 poeta
1065 3731 1144 3784 posse
1165 3724 1247 3782 putes.
1265 3711 1296 3760 Et

261 3790 326 3843 tales
337 3793 487 3862 impuberes
500 3794 681 3867 (quamquam
693 3812 719 3852 et
731 3802 748 3851 ii
758 3802 809 3871 ipsi
821 3799 991 3870 reprehensi,
1004 3795 1077 3868 quod
1089 3795 1174 3865 patris
1188 3793 1294 3862 speciem

261 3875 395 3924 nonsatis
415 3887 528 3943 aequaut.
547 3877 600 3927 vid.
621 3878 796 3944 Richardson,
814 3879 939 3948 Descript.
961 3879 993 3930 de
1011 3878 1093 3928 divers
1111 3873 1233 3926 tablecux
1248 3885 1292 3924 etc.

263 3969 290 4021 p.
309 3951 367 4006 513.
390 3951 483 4008 Comes
504 3955 535 4008 de
549 3955 643 4034 Caylns
658 3961 732 4030 Tem.
746 3962 819 4024 XXV
829 3961 908 4018 lile'm.
924 3958 957 4014 de
975 3957 1040 4012 l'Ac.
1054 3955 1100 4010 des
1117 3957 1137 4009 1.
1151 3974 1178 4026 p·
1197 3953 1259 4024 3²9)
1269 3952 1294 4002 ³¹¹
