2690 4594
411 335 475 398 aa
499 333 701 398 nraauu
724 335 797 398 111.
1068 337 1130 418 2555

81 451 294 530 contemplatur,
306 453 377 506 Dido
386 458 477 528 regina
490 475 522 509 eo
534 456 698 528 procedit,·a
708 475 761 528 qua
771 457 885 528 benigne
895 457 990 510 rssneas
1002 439 1134 530 excipitur

80 558 197 610 moxque
208 541 296 590 socios
315 555 377 588 cum
388 551 465 608 parte
477 537 583 602 classis,
599 556 679 608 quarn
700 538 912 603 desideraverat,
932 555 1072 611 recuperat
1085 541 1130 612 (l,

84 621 134 688 159
147 650 181 687 ¹-
194 618 229 670 ad
240 620 259 670 f.
272 617 334 669 libri
346 618 369 689 );
383 635 460 670 casus
478 636 540 669 suos
560 620 628 671 inter
647 618 740 690 epulas
759 620 844 672 lactas
857 621 1011 673 narratione
1024 625 1134 693 exponit

80 696 92 767 (
104 698 189 753 lib..ll
199 727 234 765 “7
246 708 273 749 et
285 697 320 748 lll
330 697 349 768 ).

117 777 199 829 Gesta
209 776 267 828 haec
279 779 342 828 anni
357 776 437 846 hujus
449 795 526 840 vere;
543 777 618 848 quod
636 791 754 843 constat,
776 780 799 830 si
818 797 879 830 eum
897 777 944 829 lib.
966 780 1005 843 V,
1027 780 1079 832 626
1092 799 1131 854 sq.

80 875 221 928 compares
234 857 297 910 illa:
310 857 382 909 Nam
395 860 484 928 tejam
494 860 608 929 septima
623 869 713 928 portat
732 859 858 910 Omnibus
872 869 1002 908 errantem
1015 861 1087 912 terris
1103 881 1135 912 ac

71 936 205 1012 fluctibus
215 951 306 1003 astas,
319 939 344 1002 l,
358 937 417 1008 755.
432 937 491 1007 756.
504 941 633 1010 itaquel,
646 938 677 990 31
690 967 725 978 -
737 938 888 1009 multosque
899 957 948 1009 per
961 957 1045 990 annos
1056 942 1136 990 Enu-
1175 954 1178 966 ¹

81 1017 146 1068 bant
157 1018 211 1069 acti
216 1017 285 1088 satt's
296 1018 382 1070 maria
394 1019 484 1070 omnia
496 1019 605 1071 circum.

117 1099 227 1151 Desidet
240 1099 343 1171 aliquot
354 1117 457 1152 menses
470 1100 544 1171 apud
555 1098 689 1152 Didonem
701 1101 812 1164 AEneas,
825 1100 933 1153 tandem
946 1099 1058 1151 deorum
1076 1121 1136 1152 rno-

78 1179 140 1230 nitu
158 1179 209 1232 hae
224 1181 283 1251 ipsa
295 1193 384 1233 astate
397 1200 428 1233 ex
439 1180 536 1233 Airieae
546 1181 627 1232 litore
640 1180 732 1245 solvit,
746 1182 885 1252 ingruente
904 1193 993 1232 tamen
1006 1180 1056 1232 illo
1069 1194 1137 1233 tenr-

79 1278 164 1330 pore,
178 1279 232 1332 quo
245 1259 348 1313 turbari
359 1263 445 1314 ventis
458 1280 531 1314 mare
543 1261 620 1314 solet.
634 1263 732 1313 Versus
745 1273 808 1312 sunt
818 1260 862 1312 hi:
876 1263 925 1327 lv,
938 1259 971 1313 52
984 1279 1137 1332 caussasque¹

80 1341 186 1392 innecte
196 1342 335 1407 morandi,
352 1344 424 1394 Dum
434 1339 531 1413 pelago
543 1342 647 1394 deservit
663 1341 763 1406 hiems,
778 1352 925 1413 ctaquosus
941 1342 1039 1406 Orien,
1054 1343 1137 1410 Quas·

78 1429 196 1491 satoeque
208 1413 289 1486 rates,
308 1421 371 1471 dum
389 1439 443 1472 non
459 1418 595 1472 tractabile
611 1418 714 1472 caelum.
732 1422 859 1490 Mor193
875 1422 955 1474 Nunc
968 1420 1081 1472 hiemem
1095 1421 1137 1471 in-

79 1509 121 1549 ter
132 1518 158 1551 se
171 1499 255 1566 luxu,
274 1520 355 1573 quam
368 1498 447 1572 lenqa
455 1538 464 1565 ,
478 1499 572 1570 fouere
591 1513 656 1565 ete,
669 1501 778 1552 tandem
795 1521 821 1551 v.
835 1502 888 1570 309
902 1502 974 1570 Quin
993 1502 1072 1551 etiam
1092 1501 1135 1550 ti-

80 1577 162 1633 berne
178 1578 279 1632 moliris
290 1579 372 1631 sidere
390 1578 514 1644 clasem,
534 1578 571 1630 Et
589 1580 681 1632 mediis
697 1597 822 1651 properas
838 1578 1009 1650 aquilonibus
1031 1580 1068 1629 ire
1089 1599 1138 1650 per

80 1654 177 1708 altum.
192 1659 281 1711 Facile
292 1678 323 1712 ex
329 1658 372 1710 his
381 1659 492 1730 colligat
502 1659 612 1728 aliquis,
622 1659 737 1712 hiemem
746 1659 820 1730 apud
829 1659 961 1713 Didonem
972 1660 1054 1710 fuisse
1064 1677 1138 1710 exac-

79 1747 152 1801 tam,
165 1756 215 1790 nec
232 1740 283 1790 nisi
295 1750 424 1810 sequente
435 1756 498 1790 vere
516 1737 580 1789 hinc
593 1737 744 1790 discessisse
764 1739 904 1806 Trojanos.
926 1738 956 1786 ln
976 1735 1139 1788 adstruenda

80 1815 134 1868 liae
146 1835 175 1869 re
185 1819 284 1870 multus
297 1833 338 1871 est
349 1820 480 1889 Bargaeus.
491 1838 517 1870 v.
528 1819 570 1868 Jo.
583 1816 664 1870 Mich.
678 1819 753 1869 Bruti
765 1817 833 1889 Epp.
846 1817 886 1868 Cl.
897 1819 984 1869 Virer.
995 1837 1022 1888 p.
1034 1816 1067 1886 75
1078 1835 1137 1888 sqq.

81 1896 172 1946 Possis
185 1898 279 1961 etiam,
293 1895 366 1966 quod
378 1897 438 1960 alii,
450 1916 476 1948 v.
492 1916 515 1948 c.
529 1897 664 1962 Catroeus,
677 1898 794 1964 iaciunt,
813 1899 852 1948 ita
865 1909 990 1960 statuere,
1004 1896 1053 1947 sub
1076 1899 1145 1964 anni,

81 1976 229 2045 superioris
249 1978 348 2028 exitum
365 1979 478 2028 AEneam
499 1976 534 2028 ad
553 1977 742 2049 Carthaginem
759 1981 901 2036 accessisse
920 1979 1011 2048 ibique
1023 1976 1139 2028 hiemem
1180 2044 1183 2052 1

81 2055 208 2125 exegisse.
230 2055 281 2106 Sed
299 2069 395 2108 neutra
412 2055 510 2108 harum
530 2058 688 2126 opinionum
705 2055 908 2108 difficultatibus
921 2070 1001 2108 caret.
1020 2057 1089 2106 Nam
1101 2057 1140 2105 sie

80 2147 164 2204 poeta
177 2135 228 2185 sibi
239 2137 291 2206 ipsi
304 2136 506 2200 adversaretur,
521 2137 568 2206 qui
579 2137 690 2206 septima
698 2136 1035 2199 oesmte'Africamadiisse,
1046 2147 1072 2186 et
1083 2153 1139 2204 sep·

81 2212 150 2262 tima
161 2224 247 2264 testate
258 2216 320 2266 item
334 2215 451 2266 Siciliam
470 2216 609 2285 repetiisse
622 2214 723 2266 diceret
735 2232 796 2279 eos,
810 2216 855 2284 qui
869 2214 979 2265 diversis
991 2226 1081 2264 tamen
1094 2230 1140 2262 an-

81 2291 125 2340 nis
137 2289 190 2343 hoc
203 2305 229 2344 et
245 2293 313 2345 illud
327 2295 462 2345 fecissent.
477 2295 533 2345 Nec
545 2293 619 2357 loca,
639 2291 738 2363 quibus
760 2292 839 2344 hiems
851 2303 1027 2354 memoratur,
1047 2308 1141 2341 neces·

81 2373 157 2422 sario
171 2372 205 2422 ad
217 2373 339 2426 brumale
350 2387 456 2444 tempus
467 2374 577 2425 ducunt.
591 2373 643 2426 Sed
653 2375 741 2444 primo
754 2374 815 2424 loeo
825 2373 859 2424 de
872 2384 1029 2444 tempestate
1042 2373 1139 2442 agitur,

82 2470 140 2522 qua
151 2454 246 2505 AEneas
258 2454 293 2506 ad
302 2455 492 2526 Carthaginem
504 2456 594 2507 fuerat
605 2455 749 2525 appulsus3
763 2466 803 2504 est
815 2455 885 2505 enim
898 2453 954 2504 dies
972 2453 1006 2504 ab
1024 2452 1140 2503 adventu

82 2531 233 2598 seeundus3
245 2552 332 2604 neque
346 2534 430 2586 altero
441 2533 502 2586 loeo
510 2532 595 2586 hiems
607 2533 684 2586 aliter
697 2531 870 2604 accipienda,
886 2549 966 2600 quam
976 2530 1009 2582 de
1019 2544 1139 2598 tempore

82 2613 251 2683 procelloso,
264 2614 352 2685 quod,
371 2614 450 2685 quale
462 2615 559 2679 fuerit,
572 2616 651 2666 tertio·
666 2615 727 2666 loca
743 2624 871 2684 apparet,
890 2611 998 2662 hiberna
1014 2610 1096 2663 sidere
1114 2622 1142 2660 et

82 2690 255 2762 aquilonibus
262 2717 272 2756 ,·
286 2697 332 2765 qui
349 2696 405 2748 e'sse
418 2709 531 2766 possunt
550 2695 590 2748 illi
609 2696 661 2766 ipsi
680 2695 742 2746 stati
758 2695 845 2758 venti,
866 2694 952 2744 etesiae
972 2691 1052 2756 dicti,
1073 2708 1141 2760 quos

81 2773 178 2845 paullo
192 2777 298 2828 entend
311 2797 334 2829 a.
353 2795 362 2828 1
378 2776 466 2829 medio
478 2777 551 2828 lulio
564 2790 591 2828 et
600 2777 722 2848 Augusto
734 2774 798 2826 flare
811 2774 933 2826 (liumus.
947 2773 982 2824 cf.
995 2773 1057 2822 Not.
1069 2770 1141 2836 adl,

84 2852 147 2908 535.
161 2854 247 2907 Etiam
259 2856 305 2907 lib.
317 2859 370 2923 lv,
388 2857 455 2928 429,
467 2857 520 2923 430
533 2868 679 2908 extremum
693 2855 741 2907 hac
754 2855 853 2906 misera
865 2855 908 2906 det
918 2870 1015 2903 munus
1026 2849 1140 2912 amanti,

82 2936 224 3004 Exspectet
235 2936 401 3008 facilemque
412 2937 512 3010 sugam
529 2948 668 3008 ventosque
675 2935 799 3006 ferentes.
813 2935 870 2985 Nec
885 2931 1023 2984 Orionlib.
1038 2931 1063 2991 l,
1079 2927 1140 2979 535.

82 3015 135 3078 lV,
150 3011 182 3064 52
205 3013 285 3066 aliam
297 3034 377 3085 quam
390 3019 556 3087 tempestatis
576 3027 640 3068 orta
659 3013 881 3087 significationem
898 3010 989 3063 habeti
1012 3007 1049 3058 el:
1069 3006 1140 3058 Serv.

85 3091 123 3145 ad
135 3092 172 3156 V,
185 3092 251 3156 626,
264 3107 291 3144 et
301 3093 416 3146 Cerdam
426 3095 460 3146 ad
470 3114 493 3146 e.
507 3095 525 3145 l.

123 3171 208 3223 Solvit
226 3173 307 3243 igitur
329 3175 427 3225 AEneas
448 3171 624 3243 Carthagine3
643 3185 723 3222 vento
747 3183 836 3222 tamen
856 3165 1013 3218 adversante
1035 3181 1143 3214 cursum

87 3268 182 3304 versus
193 3251 299 3303 ltaliam
317 3270 373 3304 non
392 3265 479 3317 tenet,
498 3251 546 3303 sed
563 3247 598 3300 ad
618 3248 712 3300 Sicilia
729 3250 809 3299 litora
821 3246 926 3297 delatus
940 3242 1014 3314 apud
1033 3242 1144 3313 Erycem

87 3333 187 3382 iterum
199 3332 226 3392 in
239 3343 337 3384 terram
348 3331 482 3399 escendit,
494 3331 540 3383 lib.
555 3331 592 3395 V,
607 3346 616 3380 1
630 3357 663 3368 —-
677 3327 720 3394 34·
733 3329 782 3378 Hic
793 3325 987 3378 anniversarias
996 3321 1143 3392 patrisAn-

88 3408 169 3460 ahisar
181 3411 306 3462 Manibus
318 3412 428 3463 inferias
440 3412 507 3463 iacit
528 3423 554 3462 et
575 3407 654 3460 ludos
672 3407 799 3458 funebres
816 3404 929 3455 instituit
940 3403 977 3466 V,
997 3400 1142 3454 35—603.

88 3487 225 3557 Tempora
236 3507 268 3540 ex
278 3489 320 3541 his
332 3489 442 3562 colligas
452 3509 476 3540 v.
490 3489 525 3556 46
534 3488 648 3540 Annuus
660 3485 757 3536 exactis
766 3480 915 3555 completur
922 3480 1052 3532 mensibus
1064 3479 1143 3544 orbis,

89 3580 118 3620 et
136 3569 188 3621 626
208 3571 324 3642 Septima
341 3583 400 3644 pest
420 3573 503 3643 ijae
522 3569 724 3640 excidiumjam
745 3567 858 3617 vertitur
873 3574 944 3615 estas
965 3573 1015 3613 ete.
1039 3562 1145 3613 lnterea

90 3651 214 3719 Trojante
226 3652 350 3704 mulieres
363 3653 437 3725 longi
450 3653 548 3704 erroris
561 3649 640 3701 taedio
652 3651 743 3714 victa,
755 3660 785 3697 ut
798 3643 906 3698 tandem
918 3645 945 3694 in
957 3642 1047 3694 Sicilia
1059 3644 1146 3693 eonsi-

93 3728 213 3780 dendurn
225 3744 307 3797 esset,
321 3732 433 3786 classem
454 3730 613 3792 incendunt3
635 3739 750 3800 quatuor
766 3730 846 3778 naves
866 3722 1024 3785 combusta,
1036 3720 1145 3788 reliquae
1188 3728 1205 3762 -“

91 3823 232 3881 reparatae.
244 3813 313 3864 Tum
320 3815 431 3880 AEneas,
443 3814 539 3867 relicta
549 3811 622 3884 apud
631 3811 745 3864 Acesten
756 3809 883 3860 comitum
893 3816 986 3875 parte,
999 3803 1045 3871 qui
1053 3802 1145 3870 AEges-

91 3905 149 3944 tam
162 3908 209 3943 seu
221 3891 355 3964 Segestam
368 3895 501 3962 incolant,
514 3912 575 3946 eum
586 3892 697 3944 meliore
709 3903 785 3962 parte
800 3905 880 3940 naves
894 3885 972 3936 solvit
983 3897 1074 3933 versus
1090 3881 1146 3930 lta·
1218 3941 1221 3947 Ι

92 3971 158 4022 liam
170 3982 196 4022 et
207 3970 259 4023 hac
271 3973 330 4043 ipsa
341 3989 431 4028 testate
443 3975 572 4027 Tiberina
588 3975 658 4024 ostia
670 3971 811 4026 subvectus
830 3970 858 4019 in
877 3983 970 4037 agrum
986 3963 1146 4011 Laurentem

93 4049 224 4112 effendit.
237 4051 290 4105 Sed
301 4053 335 4108 de
346 4055 389 4110 his
406 4058 460 4111 alio
478 4056 540 4108 loeo
558 4053 717 4109 videbimus.
731 4051 774 4102 Ad
789 4049 861 4101 hune
879 4057 968 4116 autem
984 4059 1084 4094 annum
1096 4039 1146 4092 sul·
