2724 4580
212 255 335 325 ‚aax
448 325 453 340 ,
564 247 887 316 nxooasosr

208 381 339 452 originem
356 376 467 429 Junonis
486 372 549 426 odia
561 375 624 426 olim
644 373 794 444 placanda3
816 371 919 424 Graecia
935 391 952 425 a
969 373 1096 426 Romanis
1118 374 1260 435 subnotat

207 463 292 513 Julius
309 459 395 511 Caesar
412 457 461 510 diis
474 454 677 515 adscribendum
690 456 743 530 l'ax
755 453 884 504 terrarum
895 453 953 504 orbi
965 453 1069 506 reddita
1080 454 1114 505 ab
1128 455 1259 527 Augusto

207 541 397 612 (258-296).

243 623 348 673 Interea
359 621 468 671 AEoeam
481 633 564 668 novas
577 628 660 666 terras
680 614 863 684 explorantem
878 626 963 666 mater
985 614 1114 686 Nymphae
1133 617 1257 686 speciem

209 704 320 754 mentita
336 716 478 752 occurrens
491 697 642 760 edocet,in
663 713 720 765 quae
729 695 789 748 loca
798 697 917 760 venerit,
941 697 996 764 ejus
1021 698 1139 747 animum
1165 695 1257 747 firmat

209 780 276 850 (305
285 809 319 822 -
326 781 376 848 4¹7
385 781 411 852 ),
425 791 452 830 et
463 777 533 829 nube
543 788 648 846 septum
661 787 718 825 tuto
736 776 764 826 in
776 774 891 828 mediam
901 775 994 828 urbem
1004 775 1122 827 deducit.
1135 775 1255 840 Eadem,

210 873 240 914 ut
253 863 385 914 Didonem
401 862 507 931 penitus
528 857 673 909 devinciret
690 858 795 922 AEneae,
819 875 909 908 amore
924 876 983 910 earn
1005 857 1124 909 incendit
1142 855 1255 928 (657—

210 945 287 1014 7²²l
306 942 376 991 Juno
389 958 449 991 cum
468 957 516 990 sua
532 937 644 989 consilia
656 936 690 988 ad
709 935 861 1008 perdendos
882 937 1011 1006 Trojanos
1027 937 1101 988 elusa
1117 938 1208 1000 videt,
1226 936 1256 988 id

210 1019 304 1072 saltem
316 1019 533 1077 machinatur,==,t
545 1018 640 1068 AEneas
652 1035 713 1067 cum
722 1014 827 1066 Didone
840 1017 964 1086 conjugio
974 1018 1081 1083 junctus
1091 1013 1256 1087 Carthagine

211 1098 302 1150 sedem
326 1099 402 1170 figam
426 1100 464 1149 ita
494 1099 564 1149 enirn
587 1098 662 1161 fore,
692 1109 721 1146 ut
747 1097 810 1147 satis
834 1097 857 1147 ei
885 1095 1045 1148 destinatum
1064 1098 1206 1166 imperium
1228 1098 1256 1147 in

210 1180 329 1234 Africam
352 1179 526 1231 transferatur
549 1176 609 1245 (lv,
626 1169 806 1247 'roa-106).
831 1177 920 1227 Venus
944 1175 1067 1228 fraudem
1089 1176 1257 1229 subodorata

210 1259 306 1310 saltem
329 1259 481 1328 conjugium
508 1257 652 1327 paciscitur
676 1254 880 1327 (127-129);
900 1258 938 1308 ita
956 1258 1026 1308 enirn
1044 1258 1157 1308 'AEneam
1178 1268 1256 1308 tanto

212 1342 339 1392 tutiorem
356 1340 390 1391 ab
408 1338 511 1390 insidiis
528 1339 586 1388 fore
598 1336 678 1388 videt.
696 1337 731 1387 At
746 1338 865 1408 Jupiter,
882 1355 962 1407 quem
979 1337 1062 1388 Iarbae
1083 1339 1185 1407 Mauri,
1209 1341 1256 1409 qui

212 1419 344 1472 Didonem
355 1421 406 1471 sibi
422 1421 449 1470 in
466 1419 664 1469 matrimonium
681 1419 806 1487 petierat,
818 1417 943 1488 precihus
955 1430 1056 1468 motum
1067 1431 1150 1487 poeta
1163 1431 1258 1470 narrat

213 1497 406 1570 (196-218),
418 1497 550 1549 mandatis
562 1499 695 1548 Mercurio
709 1497 777 1548 datis
790 1498 876 1548 AEneae
889 1496 1043 1562 denuntiat,
1053 1509 1083 1546 ut
1094 1497 1257 1570 Carthagine

187 1616 194 1626 ,
214 1579 327 1632 decedat
338 1577 380 1646 (v.
393 1595 443 1631 220
455 1579 538 1648 sqq.).
551 1578 637 1629 Etiam
649 1579 677 1628 in
688 1576 730 1627 his
739 1577 812 1628 Jovis
822 1576 954 1628 mandatis
966 1578 1063 1628 iterum
1073 1589 1257 1629 memorantur

213 1661 275 1712 fatis
289 1659 356 1711 datae
377 1662 463 1712 AEneae
476 1661 503 1709 in
517 1658 593 1710 ltalia
610 1658 702 1721 sedes,
724 1658 837 1727 posteris
850 1658 905 1726 ejus
926 1669 1057 1709 terrarum
1071 1659 1213 1728 imperium
1231 1671 1259 1709 et

215 1741 301 1812 primo
314 1739 374 1789 loco
384 1739 491 1791 Ascanii
504 1756 613 1810 regnum
623 1734 730 1806 (229-
740 1736 790 1788 236
798 1739 815 1808 ).

251 1821 394 1889 Postquam
409 1820 506 1870 AEneas
523 1820 615 1869 Alrica
630 1817 724 1869 relicta
742 1819 838 1870 iterum
849 1817 966 1870 Siciliam
985 1819 1141 1889 appulerat,
1160 1831 1190 1869 ut
1202 1818 1258 1870 dis-

217 1916 294 1950 cessu
313 1917 344 1950 ex
360 1898 447 1950 insula
464 1911 489 1949 et
507 1897 581 1949 aditu
605 1895 687 1948 ltaliae
707 1914 766 1948 eum
787 1897 991 1962 intercluderet,
1013 1915 1110 1950 novam
1132 1898 1257 1950 fraudem

217 1977 326 2028 molitur
339 1979 424 2038 Jun03
438 1976 507 2029 lride
524 1978 605 2028 missa
622 1988 649 2027 et
669 1978 697 2027 in
710 1994 789 2028 anum
801 1978 903 2029 Beroen
924 1989 1026 2029 mutata
1044 1977 1167 2029 mulieres
1191 1978 1259 2028 Tro-

215 2058 292 2126 janas
313 2057 454 2131 hortatur,
474 2069 504 2108 ut
525 2057 636 2108 classem
658 2057 802 2108 incendant
823 2058 870 2125 (V,
889 2058 940 2116 608
962 2058 1046 2128 sqq.)
1069 2060 1146 2109 Parte
1169 2071 1259 2110 tamen

217 2137 394 2205 Trojanorum
421 2137 533 2209 Segestae
557 2134 670 2201 relicta,
694 2155 797 2201 naves,
821 2154 878 2206 quae
902 2148 1080 2207 supererant,
1101 2137 1260 2189 conscendit

217 2217 313 2268 JEneas
325 2229 351 2268 et
368 2234 474 2268 cursum
486 2217 512 2267 in
524 2215 628 2268 ltaliam
649 2215 779 2277 absolvit;
791 2228 821 2267 ut
835 2227 892 2268 tuta
911 2228 980 2269 osset
997 2218 1151 2289 navigatio,
1167 2217 1259 2270 Venus

217 2297 373 2368 Neptunum
382 2309 473 2349 exorat
484 2295 672 2368 (779-824).

253 2377 370 2428 Escensu
382 2376 417 2428 ad
430 2378 498 2428 ostia
506 2377 609 2428 Tiberis
623 2377 657 2427 ab
669 2378 771 2428 oriente
785 2378 812 2427 in
824 2377 886 2428 litus
899 2379 971 2430 facto
984 2391 1010 2429 et
1022 2379 1116 2430 animis
1133 2391 1259 2449 portento

219 2449 370 2507 mensarum
382 2473 548 2507 comesarum
560 2456 670 2508 firmatis
687 2468 775 2508 castra
786 2469 903 2527 ponunt,
926 2469 951 2509 et
973 2457 1007 2510 ad
1027 2457 1150 2510 Latinum
1171 2479 1260 2530 regem

219 2533 321 2604 legatos
334 2536 440 2584 mittunt
450 2532 508 2601 (Vll
515 2571 522 2598 ,
542 2553 552 2586 1
565 2534 643 2605 sqq.).
659 2536 713 2602 Qui
726 2537 834 2607 etipse,
847 2536 936 2589 multis
948 2540 1078 2608 portentis
1091 2551 1118 2590 et
1126 2540 1261 2591 vaticiniis

217 2614 273 2680 jam
286 2624 346 2663 ante
359 2610 392 2664 de
405 2625 554 2664 exterorum
571 2613 687 2666 adventu
700 2614 829 2682 edoctus,
841 2635 896 2668 non
912 2617 994 2668 modo
1008 2616 1154 2688 hospitium
1167 2631 1193 2670 et
1215 2637 1260 2668 so·

220 2693 344 2743 eietatem
358 2694 450 2764 regni,
466 2711 558 2744 verum
571 2706 597 2745 et
613 2697 765 2767 conjugium
777 2697 836 2749 filia
853 2710 879 2750 et
895 2699 1009 2750 Laviniae
1027 2698 1171 2768 pollicetur
1182 2698 1261 2767 (Vll,

224 2772 358 2845 1-285).
378 2775 447 2823 Tum
460 2774 529 2824 Juno
550 2772 629 2842 (Vll,
654 2776 704 2827 286
724 2777 813 2849 sqq.),
836 2795 897 2828 cum
917 2779 974 2830 fata
996 2796 1024 2830 se
1041 2790 1158 2832 retexere
1182 2796 1261 2850 posse

222 2850 361 2922 desperat,
374 2851 507 2922 idsaltem
520 2853 678 2920 meditatur,
690 2867 720 2906 ut
732 2875 821 2908 rerum
837 2870 945 2910 eventus
959 2856 1084 2910 diflerat:
1098 2857 1180 2929 idque
1190 2857 1261 2910 bello

223 2933 348 2984 adversus
370 2934 500 3002 Trojanos
521 2945 594 2984 moto
609 2933 800 3008 (sis-322).
821 2937 887 2990 Belli
913 2936 992 3007 hujus
1016 2940 1117 2992 semina
1139 2938 1211 2992 hunc
1233 2939 1262 2988 in

220 3012 331 3063 modum
344 3031 359 3064 a
370 3014 477 3064 lunone
484 3014 571 3081 jacta,
589 3025 618 3064 ut
636 3015 745 3081 Alecto,
764 3018 904 3069 Furiarum
916 3035 985 3083 una,
1005 3020 1102 3084 missa,
1120 3007 1262 3082 Amatam,

221 3091 336 3143 Lavinia
354 3104 483 3157 matrem,
505 3110 562 3162 quae
579 3091 639 3144 filiae
657 3097 856 3148 matrimonium
875 3098 966 3148 Turno
989 3110 1070 3167 pacta
1086 3108 1143 3148 erat
1154 3095 1262 3165 (341-

221 3172 304 3244 403),
316 3185 373 3224 tum
391 3174 510 3224 Turnum
526 3175 631 3243 ipsum,
652 3175 692 3228 ira
715 3189 742 3228 et
761 3178 852 3229 furore
870 3177 1046 3230 inflammaret
1061 3175 1262 3250 (loll—457),

159 3301 162 3318 ι
221 3251 329 3302 Latinos
348 3270 456 3322 quoque
479 3254 507 3302 in
528 3253 658 3322 Trojanos
682 3269 866 3326 exasperaret,
880 3257 1004 3308 'Ascanio
1028 3259 1137 3308 venanti
1159 3257 1263 3326 objecta

222 3347 301 3382 cerva
321 3348 414 3394 sacra,
439 3349 519 3402 quam
540 3332 586 3386 ille
604 3334 727 3386 vulnerat
745 3333 943 3408 (475—502),
955 3349 1011 3387 tum
1029 3336 1141 3408 Tyrrhei
1158 3337 1212 3389 filio
1234 3340 1262 3389 in

223 3409 339 3460 tumultu
351 3411 493 3480 agrestium
505 3429 572 3462 caeso
585 3410 771 3486 (531-539).
784 3417 825 3467 lta
835 3415 936 3468 bellum
948 3415 1086 3468 conflatur.
1099 3417 1160 3469 tani
1172 3429 1262 3490 portas

136 3487 139 3492 '
223 3489 283 3556 ipsa
294 3488 363 3537 Juno
373 3501 474 3540 reserat
487 3491 678 3564 (ono-623).
703 3529 705 3536 ,

260 3566 369 3616 AEneam
381 3565 415 3617 de
435 3559 511 3618 novis
531 3587 619 3621 rerum
634 3571 739 3624 casibus
758 3573 901 3626 sollicitum
919 3574 1023 3627 'liberis
1037 3575 1107 3628 deus
1126 3576 1264 3629 confirmat

224 3662 273 3714 per
294 3660 434 3710 somnum,
454 3658 660 3719 portentumque
680 3653 733 3702 suis
755 3671 815 3704 cum
841 3653 915 3704 XXX
935 3654 1060 3725 porcellis
1091 3655 1183 3726 paullo
1204 3667 1266 3726 post

226 3741 397 3776 occursurum
422 3723 531 3791 edocet,
556 3742 652 3800 utque,
671 3731 835 3786 Pallanteum
859 3736 1015 3806 profectus,
1038 3737 1193 3788 Evandrum
1205 3755 1264 3788 cunr

226 3802 376 3854 Arcadibus
401 3805 601 3858 insacietatem
626 3809 690 3862 belli
719 3812 865 3882 adsciscat,
883 3815 1006 3867 hortatur
1028 3815 1123 3885 (VIII,
1139 3819 1263 3890 1-8o):

225 3884 358 3951 Ohjicitur
369 3897 522 3954 portentum
538 3889 607 3952 suis,
627 3907 706 3960 quam
721 3895 816 3947 AEneas
834 3898 933 3948 lunoni
949 3910 1064 3963 mactat,
1086 3902 1196 3969 ejusque
1213 3901 1263 3956 iras

227 3965 386 4046 deprecatur
397 3962 532 4038 (δι-89.
551 3967 688 4045 59-61).
707 3974 776 4028 Tum
791 3979 882 4032 Venus
901 3995 976 4032 arma
986 3978 1039 4052 ipsi
1058 3980 1209 4040 avulsam
1226 3981 1267 4033 fa*
