2694 4574
174 285 239 352 na
264 283 483 350 utrumn
507 282 653 346 erico
674 243 978 380 uirorumue.
1060 285 1096 352 15
1169 303 1171 308 v

13 459 14 488 2
60 410 180 474 formas
208 425 242 472 et
265 405 502 473 sententiarum
515 405 706 492 gravitatem
730 405 835 471 multo
858 409 959 498 magis
980 429 1101 496 suppe-

60 514 159 594 ditet,
176 537 278 603 quam
290 513 356 576 vita
368 511 541 576 hominum
563 510 760 598 elegantior,
773 512 905 600 quando
924 537 1100 601 corporum

13 645 15 712 i
61 621 160 708 magis
181 619 308 690 viribus
329 634 361 681 et
377 617 564 684 animorum
589 617 716 704 impetu
733 639 772 681 ac
791 617 911 682 virtute
934 641 986 682 res
1009 642 1102 706 gere·

13 715 14 794 i
59 724 192 803 bantur,
220 747 321 812 quam
336 723 547 788 consiliorum
560 722 751 809 sagacitate,
768 739 799 786 et
820 725 897 787 artis
912 724 965 787 vel
979 724 1102 812 ingenii

61 829 250 894 subtilitate.
275 827 427 894 Tandem
455 825 607 914 gerendis
632 844 704 890 tum
727 827 824 892 rebus
848 831 910 916 ipsi
935 829 980 893 dii
1004 831 1101 895 inter·
1182 883 1183 888 ,

62 937 159 998 fnisse
171 932 405 1004 credebantur.
428 935 477 998 Ita
499 931 638 996 deorum
659 933 847 997 ministeriis
868 957 920 998 res
942 936 1102 1022 explicare

66 1059 96 1106 et
109 1064 147 1104 ex
158 1056 231 1104 toto
246 1039 340 1128 cyclo
352 1037 514 1126 mythico,
531 1059 604 1125 quae
622 1037 738 1117 vellet,
755 1036 949 1126 depromere
964 1057 1101 1127 poterat„

65 1147 179 1211 Italicis
192 1161 306 1208 autem
318 1143 438 1232 mythis
452 1143 487 1206 in
500 1166 632 1208 carmen
643 1141 794 1208 admissis
805 1166 924 1209 novem
937 1161 969 1208 et
983 1147 1103 1212 Graecis

65 1252 263 1338 incognitam
285 1249 479 1314 suavitatem
505 1247 624 1338 adjecit
638 1251 701 1333 (r).
726 1251 814 1312 Tum
839 1273 917 1314 vero
946 1253 1103 1338 praeclaro

61 1355 182 1444 judicio
205 1368 438 1441 argumentum
451 1375 491 1416 er
504 1369 616 1417 vetere
627 1354 719 1442 cyclo
745 1355 839 1442 epico
852 1354 974 1443 delegit
990 1407 998 1436 ‚
1025 1380 1103 1422 nec-

66 1459 367 1526 dumtraetatuma
390 1457 478 1522 claro
503 1458 615 1546 aliquo
639 1474 757 1546 poeta,
786 1483 847 1524 nec
872 1477 983 1524 tamen
1008 1462 1104 1549 plane

64 1565 240 1643 intactum,
265 1580 298 1628 et
323 1564 500 1628 Homerico
524 1564 662 1653 aliisque
687 1565 885 1629 carminibus
909 1568 1002 1654 quasi
1025 1547 1103 1632 con·
1136 1622 1140 1633 ,

65 1671 189 1756 tignum
203 1691 242 1736 ac
266 1669 444 1734 finitimum
459 1670 524 1755 (2).
539 1672 592 1733 lta
607 1671 695 1733 enim
714 1688 937 1759 consequutus
959 1690 1008 1736 est
1022 1673 1101 1754 hoc,

67 1791 103 1840 nt
119 1775 291 1840 materiam
305 1773 442 1840 baberet
458 1775 646 1862 copiosam,
660 1798 721 1840 nec
742 1775 880 1856 rudem,
903 1777 961 1842 sed
978 1781 1108 1867 poetica

67 1882 257 1946 tractatione
270 1879 313 1944 ab
329 1880 400 1944 aliie
408 1881 478 1968 jam
489 1879 657 1944 subactam
668 1897 701 1944 et
718 1880 761 1944 ad
776 1883 902 1969 epicam
913 1882 1105 1971 dignitatem

67 2007 102 2048 tc
120 1985 186 2048 vim
197 1983 455 2049 accomodatam.
476 1987 633 2048 Personas
649 2001 682 2048 et
701 1985 923 2064 characteres,
947 1982 1055 2053 mores
1067 2013 1105 2054 ac

67 2090 149 2154 facta
164 2091 233 2178 jam
251 2087 386 2154 aliunde
403 2105 496 2168 nota,
519 2090 768 2168 commendata,
794 2094 969 2160 constituta
986 2117 1023 2158 ac
1047 2094 1105 2157 de-

68 2195 179 2276 finita,
198 2197 361 2284 optaverit
385 2195 448 2260 sibi
465 2211 563 2282 poeta
581 2197 809 2283 unusquisque
832 2198 900 2282 (3).
926 2199 1013 2264 Illud
1025 2223 1105 2264 vero

67 2301 111 2365 ad
124 2300 372 2388 intelligendum
386 2299 532 2388 proclive
548 2315 612 2378 est,
632 2322 730 2388 quam
745 2298 895 2386 expedita
910 2301 1013 2364 facilis
1034 2323 1106 2366 esse

69 2407 184 2472 debeat
214 2409 309 2494 copia
332 2422 600 2472 ornamentorum
624 2423 657 2470 et
680 2405 905 2494 episodioram
920 2409 955 2471 in
977 2408 1032 2472 tali
1055 2431 1107 2471 ar·

69 2529 226 2600 gumento
236 2529 304 2575 tam
315 2513 379 2576 late
394 2511 468 2575 luso
484 2527 516 2575 et
534 2527 688 2599 patente,
712 2510 802 2599 qnod
819 2511 927 2598 ipsum
942 2513 1106 2576 Homerus

69 2637 121 2682 aut
144 2616 231 2682 vidit
251 2633 306 2680 aut
325 2617 444 2696 sensit,
464 2639 540 2681 cum
555 2639 595 2680 ex
618 2633 693 2679 toto·
709 2615 789 2679 belli
810 2615 945 2704 Trojani
966 2615 1107 2682 decursu

69 2747 171 2787 unum
185 2709 344 2800 heroem,
360 2745 464 2785 unum
489 2723 628 2799 facturn,
656 2721 789 2808 selegit,
813 2719 956 2810 ideoque
971 2722 1107 2786 infinitis

68 2832 136 2896 aliis
155 2831 257 2894 rebus
273 2853 312 2894 er
330 2829 421 2894 istius
444 2829 524 2892 belli
546 2828 682 2893 historie
695 2829 737 2892 ad
752 2827 978 2892 exornandum
991 2847 1023 2892 et
1038 2853 1107 2894 am«

69 2934 285 3024 plilieandum
297 2951 529 3023 argumentum
542 2951 630 2998 recte
649 2935 697 2997 uti
718 2935 834 3021 potuit.
858 2936 931 2997 Hoc
954 2957 1021 2998 nno
1047 2957 1108 2998 suo

64 3038 191 3126 judicio
208 3039 350 3126 plurima
372 3039 526 3126 praeclara
543 3039 698 3103 carminis
716 3039 766 3102 sui
787 3037 939 3126 praesidia
958 3053 990 3100 et
1009 3037 1108 3102 uber-

70 3147 169 3210 rimos
205 3147 332 3224 fruetus
364 3146 439 3209 tulit
467 3149 570 3210 Maro.
606 3149 680 3210 Non
708 3129 812 3209 novus
843 3162 875 3210 et
902 3146 1031 3230 ignotus
1060 3163 1110 3209 est
1170 3159 1173 3166 ’

70 3250 247 3316 lectoribus
268 3273 379 3314 rerum
393 3251 575 3338 priscarum
591 3250 706 3313 notitia
719 3250 827 3338 aliqua
848 3247 982 3311 imbutis
993 3248 1107 3326 heros,

70 3359 162 3448 cujus
175 3359 241 3422 lata
254 3357 309 3421 ille
322 3358 471 3444 exponit,
488 3381 549 3423 nec
561 3357 781 3447 Trojanornm
792 3379 915 3422 nomen
927 3379 964 3420 ac
977 3356 1108 3420 fortuna

101 3586 142 3658 (ι)
153 3587 193 3638 De
209 3585 261 3638 hoe
275 3585 328 3636 rid.
348 3587 455 3638 Excurs.
473 3587 515 3636 IV.
532 3589 563 3638 V.
614 3607 636 3640 e.
646 3587 663 3638 l.
676 3599 702 3639 et
712 3587 746 3638 al.
757 3585 808 3638 loc.

13 3659 14 3740 l
71 3667 198 3716 vnvm
210 3665 246 3718 ad
259 3665 305 3720 lib.
321 3666 382 3730 Vll,
402 3678 458 3716 tum
476 3664 565 3736 plures
650 3667 689 3739 (3)
696 3669 735 3720 Eo
743 3678 960 3739 spectantversns
970 3669 1108 3721 Hor-atiani

13 3751 14 3778 ³
72 3745 136 3796 alios
147 3744 272 3796 adlibros
281 3762 354 3814 seqq.
614 3749 643 3798 in
654 3747 701 3816 Ep.
721 3746 754 3797 ad
766 3749 852 3797 Pison.
871 3746 914 3798 131
932 3764 990 3817 sqq.
1007 3747 1109 3799 Rectius

13 3827 14 3872 J
105 3821 567 3895 (2)Vid.moxDisquis.11,etEx-
598 3823 757 3882 'Iliacnmo
919 3830 921 3838 ⁴

13 3947 14 3956 ἶ
73 3921 140 3962 curs.
151 3907 162 3955 1
172 3906 207 3956 ad
221 3907 268 3957 lib.
282 3907 305 3955 ll
311 3942 319 3971 ,
332 3906 439 3962 hears.
452 3905 523 3957 XVII
533 3905 568 3960 acl

13 4001 14 4026 ,
397 4013 399 4020 ,
