2718 4598
239 315 300 402 276
484 303 1025 371 1³.v1uG1L11MtR0rus

236 437 288 501 Sic
300 436 385 498 fatus
397 431 520 508 senior,
533 428 702 516 telumque
715 426 847 491 imbelle
858 427 928 491 sine
941 425 1009 508 ictu

239 539 403 629 Conjecit:
417 558 516 600 rauco
529 532 620 623 quod
632 533 782 620 protinus
794 554 857 596 aere
870 534 1054 620 repulsum,
1238 545 1282 605 545

238 648 280 712 Et
293 666 421 708 summo
433 641 530 729 clipei
542 636 767 727 nequidquam
778 637 923 702 umbone
935 636 1104 726 pependit.

239 753 300 816 Cui
312 747 469 839 Pyrrhus:
484 746 618 810 Referes
632 767 709 832 ergo
722 742 806 823 haec,
820 760 853 808 et
864 745 999 808 nuntius
1010 744 1073 808 ibis

238 855 358 922 Pelidae
371 851 519 941 genitori.
534 850 584 913 llli
596 873 668 913 mea
680 850 783 913 tristia
797 850 895 928 facta,
981 843 987 848 ’

238 968 510 1052 Degeneremque
523 957 777 1045 Neoptolemum
790 973 921 1021 narrare
933 970 1110 1020 memento.

237 1073 333 1134 Nunc
344 1088 483 1132 morere.
498 1066 570 1128 Hoc
583 1061 710 1141 dicens,
723 1063 835 1126 altaria
846 1060 888 1125 ad
900 1045 970 1149 ipb
982 1077 1180 1127 trementem
1235 1077 1280 1124 550

236 1176 349 1240 Traxit
361 1190 394 1236 et
408 1174 441 1235 in
453 1170 558 1234 multo
569 1168 753 1256 lapsantem
765 1168 923 1255 sauguine
936 1167 1018 1246 nati,

238 1281 469 1369 Implicuitque
482 1298 610 1342 comam
621 1275 719 1356 laeva,
733 1273 911 1363 dextraque
924 1296 1098 1340 coruscum

236 1385 372 1466 Extulit,
385 1407 422 1448 ac
435 1383 527 1446 lateri
539 1381 657 1469 capulo
669 1397 765 1446 tenus
777 1379 919 1460 abdidit,
933 1402 1057 1444 ensem.

268 1563 320 1620 544.
325 1562 394 1625 fatur
401 1561 475 1622 Bigot.
487 1571 510 1605 et
521 1559 586 1605 Leid.
597 1574 675 1604 ιω.-
683 1557 734 1614 545Ι
743 1559 840 1621 Projecit
848 1557 945 1603 Parthas
955 1591 963 1612 ,
972 1555 1037 1620 quod
1045 1556 1171 1602 admodum
1180 1572 1205 1603 se
1215 1573 1278 1603 com·

235 1635 338 1691 mendat,
348 1646 375 1678 ut
383 1632 428 1677 hoc
437 1631 507 1676 verbo
519 1633 609 1676 irritum
619 1633 691 1675 ictum
698 1642 771 1684 notet,
779 1629 817 1675 rel
827 1631 960 1674 Burmanno
967 1628 1057 1690 judice.
1068 1626 1184 1690 repulsum
1192 1631 1278 1674 estl’u·

237 1718 283 1766 get.
296 1703 400 1750 Perrhae.
411 1712 434 1746 et
443 1699 480 1745 ed.
489 1701 548 1745 Ven.
560 1716 613 1744 cum
623 1699 691 1744 Goth.
700 1710 752 1744 tert.
763 1697 876 1761 sepultum
883 1710 906 1742 et
913 1697 1025 1760 sepultum
1036 1707 1087 1742 este
1095 1699 1143 1744 tuis
1150 1698 1220 1743 codd.
1227 1698 1278 1744 lau-

236 1777 276 1820 dat
284 1777 381 1829 Pierius,
388 1771 451 1818 unde
457 1771 562 1816 Gilanius
569 1770 667 1815 faciebat
675 1767 796 1831 repultum,
803 1771 898 1831 antique
905 1785 950 1830 pro
956 1767 1071 1832 repulsum
1075 1768 1159 1822 ;male.
1168 1787 1190 1814 v.
1200 1763 1276 1814 Burm.

235 1841 324 1897 -546.
336 1843 357 1886 Ε
366 1856 452 1886 summo
461 1839 566 1894 Vratial.,
576 1851 603 1884 ut
614 1838 703 1884 dudum
713 1841 762 1900 ipse.
773 1837 907 1884 malueram.
917 1847 940 1883 et
949 1853 997 1883 non
1009 1840 1064 1884 citat
1075 1839 1151 1882 Lutat.
1163 1838 1193 1882 ad
1202 1838 1278 1882 Statl

235 1914 310 1959 Theb.
322 1913 374 1974 377.
385 1908 471 1971 repellit
483 1909 540 1955 alter
550 1908 632 1953 Hamb.
642 1934 673 1943 -
685 1907 737 1970 547.
751 1909 807 1953 Cum
817 1910 843 1953 P.
854 1912 936 1955 tertius
947 1910 1023 1955 Moret
1045 1918 1091 1953 tum
1100 1924 1145 1955 sec.
1156 1910 1239 1954 Moret.
1247 1929 1279 1942 -·

237 1982 288 2038 548.
299 1979 343 2026 illic
353 1979 455 2034 Zulicb.,
466 1991 489 2024 et
498 1980 582 2024 mirum
592 1991 681 2025 veteres
689 1977 724 2022 illi
729 1995 772 2040 pro
780 1978 892 2025 adverbio
902 1979 925 2024 b.
935 1978 952 2023 l.
962 1981 1085 2040 accepisse.
1097 1981 1133 2023 Sic
1143 1980 1246 2023 Donatus
1256 1989 1278 2022 et

235 2053 336 2096 Servius.
347 2048 402 2111 fota
414 2063 459 2092 sec.
476 2047 560 2092 Moret.
573 2050 650 2109 Sprot.
661 2059 685 2092 et
696 2049 779 2092 Donat.
792 2048 822 2092 ad
833 2049 927 2093 Terent.
940 2064 977 2109 ap.
990 2049 1069 2094 Heius.
1080 2048 1140 2092 dicte
1152 2048 1240 2091 Nonius
1253 2048 1279 2089 in

237 2125 307 2166 triste.
321 2120 368 2166 Sed
383 2137 405 2165 r.
422 2130 471 2163 not.
482 2143 513 2152 -
527 2119 579 2163 550.
596 2119 646 2164 Hoc
664 2119 744 2163 lleine.
757 2133 873 2164 consensu
884 2118 1006 2174 codicum,
1022 2121 1091 2163 etiam
1105 2119 1279 2170 Pierianorum;

182 2217 184 2226 v
236 2190 306 2250 vulgo
318 2188 372 2233 boec.
382 2213 413 2222 -
426 2189 478 2233 551.
496 2185 610 2232 laxantem
624 2189 684 2233 Ven.
703 2205 739 2250 pr.
757 2189 840 2233 liamb.
858 2200 882 2234 et
898 2189 967 2234 Goth.
979 2205 1015 2250 pr.
1027 2213 1059 2224 -
1070 2189 1122 2233 552.
1139 2184 1278 2248 implevitque

235 2277 281 2307 sec.
292 2261 374 2306 Hamb.
384 2275 447 2305 com
457 2259 518 2303 Gud.
528 2276 540 2304 a
551 2276 581 2303 m.
592 2277 641 2321 pr,
651 2275 700 2304 non
709 2259 780 2314 male,
791 2262 809 2305 si
820 2259 899 2305 loevam
908 2259 970 2320 legas
979 2275 1032 2305 cum
1041 2261 1119 2305 burm.
1127 2285 1159 2294 —
1167 2255 1219 2303 553.
1229 2272 1277 2302 scu-

234 2329 288 2392 puio
304 2332 379 2390 Sprot.
400 2345 412 2372 a
429 2343 459 2371 m.
477 2342 522 2372 aec.
536 2341 559 2374 et
571 2330 637 2374 Witt.
649 2329 736 2374 addidit
751 2329 814 2375 idem
832 2345 884 2374 cum
899 2328 968 2374 Goth.
984 2344 1029 2374 see.

273 2487 429 2556 544-549.
460 2489 526 2540 Sene
556 2490 624 2554 ictu,
659 2490 733 2561 quod
781 2483 1277 2560 3d7sqq.etdeAEneaclipeumAchil-

236 2567 331 2618 vulnus
343 2585 397 2617 non
409 2569 522 2630 iaceret,
539 2586 593 2618 non
609 2584 732 2639 penetra·
781 2570 813 2620 lis
825 2571 935 2621 feriente
944 2569 1018 2620 lliad.
1034 2591 1047 2618 u
1055 2607 1063 2630 ,
1079 2568 1127 2635 267
1141 2583 1181 2634 sq.
1196 2563 1275 2614 tristia
1344 2597 1345 2653 q

236 2658 288 2706 ret;
302 2645 349 2696 sed
362 2645 497 2715 perforato
508 2648 594 2711 corio,
609 2665 661 2716 quo
675 2667 733 2699 scu·
776 2647 853 2716 facta
861 2685 870 2713 ,
885 2650 987 2699 atrocia
996 2647 1022 2698 h.
1034 2647 1050 2698 l.
1063 2647 1125 2706 Mox
1135 2642 1168 2696 de
1179 2659 1276 2692 sarcas-

236 2738 292 2774 turn
311 2737 367 2776 erat
385 2722 537 2788 inductum,
557 2723 567 2792 (
579 2745 641 2776 natu
657 2745 731 2792 mox,
781 2745 824 2778 mo
833 2747 864 2778 ox
873 2729 988 2779 Homero
999 2726 1079 2777 ducto
1090 2747 1095 2775 ι
1106 2721 1275 2791 Refereseryo

234 2803 377 2873 pependit)
397 2802 430 2853 ab
451 2821 500 2854 aere
517 2804 637 2855 resiliret.
658 2804 731 2871 καφᾶν
782 2804 896 2857 ltoecetc.
919 2805 1049 2858 videndus
1068 2816 1108 2856 est
1126 2803 1224 2871 Popius
1242 2797 1276 2850 ad
1343 2795 1344 2841 l

234 2879 301 2942 βέλος
309 2881 373 2932 dixit
382 2883 458 2932 Hom.
468 2882 544 2933 Iliad.
552 2898 575 2942 λ,
585 2883 644 2951 390.
653 2901 732 2936 muco
780 2883 855 2935 Iliad.
869 2885 929 2935 Xlll
940 2885 1004 2936 obs.
1015 2886 1056 2936 31.
1342 2947 1343 2952 ¹

237 2977 301 3022 cere,
324 2977 391 3010 aereo
412 2961 514 3030 clipeo,
537 2963 582 3030 qui
605 2980 732 3030 percussu
817 2959 1274 3034 550sqq.(SenecaexpressitTroad.
1342 2953 1343 3029 l

234 3056 359 3102 raucum,
373 3039 496 3103 surdum,
509 3041 624 3090 sonitum
634 3041 731 3092 edebat
780 3044 814 3110 44
826 3062 883 3113 sqq.
897 3045 944 3095 ubi
954 3043 1070 3094 AEacidoe
1080 3041 1274 3111 retinendum).

234 3147 269 3158 -
280 3131 318 3182 et,
338 3119 531 3189 nequicquam,
553 3122 609 3170 sine
631 3122 730 3172 effectu
778 3125 808 3174 ln
820 3126 879 3193 ipsa
900 3141 959 3186 ara,
971 3143 985 3174 e
996 3140 1050 3192 qua
1059 3135 1210 3173 surrexerat
1220 3121 1275 3172 bas-

234 3210 261 3248 et
278 3198 402 3248 vulnere:
422 3202 471 3249 etsi
490 3198 559 3250 Serv.
580 3219 640 3269 per,
658 3219 729 3266 non,
778 3217 833 3254 tarn
862 3205 1025 3254 immissurus
1057 3202 1191 3264 Priamus,
1219 3213 1274 3251 tan-

234 3277 431 3344 interpretatur.
453 3277 581 3346 pependit
602 3281 629 3329 in
650 3279 729 3350 clipei
779 3300 859 3352 quam
879 3283 1013 3332 victimam
1035 3278 1184 3332 immolavit
1206 3281 1274 3329 Pria·

234 3356 317 3424 p'elle,
336 3367 363 3404 ut
382 3358 468 3406 Burm.
489 3355 592 3424 (Male¹
603 3358 729 3428 Servius)
778 3380 851 3411 mum
869 3359 1069 3429 Neoptolemus.
1089 3356 1225 3429 implicuit
1234 3375 1275 3408 co-

236 3453 289 3504 qua
306 3452 339 3483 aes
360 3435 438 3504 clipei
457 3436 595 3487 inductum
607 3434 671 3489 erat.
684 3435 730 3488 Sin
778 3457 867 3502 mam,
880 3457 943 3510 ergo
965 3457 1026 3489 cum
1044 3439 1138 3488 ceteris
1154 3439 1232 3488 armis
1249 3455 1272 3486 v.

235 3531 332 3563 aeream
349 3513 428 3583 clipei
456 3513 622 3583 superficiem
648 3517 729 3567 fuisse
779 3517 830 3588 509
847 3536 886 3587 sq.
899 3518 1003 3589 galeam
1014 3535 1068 3567 nou
1085 3529 1224 3568 sumserat.
1236 3534 1274 3566 ex·

235 3592 325 3654 malm,
339 3590 479 3642 dicendum
490 3608 543 3658 est,
553 3593 634 3645 hastae
646 3596 730 3645 aciem
779 3595 842 3646 tulit
849 3616 950 3662 ensem,
963 3615 1031 3659 non,
1044 3597 1141 3667 vagina
1152 3598 1272 3669 eutraxit,
1338 3599 1339 3602 ’

235 3689 269 3721 aes
279 3684 430 3740 penetrasse
439 3672 559 3742 quidem,
572 3673 619 3724 sed
629 3675 729 3742 impetu
778 3689 868 3728 monet
887 3678 1052 3728 Burmannus
1066 3698 1072 3724 :
1091 3675 1139 3727 sed
1155 3674 1273 3738 sustulit,

235 3749 373 3802 debilitato
399 3751 517 3815 haesisse,
546 3771 594 3802 nec
620 3753 729 3803 ulterius
778 3755 925 3806 intentavit.
945 3758 1030 3807 Versu
1050 3753 1109 3824 529.
1131 3753 1184 3810 530
1206 3753 1272 3804 hasla

235 3843 396 3902 provectam.
410 3830 482 3899 Saepe
504 3829 536 3880 de
556 3831 610 3880 ictu
630 3831 731 3883 imbelli
779 3834 903 3885 utebatur
928 3834 1054 3906 Pyrrhus;
1085 3851 1147 3886 cum
1175 3833 1271 3887 eminus

235 3908 299 3960 tolia
307 3907 379 3979 apud
386 3910 543 3973 Homerum,
556 3908 728 3977 v.c.11iad.7‚
778 3923 880 3984 peteret
891 3912 1003 3966 Politen.
1060 3913 1063 3922 ’
