2718 4598
324 269 560 336 nuarnos
584 269 738 335 arnan
761 272 810 334 11.
1031 293 1097 360 299
1171 229 1176 237 ’

42 396 108 463 Sed
121 421 176 462 me
188 417 308 484 magna
320 394 421 461 deum
433 395 593 465 Genetrix
601 393 653 460 his
666 393 794 460 detinet
806 392 881 458 oris.

41 507 186 593 Jamque
198 504 285 583 vale,
300 518 332 568 et
344 504 412 567 nati
425 525 519 568 serva
531 502 716 567 communis
728 523 886 566 amorem.

43 610 125 674 Haec
137 606 196 672 ubi
209 607 296 673 dicta
309 607 415 688 dedit,
430 608 671 688 lacrimantem,
686 624 720 673 et
731 607 836 672 multa
847 605 1015 672 volentem
1051 632 1096 680 79⁰

39 713 179 795 Dicere,
193 716 353 796 deseruit,
368 716 545 806 tenuisque
557 717 694 782 recessit
706 717 740 780 in
753 737 858 780 auras.

41 823 112 885 Ter
124 840 262 888 conatus
275 822 321 886 ibi
333 823 421 888 collo
434 822 512 887 dare
524 822 659 889 brachia
671 824 814 903 circum;

41 929 110 993 'l'er
122 930 243 994 frustra
255 951 450 1018 comprensa
463 951 580 993 manus
593 929 713 1017 effugit
725 930 855 1016 imago,
892 923 901 930 ”

42 1038 105 1098 Par
115 1035 245 1102 levibus
257 1035 378 1113 ventis,
392 1034 588 1122 volucrique
601 1035 769 1097 simillime
781 1055 910 1098 somno.

40 1141 94 1207 Sic
106 1140 245 1206 demum
256 1142 363 1208 socios
376 1155 550 1205 consumta
564 1155 662 1204 nocte
674 1139 793 1204 reviso.
1053 1149 1107 1214 795«

85 1251 196 1337 Atque
208 1247 263 1315 hic
275 1249 444 1335 ingentem
455 1247 616 1312 comitum
627 1245 807 1312 adfluxisse
820 1267 986 1310 novorum

44 1354 183 1419 Invenio
196 1352 361 1418 admirans
373 1375 569 1433 numerum;
582 1369 771 1442 matresque
783 1353 954 1442 virosque,

38 1460 232 1524 Conlectam
246 1460 358 1524 exsilio
369 1458 508 1547 pubem,
522 1456 710 1522 miserabile
722 1459 850 1545 volgus.
889 1521 892 1528 ,

45 1564 203 1654 Undique
216 1587 417 1643 convenere,
430 1565 549 1642 animis
561 1562 749 1653 opibusque
762 1565 884 1651 parati;
953 1577 955 1581 ’

44 1675 83 1735 In
98 1693 325 1760 quascumque
338 1671 438 1735 velim
449 1671 567 1760 pelago
581 1667 747 1734 deducere
760 1685 872 1732 terras.
1052 1679 1097 1728 800

42 1781 186 1865 Jamque
194 1777 283 1866 jugis
296 1799 432 1841 summae
445 1775 601 1864 surgebat
612 1775 748 1841 Lucifer
759 1773 842 1852 ldae,

85 1929 139 1992 788.
150 1942 185 1972 me
194 1927 276 1972 detinet
289 1927 371 1972 llamb.
385 1926 419 1972 hic
429 1928 524 1974 destruet
533 1927 570 1974 ed.
583 1928 644 1972 Van.
651 1952 683 1962 -
692 1927 746 1988 789.
758 1941 824 1971 sema
833 1928 882 1981 noti
889 1923 1003 1971 Montalb.
1010 1940 1098 1971 umores

45 2004 119 2047 Graes.
130 2024 162 2035 -
172 2015 224 2060 79⁰·
236 1998 304 2062 pluro
312 2015 334 2042 v.
345 1999 367 2044 d.
385 1999 451 2046 Leid.
459 2025 490 2035 -
502 2015 556 2061 79¹·
568 1999 661 2042 Discere
677 2013 723 2043 aec.
740 1997 822 2042 llamh.
831 2021 864 2031 —
875 2013 928 2059 79²·
942 2005 1037 2043 conotus
1048 2004 1098 2041 erat

44 2070 148 2119 Macroh.
162 2071 181 2113 V
198 2072 243 2115 Sat.
259 2086 281 2132 7.
295 2067 354 2116 colla
369 2079 393 2114 et
407 2070 429 2115 d.
446 2069 545 2116 Dorvill.
563 2068 703 2116 eurumdem
719 2068 812 2114 brachia
827 2067 884 2114 collo
902 2084 948 2114 sec.
968 2069 1054 2113 Moret.
1065 2090 1098 2101 —

46 2139 186 2206 792-794.
199 2139 273 2185 lidem
284 2155 363 2186 versus
376 2140 419 2185 ini.
433 2139 478 2196 Vl,
491 2141 630 2202 7oo-7o3.
640 2165 672 2175 —
682 2139 734 2202 793.
744 2155 876 2202 comprensa
888 2141 967 2186 Heius.
980 2154 1033 2184 cum
1042 2138 1097 2181 Me-

46 2217 92 2260 dic.
103 2225 127 2259 et
138 2213 233 2274 optimis
248 2213 345 2266 ceterit3
362 2211 402 2256 alii
413 2227 553 2275 compresso,
569 2210 633 2274 quod
649 2212 740 2257 Pierius
753 2209 882 2273 praetulisse
896 2210 997 2256 videtur.
1008 2206 1097 2254 zulich.
1162 2207 1166 2218 ’

45 2299 169 2347 compress.
180 2297 225 2328 aec.
238 2282 320 2326 llamh.
333 2291 414 2328 conata
421 2283 436 2337 ;'
448 2295 569 2345 perpetuae
578 2284 725 2328 variationes.
738 2281 834 2346 Aliquot
843 2283 905 2328 Pier.
918 2283 1002 2336 etiam,
1019 2295 1096 2324 manu.

45 2383 76 2392 -
89 2355 141 2418 794.
153 2355 201 2400 Par
212 2352 228 2397 l.
239 2356 331 2415 pennis,
343 2371 364 2400 υ.
375 2369 393 2399 r.
408 2363 474 2400 vento
486 2353 572 2400 Medic.
586 2355 671 2410 Pierii,
687 2370 715 2399 ex
729 2353 918 2416 interpolatione.
933 2369 952 2398 a.
963 2352 1032 2416 firmo
1043 2351 1097 2396 Ma-

45 2428 110 2472 crob.
121 2429 142 2470 V
153 2429 200 2472 Sat.
214 2427 239 2481 5,
252 2436 278 2470 ut
290 2425 359 2470 alibi:
373 2425 416 2471 ini.
429 2427 458 2482 V,
469 2425 522 2488 749.
533 2425 567 2470 tv
577 2426 662 2488 Georg.
679 2425 732 2487 449.
741 2425 808 2490 ferro
823 2425 889 2472 Leid.
903 2443 955 2472 am.
970 2442 1006 2487 pr.
1023 2423 1098 2470 Faber

46 2498 187 2544 emendabat
195 2499 288 2552 sommo,
298 2499 353 2560 quia
366 2493 436 2560 lrtlpp
444 2493 516 2547 latare
526 2487 666 2561 apscraecos
674 2499 783 2543 occurrit.
796 2497 841 2543 Sed
851 2513 928 2544 somno
935 2496 1018 2560 quidni
1028 2505 1098 2557 poeta

45 2586 112 2632 aeque
123 2569 186 2615 bene
197 2568 296 2624 dixerit,
304 2570 346 2630 qui
359 2581 382 2615 et
400 2570 462 2631 ipse,
476 2570 498 2620 si
513 2585 637 2626 excussus,
650 2568 768 2631 dispulsus
779 2570 864 2625 fuerit,
876 2569 986 2626 solvitur,
996 2566 1097 2621 diffluit,

46 2643 171 2687 evanescit.
183 2641 243 2696 Nec,
254 2643 273 2686 si
284 2641 511 2704 somniumcogitare
527 2657 623 2689 necesse
639 2643 681 2697 sit,
698 2643 825 2705 quicquam
842 2643 955 2704 impedit,
971 2640 1096 2704 quominus

45 2725 150 2756 somnum
161 2710 191 2756 de
201 2725 229 2756 eo
239 2712 351 2772 accipias,
365 2722 391 2756 ut
404 2710 478 2757 simile
492 2709 562 2774 plane
571 2715 601 2759 sit
615 2712 650 2758 illi
667 2712 731 2774 apud
746 2711 856 2775 Apollon.
876 2714 917 2769 lv,
927 2714 971 2775 877
991 2705 1055 2755 atat
1073 2702 1097 2752 Ji
1150 2732 1152 2742 ι

44 2780 108 2844 πνοιῇ
120 2777 182 2828 iaia»
193 2779 279 2841 ὅμως,
291 2776 340 2828 iur’
350 2775 425 2843 inqu
434 2777 464 2828 Bi
472 2779 489 2844 ῥ’
498 2779 557 2844 ipat.
568 2810 600 2820 -
607 2784 659 2848 796.
676 2783 711 2830 hic
720 2783 785 2831 abest
794 2796 846 2831 tert.
859 2783 969 2831 Rottend.
980 2782 1096 2846 ‹zjjluxisse

46 2851 95 2898 cluo
107 2851 189 2896 llamh.
199 2876 231 2886 -
247 2852 299 2914 798.
312 2867 342 2898 ex
358 2851 400 2898 ilio
416 2853 496 2900 licina.
514 2855 644 2902 secundum
655 2857 741 2901 Donati
759 2857 897 2917 scripturam
909 2854 1037 2918 probabat,
1056 2849 1097 2895 sed

45 2923 120 2967 invito
130 2933 212 2967 metro.
220 2921 275 2966 Mox
287 2921 350 2968 idem
359 2921 424 2968 malit
433 2924 533 2985 jungere
543 2942 548 2972 z
560 2929 610 2971 mro.
620 2924 702 2990 cubus
711 2926 809 2990 undique
818 2941 881 2972 conv.
895 2934 918 2970 ot
926 2925 975 2969 nris.
985 2918 1095 2967 Rottend.

45 3003 99 3036 tert.
112 2988 214 3036 mirabile
223 2991 289 3036 Leid.
298 3017 331 3027 —
340 3009 393 3055 799.
409 2996 535 3059 animasque
547 2995 631 3043 Moret.
645 3011 691 3042 tec.
704 3009 728 3044 et
741 3012 777 3059 pr.
790 2993 900 3041 Rottend.
910 3019 941 3031 -
951 2995 1004 3040 800.
1014 2991 1095 3036 decur-

8 3071 10 3078 ’
46 3075 96 3104 rere
106 3059 168 3107 Gud.
174 3093 181 3115 ‚
194 3075 237 3122 pro
246 3060 293 3106 div.
306 3061 360 3108 lect.

45 3184 115 3236 seder
122 3184 364 3258 superbas‚regiar'n
370 3189 547 3258 superborum
633 3180 789 3260 792-‘794
803 3190 901 3240 Versus
914 3184 987 3237 ducti
997 3204 1029 3238 ex
1037 3186 1094 3236 Ho-

47 3263 227 3316 dominorum.
240 3259 342 3335 4788.
358 3266 458 3338 Magna
467 3267 547 3320 deum
596 3287 670 3320 mero
682 3268 776 3341 Odyss.
799 3283 825 3328 λ,
841 3266 996 3333 205—207.
1016 3265 1094 3317 Unde

46 3343 143 3394 Mater.
164 3344 277 3395 Videtur
294 3345 390 3395 innui:
413 3363 429 3396 a
450 3345 547 3418 Cybele
595 3350 731 3418 petierunt
753 3346 845 3398 etalii.
864 3347 899 3397 cf.
921 3364 979 3416 sup.
995 3344 1092 3416 Georg.

46 3439 105 3472 eam
119 3423 146 3473 in
160 3425 324 3475 consortium
336 3441 392 3476 esse
403 3437 547 3477 assumtam
595 3429 639 3493 IV,
652 3429 710 3479 500.

46 3514 177 3571 tanquam
186 3501 467 3574 Nymphaminpatrio
478 3503 544 3555 solo.
632 3509 691 3578 798.
715 3502 855 3557 Culleolum
873 3501 981 3568 exsilio,
995 3502 1030 3555 ad
1050 3506 1094 3555 iu·

46 3580 86 3630 De
103 3579 284 3633 Creustefatis
302 3582 336 3641 ci.
354 3581 416 3633 Exn.
436 3583 546 3632 xtu-
574 3603 680 3658 qam,
702 3585 817 3655 pubem,
838 3585 949 3653 juvenes
975 3602 1090 3654 quoque.

47 3661 108 3728 789.
126 3659 222 3730 plenus
241 3662 355 3718 affectus
366 3679 467 3714 versus.
480 3664 546 3714 Prae-
594 3667 658 3717 Mox
670 3683 729 3736 799.
743 3681 818 3734 opes,
830 3665 951 3715 fortunas
965 3659 1091 3716 ad'naves

45 3739 254 3811 clarnmllocum
267 3741 399 3812 Propertii
424 3743 459 3793 IV
479 3754 546 3803 extr,-
593 3743 756 3808 faciendas,
793 3743 960 3796 instruendas
994 3755 1020 3795 et
1054 3739 1092 3796 lic

46 3818 89 3884 73.
104 3818 153 3887 74,
167 3831 193 3871 et
204 3820 295 3891 Eurip.
308 3821 405 3876 Alcest.
427 3823 479 3894 378
488 3824 545 3894 jam
594 3843 684 3896 porro.

45 3897 133 3998 Cffda
146 3898 273 3952 laudavit.
630 3905 689 3959 801.
703 3905 774 3958 Noto
786 3917 927 3978 poetarum
948 3921 1038 3966 more,
1055 3903 1090 3953 cf.
