2656 4592
370 281 603 350 nnnrnos
626 285 780 350 sinan
803 288 864 352 iv.
1075 289 1137 378 to

98 410 281 500 Imprecor,
294 429 383 472 anna
394 409 508 488 armis3
521 427 669 496 pugnent
681 411 810 500 ipsique
821 427 1035 502 nepotesque.

143 519 222 582 Haec
233 516 291 594 ait,
306 531 338 580 et
349 516 450 604 partis
462 516 608 579 animum
621 516 770 581 versabat
782 519 816 582 in
830 519 953 599 omnis;
976 523 977 537 ¹
1092 534 1137 580 630

94 623 241 687 Invisum
253 643 403 710 quaerens
416 622 670 709 quamprimum
682 622 878 712 abrumpere
891 625 1008 690 lucem.

93 730 184 826 Tum
196 727 340 792 breviter
351 729 474 792 Barcen
486 729 649 792 nutricem
660 727 768 794 adfata
781 729 922 818 Sychaei:

92 837 244 925 Namque
258 857 350 898 suam
361 833 465 922 patria
476 835 611 924 antiquo
623 836 704 900 cinis
717 853 787 900 ater
798 834 955 902 habebat:

91 945 236 1020 Annam,
251 964 324 1007 cara
336 940 418 1004 mihi
430 941 554 1021 nutrix,
568 940 634 1005 huc
646 942 722 1006 siste
736 963 900 1022 sororem3

91 1049 171 1127 Dic,
184 1067 304 1138 corpus
316 1063 472 1137 properet
482 1047 607 1112 fluviali
620 1069 772 1136 spargere
784 1045 931 1136 lympha,
1093 1062 1136 1108 oss

125 1253 179 1315 629.
195 1255 246 1298 lam
259 1261 340 1317 precor
356 1254 403 1299 duo
416 1255 543 1299 Burmann.
558 1269 623 1299 arnse
637 1257 691 1299 viris
709 1269 744 1316 pr.
763 1255 846 1300 llamh.
864 1271 887 1318 p.
906 1257 990 1318 ipsique
1006 1263 1139 1319 nepotesque

90 1327 173 1372 Heius.
193 1329 296 1388 reposuit
312 1343 325 1372 e
341 1326 426 1372 Medic.
441 1325 538 1388 aliisque
555 1326 685 1387 potioribus
701 1326 770 1372 codd.
783 1327 860 1389 Vulgo
870 1326 915 1389 leg.
936 1331 1020 1390 ipsique
1036 1337 1124 1389 nepotes
1130 1346 1139 1382 ,-

90 1408 117 1442 et
136 1399 168 1442 sic
185 1397 332 1442 Grammatici
351 1397 434 1458 passim
452 1393 563 1450 laudant;
580 1398 611 1441 sic
628 1412 722 1459 quoque
738 1413 818 1444 ornnes
837 1397 906 1444 Goth.
925 1400 982 1460 (ipsi
996 1407 1139 1462 puqnentque

90 1475 185 1528 nepotes
200 1467 284 1512 Mores.
304 1481 345 1528 qn.
365 1481 393 1512 ex
408 1464 611 1527 interpolatione).
628 1469 655 1510 ln
670 1483 718 1530 qno
733 1466 801 1514 facilc
817 1468 917 1530 intelligi
934 1471 1018 1530 pessit,
1039 1467 1139 1514 alterum

88 1551 137 1599 que
160 1536 247 1582 librarii
266 1535 334 1598 culpa
354 1537 462 1581 extritum
480 1551 537 1582 esse.
557 1536 659 1580 Videtur
678 1549 756 1582 tamen
773 1537 831 1582 mihi
849 1553 892 1600 que
911 1537 972 1583 illud
990 1542 1015 1583 in
1036 1537 1139 1584 clausula

90 1609 165 1653 totius
185 1610 305 1654 sententiae
324 1619 348 1653 et
368 1609 478 1653 orationis
499 1607 633 1654 redundans
651 1610 689 1653 vix
710 1607 787 1653 locum
805 1612 866 1654 tueri
885 1624 969 1670 posse,
989 1608 1027 1654 vel
1048 1611 1138 1654 aurium

86 1677 190 1739 judicio.
206 1679 266 1722 Tum
285 1680 371 1740 ipsique
391 1691 439 1722 non
459 1677 541 1732 habet,
563 1676 628 1740 quod
645 1677 767 1722 commode
787 1678 833 1723 huc
853 1678 958 1725 advoces.
977 1680 1035 1722 Nam
1052 1678 1139 1724 debent

90 1763 143 1794 csse
157 1760 196 1793 aut
212 1751 256 1810 ipsi
277 1751 340 1807 Tyrii
346 1764 353 1792 :
370 1760 419 1793 tum
435 1763 491 1793 vero
508 1746 603 1809 languet
618 1760 670 1809 post
686 1750 805 1809 superiora
819 1747 893 1793 multo
903 1749 1021 1810 graviora:
1037 1756 1138 1810 puqnent

90 1821 137 1881 ipsi
149 1830 172 1864 et
185 1831 297 1880 nepotes3
313 1831 353 1864 aut
367 1817 460 1881 populi:
475 1821 540 1880 atqui
552 1821 648 1880 quinam
659 1830 713 1864 sunt
727 1817 861 1880 populorum
874 1819 979 1882 nepotes?
988 1819 1138 1862 Heumannus

91 1900 118 1934 et
134 1887 249 1948 Trappius
265 1901 288 1934 et
305 1889 342 1932 lo.
363 1887 484 1934 Schrader.
508 1889 532 1932 in
550 1886 658 1944 schedis,
676 1900 750 1934 totum
768 1888 940 1934 hemistichium
957 1885 1140 1933 rescindendum
1196 1907 1199 1909 ·

89 1976 142 2006 esse
156 1959 307 2021 judicabant,
324 1951 434 2022 tanquam
451 1973 568 2016 assntnm5
584 1960 672 2007 scilicet
689 1962 744 2006 viris
762 1960 835 2006 doctis
853 1976 902 2006 non
917 1959 1079 2012 succurrebat,
1096 1958 1139 2018 qui

89 2029 129 2076 illi
142 2031 365 2092 Carthaginiensium
376 2042 473 2093 nepotes
484 2047 532 2076 esse
542 2043 643 2093 possent.
657 2029 832 2076 Holdsworthus
842 2031 927 2076 lnba'm
938 2030 984 2074 buc
994 2028 1102 2082 vocabat,
1115 2037 1139 2071 et

87 2101 201 2148 laudabat
217 2104 304 2148 Lucani
320 2102 399 2147 locum
411 2101 451 2147 lib.
466 2103 533 2158 Vlll,
553 2103 597 2149 283
615 2117 666 2165 sqq.
680 2105 748 2148 Dicas
759 2104 861 2164 potuisse
876 2114 969 2164 poetam
979 2100 1047 2146 latius
1059 2101 1137 2160 ipsum

88 2173 209 2219 Bocchum
229 2191 255 2219 ac
275 2173 425 2236 Jugurtham,
443 2173 510 2223 Afros
530 2185 606 2228 certe,
626 2175 668 2218 etsi
685 2188 733 2218 non
748 2175 843 2234 proprie
862 2171 1046 2232 Carthaginiensi
1065 2170 1136 2228 stirpe

89 2244 217 2300 oriundos,
228 2244 367 2307 intelligere.
381 2246 464 2290 Parum
474 2255 552 2290 tamen
561 2243 606 2290 hoc
616 2260 710 2307 quoque
720 2244 845 2289 satisfacit.
856 2243 999 2289 Alterutrum
1008 2237 1138 2287 tenendum

92 2329 142 2358 esse
153 2314 266 2359 arbitror:
279 2328 332 2369 aut,
342 2314 406 2376 quod
418 2313 510 2368 malim,
524 2329 554 2359 ne
567 2313 669 2359 clausula
682 2315 776 2358 tenuior
784 2315 813 2358 sit
823 2312 913 2375 reliqua
923 2314 1040 2364 oratione,
1050 2311 1076 2354 in
1085 2323 1138 2352 sus-

90 2385 210 2446 picionem
228 2383 393 2429 adducendum
410 2383 582 2429 hemistichium
591 2401 598 2438 ;
617 2395 668 2440 aut,
686 2386 704 2429 si
719 2383 801 2439 malis,
816 2387 868 2429 cum
884 2385 1031 2429 excusatione
1047 2391 1136 2442 poeta,

89 2457 205 2511 retinere,
221 2455 358 2517 simpliciter
369 2465 460 2519 nepotes
473 2468 527 2502 sunt
542 2459 644 2518 posteri,
661 2471 711 2502 sera
723 2457 860 2517 posteritas,
877 2471 907 2501 sc.
922 2467 1030 2516 respectu
1042 2467 1137 2504 eorrmr,

44 2533 49 2542 ⁴
89 2527 133 2586 qui
145 2538 194 2570 tum
204 2537 317 2581 erant,et
330 2525 464 2572 ,tollendum
478 2529 639 2588 importunum
650 2525 805 2590 que-«632.
828 2527 885 2571 Cum
902 2525 934 2570 br.
949 2523 1020 2569 Wall.
1038 2523 1097 2566 Hinc
1110 2521 1136 2564 B.

90 2595 189 2642 brento
199 2597 281 2642 llamb.
293 2598 359 2644 alter.
372 2601 444 2644 Porro
455 2599 564 2654 Burcem,
574 2597 684 2652 antem,
694 2597 796 2654 Boeben,
808 2597 920 2653 Braccen‚
931 2594 1033 2642 Rarchen
1044 2593 1138 2639 aberra-

91 2668 175 2712 tiones.
191 2665 264 2712 Sicbei
274 2677 309 2713 est
317 2668 365 2714 duo
374 2671 499 2714 Burmann.
510 2686 565 2715 cum·
574 2669 642 2715 Goth.
654 2685 699 2714 sec.
710 2695 741 2704 -
750 2669 803 2714 633.
821 2670 889 2714 Hunc
903 2683 995 2716 versum
1005 2649 1138 2728 suspectum

90 2735 204 2782 Britanno
216 2735 285 2783 docto
296 2753 322 2783 ac
334 2740 479 2786 vindicatum
493 2740 546 2786 vide
559 2742 584 2785 in
592 2739 691 2785 Miscell.
703 2739 758 2785 Obs.
767 2775 774 2796 ,
784 2739 836 2785 Vol.
852 2739 875 2796 l,
887 2755 939 2802 pag.
955 2739 989 2784 13.
1001 2740 1138 2798 Suspectum

89 2805 173 2852 haberi
182 2807 251 2854 video
261 2821 284 2854 et
293 2809 358 2865 aliis,
371 2823 396 2856 ut
407 2813 456 2857 lac.
469 2813 576 2876 Bryant,
587 2823 610 2857 et
619 2813 656 2856 Jo.
669 2810 811 2874 Schradero,
826 2815 899 2859 acutis
909 2815 970 2859 viris.
983 2813 1042 2856 Sane
1052 2811 1070 2854 si
1081 2809 1138 2853 vitio

88 2875 159 2920 datur
171 2888 259 2935 poeta,
271 2879 336 2939 qnod
350 2893 462 2926 renntam
478 2886 543 2944 parvi
556 2894 596 2928 aut
612 2881 699 2926 nullius
713 2884 825 2927 momenti
841 2883 997 2942 interposuit,
1013 2876 1138 2923 excusandi

90 2945 189 2990 facultas
198 2958 272 2992 esset:
282 2964 335 2993 cnm
344 2951 415 2996 fidem
425 2953 511 2998 faciant
521 2953 618 2998 narratis
628 2951 673 2997 hoc
682 2955 733 3012 ipso
743 2965 830 3012 poetae,
840 2952 905 3013 qnod
914 2953 984 2997 certis
993 2945 1138 3001 nominibus,

90 3018 175 3073 rebus,
186 3016 255 3074 locis,
267 3021 445 3077 readeSninn13
457 3024 498 3070 sed
509 3036 563 3069 sunt
573 3026 598 3068 in
607 3025 658 3084 ipso
670 3038 738 3068 versu
748 3021 829 3084 plura,
844 3038 896 3084 quae
906 3022 1057 3083 displiceant:
1073 3033 1139 3062 suam

89 3104 134 3151 pro
154 3090 222 3150 ejus3
237 3091 292 3138 cinit
308 3091 333 3134 in
351 3095 426 3152 patrue
442 3094 556 3138 nutricem
574 3090 675 3136 latebat.
696 3093 736 3136 Est
755 3094 834 3154 itaque
851 3091 914 3136 haud
931 3091 1001 3135 dubie
1020 3088 1049 3134 ab
1062 3089 1139 3131 inter-

90 3160 197 3223 polatore
214 3161 444 3223 profectus-635.
462 3179 579 3229 aspergere
596 3165 670 3218 Vem,
689 3163 755 3225 quod
766 3175 800 3208 est
816 3179 947 3210 commune.
966 3173 1063 3224 merpere
1081 3155 1139 3202 alter

92 3231 188 3292 Menag.
712 3255 715 3264 ·

91 3421 221 3472 limitibus
232 3424 301 3474 inter
313 3426 407 3476 Poenos
420 3438 446 3477 et
457 3427 591 3477 Romanos
641 3425 779 3487 crevisset,
796 3425 911 3485 Barcen,
929 3438 986 3490 quas
1003 3437 1064 3469 cum
1081 3417 1140 3486 ipsa

91 3500 224 3554 subtiliter
247 3505 310 3554 satis
333 3505 423 3556 refert.
450 3504 591 3555 Enimvero
641 3516 712 3567 erat,
725 3506 796 3556 foras
810 3503 923 3574 ablegat.
937 3497 1043 3552 -633.
1059 3496 1139 3548 Suana

92 3593 132 3632 est
149 3583 255 3651 poetica
272 3582 479 3654 amplificatione
496 3582 552 3634 odii
565 3596 592 3636 et
641 3585 778 3656 propriam
790 3584 921 3634 nutricem
932 3581 1002 3633 Dido
1011 3581 1067 3649 jam
1075 3577 1139 3628 olim

93 3663 250 3725 inimicitis,
270 3675 300 3714 ¹11
321 3663 401 3735 vulgo
418 3663 533 3716 solemus
552 3662 591 3714 di·
642 3664 714 3735 apud
726 3665 823 3735 Tyrum
835 3662 1000 3733 sepeliverat.
1024 3661 1059 3709 Ut
1073 3656 1138 3708 alins

92 3759 152 3792 cere
162 3761 168 3788 τ
180 3745 270 3795 omnia
279 3745 348 3795 inter
357 3745 491 3826 Romanos
501 3755 529 3795 et
537 3744 592 3794 Pee-
641 3743 743 3796 tumulo
750 3783 759 3809 ,
780 3742 911 3815 sepulcro,
931 3760 998 3792 urna
1005 3776 1014 3803 ,
1035 3734 1138 3797 ltaberi,

94 3839 143 3872 nos
155 3823 236 3875 fuisse
247 3825 343 3878 infesta
356 3839 382 3877 et
395 3826 537 3878 contraria.
642 3825 724 3876 teneri
736 3824 861 3876 dicuntur
873 3821 1007 3874 defuncti:
1020 3818 1058 3866 sic
1067 3831 1138 3866 nunc

130 3901 190 3953 632.
210 3905 246 3953 Ut
258 3905 316 3957 sola
328 3917 354 3956 et
367 3908 423 3957 sine
437 3906 537 3957 arbitro
550 3921 592 3956 es·
643 3905 708 3958 cinis
718 3907 806 3976 patria
818 3903 919 3974 (term)
932 3899 1054 3952 habetur.

96 3993 150 4046 set,
168 4003 228 4035 cum
243 3998 356 4039 mortem
369 3986 420 4038 sibi
432 3987 530 4038 inferre
545 3984 592 4036 de·
763 3979 767 3985 ’
