2742 4586
432 277 760 342 lummmur
967 283 1106 372 x189

78 421 196 474 rumque
208 412 332 474 captant,
344 419 398 452 non
408 403 534 452 sermonis
547 405 674 454 rationem
685 415 712 453 et
723 401 989 472 analogiaeveritatem
998 423 1110 477 sequun-

79 497 131 536 tur.
145 485 205 534 Nec
217 482 301 532 multo
315 480 437 535 subtilior
450 481 534 532 altera
550 500 581 532 ex
595 480 658 531 Julii
676 480 783 533 Caesaris
801 481 944 533 Pontifical.
964 483 1009 534 lib.
1028 487 1065 550 ΙΙ,
1084 499 1111 537 et

79 565 185 616 Catone
196 565 224 613 in
236 562 326 632 Origg.
339 572 485 615 memorata
493 561 663 632 etymologia,
675 573 704 612 ut
715 561 789 612 Julus
800 581 815 612 a
823 563 901 626 Jove,
912 563 1006 628 Jonas,
1019 564 1109 630 dolus,

79 645 176 709 Julus,
191 643 301 694 ductum
313 642 353 692 sit.
367 659 391 692 v.
406 641 482 692 Auct.
502 641 626 712 deOrig.
644 641 674 692 G.
693 643 767 692 Rom.
788 661 810 694 c.
836 640 873 694 15.
893 643 983 696 Altera
1000 647 1027 695 in
1045 645 1071 695 h.
1092 646 1111 695 Ι.

83 725 197 794 quaestio
205 735 259 786 est,
271 739 304 772 an
314 738 362 790 pro
371 722 493 771 carminis
502 721 570 789 epici
577 722 726 788 majestate,
736 733 762 770 et
771 721 798 770 in
807 721 879 770 Jovis
887 723 1017 788 oratione,
1028 741 1113 792 eaque

81 805 117 856 ad
129 806 277 866 Venerem,
289 803 374 852 AEneae
386 801 509 865 mairem,
523 801 681 872 etymologia
696 801 754 851 talis
771 814 841 852 recte
853 803 950 854 inserta
962 822 1017 855 esse
1029 803 1114 855 videri

80 887 176 956 possit.
190 886 295 934 Partem
307 879 469 932 difficultatis
481 880 546 930 vidit
557 882 715 931 Britannus
708 899 735 930 m
747 879 858 932 Miscell
875 882 940 932 Obss
953 883 1011 934 Vol.
1025 885 1043 933 Ι
1056 903 1082 954 p.
1096 881 1112 934 5

82 977 109 1014 ct
121 965 170 1026 82,
190 961 316 1013 adversus
329 978 407 1042 quem
420 971 445 1010 et
457 960 494 1010 ibi
507 958 612 1010 doctiss.
626 958 719 1010 Editor
731 970 756 1009 et
768 958 839 1010 adh.
853 959 870 1009 l.
883 941 1046 1013 Burmannus
1058 962 1115 1012 dis-

82 1053 193 1111 putant,
207 1041 297 1090 nescio
312 1057 345 1090 an
356 1023 495 1089 commode
506 1040 576 1088 satis.
590 1040 678 1096 Potest
691 1037 797 1107 quidem
814 1037 920 1090 defendi
933 1053 1013 1108 poeta
1023 1041 1115 1092 hacte-

82 1140 147 1186 nus,
162 1119 256 1192 quod
249 1138 276 1169 m
287 1119 399 1190 Augusti
408 1119 519 1189 gratiam
529 1131 555 1169 et
566 1117 600 1169 ad
610 1119 749 1186 majorem,
761 1136 839 1187 quam
848 1119 990 1188 populares
1000 1139 1040 1171 sur
1034 1121 1115 1174 'inde
1173 1153 1175 1160 ι

83 1219 180 1271 capere
195 1210 333 1270 poterant,
345 1197 521 1266 voluptatem,
533 1199 612 1248 etiam
624 1209 718 1267 praeter
729 1192 881 1248 πιθανότητα
890 1210 915 1248 et
925 1199 1114 1264 subtilitatem,

83 1281 201 1344 intexere
210 1275 312 1345 aliquid
318 1293 372 1325 non
381 1275 524 1336 dubitavit;
533 1287 619 1345 potest
628 1293 747 1345 quoque,
756 1274 828 1344 quod
837 1275 1033 1349 Eschenburgio
1041 1279 1072 1327 V.
1084 1277 1117 1334 C„

83 1361 218 1430 placuisse
230 1357 322 1420 video,
334 1358 437 1426 Jupiter
448 1356 533 1407 videri
542 1358 639 1410 Veneri
650 1356 763 1408 voluisse
776 1356 826 1406 hoc
838 1357 866 1406 in
875 1359 1028 1408 memoriam
1039 1376 1115 1408 revo-

84 1459 153 1490 care.
175 1440 232 1489 Nec
246 1450 333 1488 tamen
344 1438 430 1486 minus
442 1438 479 1486 ita
493 1436 604 1488 alterum
618 1454 721 1488 versum
736 1435 769 1486 ab
787 1435 873 1486 aliena
883 1455 963 1490 manu
976 1440 1114 1490 accessisse

84 1520 220 1588 suspicor,
238 1517 292 1566 sive
307 1527 405 1579 totum,
425 1516 478 1565 sive
495 1527 555 1584 post
569 1514 697 1578 Additur,
710 1533 770 1564 cum
783 1533 798 1566 a
811 1527 891 1584 poeta
904 1515 1004 1566 scilicet
1016 1519 1115 1584 imper-

83 1601 169 1650 fectus
182 1609 251 1650 esset
262 1594 375 1648 relictus
389 1595 476 1646 Nam
468 1596 650 1665 interpretatio
663 1595 727 1644 ista.
747 1592 804 1644 Ilus
824 1605 893 1658 erat,
913 1595 976 1644 dum
995 1613 1032 1646 res
1048 1597 1117 1646 stetit

85 1679 139 1730 Ilia
152 1697 245 1750 regum·
260 1694 346 1746 perse
359 1677 462 1745 inepta,
472 1676 555 1727 multo
568 1677 647 1726 etiarn
654 1675 736 1766 magis
745 1674 826 1726 aloco
836 1673 982 1726 hocaliena
994 1688 1039 1726 est.
1048 1675 1117 1725 Tum

87 1778 120 1810 an
133 1777 212 1829 aequo
226 1757 289 1807 satis
301 1755 382 1806 latine
399 1755 529 1824 adjectum
540 1757 586 1819 sit,
598 1756 704 1806 nescio:
699 1745 780 1804 ·ilum
790 1771 857 1824 resp.
852 1755 998 1822 Trojano,
1008 1772 1116 1825 regnum

87 1838 245 1904 Trojanum,
262 1836 349 1898 stetit,
364 1833 468 1886 duravit
474 1836 590 1906 ‚regnop
605 1835 656 1884 nisi
672 1846 748 1904 putes
762 1833 869 1884 delendi
885 1851 961 1903 posse
974 1853 1004 1884 ex
1016 1834 1061 1884 lib
1077 1835 1116 1898 ΙΙ,

87 1917 120 1968 88
133 1917 205 1966 Dum
213 1914 302 1988 *stabat
312 1932 390 1985 rcpno
404 1874 540 1966 incolitmis
552 1912 703 1966 Palamedes
715 1937 721 1964 :
735 1915 780 1964 ubi
793 1913 892 1964 dictum
903 1926 990 1967 tamen
1002 1931 1057 1964 esse
1070 1932 1118 1982 ap-

85 2007 163 2065 paret
175 1996 279 2064 poetico
292 2011 342 2044 usu
352 2013 415 2064 pro,
429 1995 490 2044 dum
503 2011 611 2064 requam
619 1996 673 2064 ejus
683 1995 767 2044 stabat
775 1993 905 2044 incolume
913 1993 939 2044 h.
949 2013 972 2044 e.
981 1995 1035 2062 ejus
1045 1994 1118 2062 regia

86 2074 201 2144 dignitas
216 2086 271 2124 erat
283 2075 356 2124 salva
369 2085 395 2124 et
407 2075 514 2124 intacta.
528 2073 603 2124 Certe
616 2073 716 2143 judicio
735 2074 846 2124 acutiori
860 2090 991 2142 parumse
1003 2071 1116 2143 probare

85 2165 177 2223 potest
189 2171 278 2206 versus
291 2167 344 2206 tam
353 2155 468 2222 jejunus.
480 2153 519 2204 De
530 2151 642 2204 Ascanio
653 2170 677 2202 v.
689 2153 749 2202 Exe.
762 2153 833 2203 XVIl
845 2151 879 2224 ad
887 2151 932 2203 lib.
945 2152 976 2202 11.

361 2451 714 2554 excursus
749 2455 838 2541 rx.

449 2613 714 2712 2mmmmy

122 2788 147 2850 Ι,
162 2781 314 2854 291—296.
327 2780 424 2852 Aspera
437 2793 491 2833 tum
501 2784 591 2854 positis
605 2783 838 2835 mitescentsoecula
851 2784 930 2838 belles.
946 2786 1016 2840 Cana
1028 2793 1117 2858 Fides,

87 2877 115 2916 et
125 2866 201 2918 Vesta
208 2862 303 2927 ,Remo
315 2860 465 2929 cumfratre
477 2862 612 2930 Quirinus,
623 2863 690 2912 Jura
703 2863 817 2914 dabunt:
812 2863 892 2913 daroe
895 2865 969 2932 ferro
981 2878 1007 2917 et
1015 2887 1120 2940 compa-

85 2947 163 3017 pibus
170 2954 231 2994 artu
244 2941 405 2993 Claudentur
413 2939 482 2990 Belli
493 2952 582 3031 portae.
591 2943 694 2992 Furor'
685 2943 780 3012 turpius
791 2943 859 2993 intus
867 2943 938 2994 Soeva
947 2947 1033 2998 sedens
1044 2967 1121 3018 super

87 3043 181 3087 αππ,α
201 3033 226 3072 et
240 3031 343 3071 centum
360 3020 540 3071 vinctusaenis
551 3021 614 3072 Post
625 3031 723 3092 tergum
736 3021 824 3085 nodis,
836 3021 935 3088 fremet
951 3023 1067 3078 horridus
1076 3047 1119 3084 ore

88 3114 202 3158 cruento.
215 3099 444 3172 splendidissimus
463 3099 537 3150 locus
550 3113 576 3152 et
594 3102 659 3151 Jove
675 3102 835 3152 vaticinante
849 3100 950 3172 dignus.
964 3103 1054 3155 Fidem
1067 3108 1119 3171 ait,

88 3185 230 3255 religiones
242 3182 341 3252 patrias
354 3193 379 3232 et
389 3179 559 3231 concordiam
569 3180 675 3231 abolitis
684 3180 760 3232 bellis
771 3200 801 3232 ac
812 3181 950 3234 discordiis
960 3201 1015 3247 esse
1024 3203 1120 3256 regna-

88 3281 172 3316 turas.
185 3264 288 3312 Mutata
300 3260 356 3310 haec
366 3262 393 3311 in
404 3277 545 3330 personas,
559 3272 584 3312 et
599 3260 705 3330 quidem
718 3260 781 3311 deos
794 3259 924 3331 deasque:
938 3263 1042 3328 Fidem,
1058 3265 1120 3318 Ves-

89 3356 159 3408 tam,
170 3353 272 3414 pctaem
291 3336 440 3408 Quirinum.
455 3339 529 3392 Fides
540 3354 621 3405 cano,
635 3343 697 3409 quia
710 3341 774 3390 alias
788 3341 888 3410 prisca,
901 3343 1026 3412 antiqua,
1039 3343 1119 3396 dicta.

91 3424 184 3486 Vesta,
198 3419 296 3491 quipp'e
309 3420 433 3470 Romanis
449 3421 537 3490 patria
549 3438 631 3490 eaque
645 3421 826 3488 antiquissima
838 3420 963 3493 religione
976 3421 1047 3473 culta
1061 3442 1123 3478 cum

90 3505 157 3573 ipsis
172 3501 328 3564 Penatibus,
341 3501 375 3552 cf.
389 3500 445 3550 AEn.
461 3500 497 3563 ΙΙ,
509 3500 573 3568 296,
587 3514 612 3552 et
622 3502 725 3570 imperii
737 3517 847 3569 praeses,
859 3503 887 3552 in
899 3505 972 3570 cujus
985 3501 1039 3553 aede
1053 3505 1121 3574 ignis

89 3599 166 3633 sacer
175 3579 337 3632 servabatur.
350 3580 402 3645 (Ut
412 3578 542 3648 pudicitia
554 3597 601 3648 per
618 3598 676 3630 earn
694 3578 856 3649 designetur,
868 3579 986 3630 Romano
999 3581 1123 3649 equidem

88 3677 163 3710 more
171 3657 229 3714 fieri
237 3674 315 3727 posse
324 3675 377 3708 non
388 3657 509 3708 arbitror.
520 3656 715 3727 )Quodautem
726 3657 866 3726 Quirinum
879 3675 938 3708 cum
948 3657 1121 3727 fratrellemo
1149 3675 1150 3678 ’
1192 3677 1194 3681 ’

90 3739 233 3808 nunejurn
245 3735 320 3800 dare,
331 3735 358 3786 h.
368 3755 390 3787 c.
401 3753 524 3806 regnare,
536 3737 647 3806 imperio
654 3735 774 3787 Romano
781 3753 904 3806 preesse,
915 3755 970 3787 rem
977 3737 1123 3789 Romanam
1161 3739 1162 3744 ’

92 3816 174 3878 tueri,
193 3815 241 3878 ait,
261 3815 289 3864 in
306 3812 347 3864 his
361 3814 537 3866 concordiam
550 3814 656 3883 quidem
668 3817 764 3866 civium
777 3817 851 3865 innui
863 3833 954 3886 posse,
973 3817 1123 3866 Burmanno
1198 3831 1199 3834 ’

92 3913 147 3945 non
159 3893 328 3962 refragabor,
340 3907 369 3944 ut
378 3896 446 3946 forte
454 3912 503 3964 pro
512 3912 559 3958 eo,
573 3894 645 3964 quod
654 3893 767 3959 diceres,
780 3896 837 3948 fore
845 3908 874 3946 ut
884 3893 1026 3946 concordia
1037 3905 1063 3945 et
1071 3903 1124 3963 pax

92 3971 170 4025 bellis
183 3970 304 4024 civilibus
317 3985 342 4025 et
352 3971 490 4028 discordiis
503 3975 595 4045 sopitis
605 3984 692 4045 vigeat
702 3991 732 4025 ac
744 3972 849 4038 floreat,
862 3987 941 4044 poeta
950 3971 1090 4025 Romulum
1098 3981 1124 4020 et
