2694 4574
173 275 239 338 nn
263 272 484 338 erumna
507 244 650 338 nereo
672 273 974 371 vrnormluo.
1051 274 1093 342 ‘13

61 399 203 489 aliquam
218 399 365 488 speciem
379 420 416 462 ac
429 397 620 486 dignitatem
636 399 811 479 evenisset,
833 399 971 464 deorum
985 401 1095 489 itaque

61 505 248 570 ministeriis
270 504 380 569 omnia
400 502 655 591 exsequabatur‚
677 504 832 593 quoniam
854 508 967 594 priscis
990 506 1094 571 homi-

62 611 157 674 nibus
171 610 237 675 hoc
252 624 320 673 erat
340 629 548 696 persuasum,
570 605 722 672 humanis
739 609 836 674 rebus
849 613 999 698 gerendis
1012 615 1095 678 inte·

63 738 148 782 resse
167 714 248 780 deos
263 729 439 802 praesentes
454 713 624 801 multoque
643 714 744 801 magis
764 733 942 802 praesentes
953 717 1096 784 adfuisse

63 821 156 886 rebus
171 821 269 907 gestis
284 836 414 908 patrum
428 835 542 896 aetate,
567 813 700 908 injicere
719 842 773 888 eus
787 820 960 886 hominum
980 826 1096 889 animis

63 927 146 994 bona
159 926 212 991 vel
224 948 325 1014 prava
339 924 491 1004 consilia,
512 922 655 1012 objicere
667 925 813 1012 pericula
826 949 864 992 ac
885 925 1096 1008 discrimina,

7 1049 8 1054 ’
66 1034 173 1112 irasci,
191 1030 321 1109 dolere,
339 1046 506 1109 metuere,
527 1051 678 1116 sperare3
699 1030 888 1095 versabatur
901 1030 962 1096 sub
981 1031 1099 1098 eodem

66 1139 143 1204 coelo
167 1153 201 1202 et
215 1136 340 1201 adierat
361 1157 399 1198 ea
419 1134 510 1213 loca,
531 1135 565 1198 in
591 1133 710 1222 quibus
724 1158 776 1199 res
791 1136 867 1215 illae,
887 1159 907 1200 a
933 1137 1099 1204 famatam

7 1251 8 1254 ’
66 1243 234 1333 magnifice
260 1257 397 1320 ornatae,
431 1241 561 1306 fuerant
596 1256 713 1326 gestae3
745 1240 899 1305 utebatur
925 1265 1096 1326 sermone,

65 1365 178 1414 natura
197 1370 256 1412 sua
269 1345 416 1434 poetico,
432 1344 496 1410 hoc
514 1360 581 1424 est,
601 1367 662 1432 per
679 1345 953 1434 philosophorum
973 1348 1098 1414 subtili·

65 1469 181 1531 tatem,
196 1451 229 1516 et
242 1450 413 1515 rhetorum
426 1472 464 1515 ae
477 1451 762 1538 grammaticorum
776 1453 935 1538 argutiaS,
951 1455 1101 1519 nondum

64 1560 164 1626 fracto
181 1574 213 1622 et
231 1573 419 1634 attenuato,
440 1554 498 1620 sed
519 1555 575 1643 qui
598 1556 740 1620 multum
764 1555 872 1621 adhuc
887 1558 1047 1622 retinebat
1061 1583 1101 1625 ex

7 1675 9 1690 ²
65 1664 188 1751 antiqui
205 1663 365 1726 sermonis
377 1659 498 1725 indole.
518 1661 576 1724 Est
589 1677 699 1724 autem
720 1662 869 1726 omniurn
888 1663 1021 1727 rudium
1039 1666 1099 1728 lin-

65 1790 247 1855 guarumea
265 1766 414 1844 indoles,
436 1781 474 1829 ut
489 1788 540 1830 res
559 1764 602 1829 ad
625 1787 758 1830 sensum
776 1785 924 1847 revocet,
950 1768 1100 1859 adeoque

7 1871 8 1876 ’
64 1895 155 1938 sensa
176 1871 278 1954 animi
302 1888 334 1935 et
357 1871 512 1958 cogitata,
540 1871 642 1962 etiam·
658 1871 807 1960 physicas
828 1890 860 1937 et
883 1873 1005 1940 ethicas
1029 1897 1102 1940 sen-

65 1979 196 2056 tentias,
213 1998 272 2063 per
286 1998 397 2039 rerum
406 1991 553 2052 naturas,
569 1977 800 2062 proprietates,
815 1979 916 2058 vices,
929 1981 1099 2062 utilitates,

63 2097 200 2169 propter
213 2078 460 2145 similitudinem
475 2080 619 2166 aliquam
632 2082 800 2146 translatas
813 2084 865 2146 vel
876 2082 1099 2164 adumbratas,

7 2187 8 2224 l
65 2185 232 2264 dederet,
253 2185 372 2273 quibus
387 2185 539 2250 omnibus
555 2186 683 2271 poetica
702 2187 750 2248 vis
773 2186 825 2248 vel
848 2187 986 2250 maxime
1006 2189 1100 2254 inest.

64 2293 148 2361 Haec
161 2289 245 2354 stad
268 2309 455 2354 sermonem
480 2289 624 2376 priscum
645 2289 835 2352 Graecorum
847 2290 1100 2376 ,transferimum

64 2419 131 2460 non
150 2396 345 2460 mirabimur
356 2395 524 2474 evenisse,
549 2411 586 2458 ut
608 2393 882 2482 philosophorum
895 2420 1029 2485 quoque
1043 2421 1102 2462 an-

64 2501 247 2589 tiquiorum
255 2500 426 2588 opiniones
435 2499 488 2564 vel
496 2501 741 2588 praeceptiones,
753 2500 885 2565 rudium
892 2503 1102 2590 ingeniorum

64 2610 191 2696 impetu
218 2607 452 2694 pronuntiatae,
489 2606 634 2692 speciem
660 2607 853 2672 narrationis
878 2609 1039 2673 factorum
1069 2626 1103 2673 et

65 2731 262 2780 eventorum
279 2711 471 2781 induerint.
498 2715 596 2778 Ortus
619 2735 649 2776 v.
672 2737 699 2778 c.
728 2713 844 2777 mundi
873 2737 911 2778 ex
935 2713 1016 2781 chao
1041 2739 1102 2804 per

63 2845 209 2909 pugnam
222 2819 460 2888 elementorum
472 2821 505 2882 in
520 2796 674 2907 personas
688 2837 720 2884 et
731 2819 811 2885 debs
826 2839 1102 2888 commutatorum

62 2927 164 2994 abiis
190 2942 261 2992 erat
292 2942 467 2990 enarratus.
491 2925 651 2990 Successit
677 2948 752 2990 ecce
775 2927 955 3005 Homerus,
980 2929 1037 3015 qui
1065 2952 1102 2992 ea

63 3033 205 3100 maxime
227 3031 351 3118 ingenii
379 3029 521 3095 sollertia
551 3046 599 3096 est
624 3053 721 3110 usus,
749 3048 786 3096 ut
810 3031 962 3109 videret,
993 3055 1101 3097 narra-

62 3138 169 3202 tiones
178 3137 239 3200 has
251 3152 424 3222 poetarum
435 3137 655 3223 superiorum,
670 3136 789 3224 quibus
799 3137 846 3210 illi
857 3135 1102 3224 philosophicas

64 3241 231 3308 doctrinas
252 3241 566 3327 interpretabantur,
591 3243 726 3305 omnino
752 3243 974 3306 narrationum
996 3244 1101 3330 poeti-

65 3370 178 3412 carum
194 3347 269 3412 loco
284 3347 440 3410 inservire
454 3367 568 3433 posse,
593 3347 636 3409 ita
648 3363 704 3425 ut,
721 3369 793 3434 quae
812 3348 947 3433 apoetis
961 3363 1035 3410 ante
1050 3370 1100 3427 se,

66 3473 105 3520 ex
131 3453 233 3540 prisci
262 3453 421 3516 sermonis
448 3469 582 3529 natura,
615 3451 759 3538 exposita
791 3467 899 3516 essent
925 3451 1102 3542 symbolica

66 3581 178 3632 rerum
203 3561 416 3647 cogitatarum
441 3558 710 3637 adumbratione,
733 3581 771 3622 ea
790 3581 809 3621 a
833 3581 867 3622 se
882 3543 946 3646 pro
964 3559 1055 3626 factis
1070 3575 1103 3622 et

66 3663 141 3729 fatis
161 3664 306 3730 deortnn
328 3679 545 3729 narrarentur.
568 3667 637 3728 Hac
653 3664 859 3751 potissimum
883 3665 1007 3726 ratione
1025 3661 1101 3728 doc-

66 3769 185 3854 trinam
200 3769 243 3834 de
259 3769 321 3834 diis
333 3771 495 3859 poeticam
507 3787 539 3834 et
550 3787 689 3860 systema
701 3767 835 3858 aliquod
847 3766 1103 3857 mythologicum

65 3874 275 3956 condidisse;
295 3875 409 3942 saltem
427 3875 565 3966 posteris
580 3875 749 3964 reliquisse
775 3873 905 3940 videtur
919 3873 1101 3945 Homerus,
