2694 4574
393 285 459 349 na
481 285 676 365 annunt,
703 305 783 350 sic.
1001 250 1004 254 ἢ
1064 292 1103 359 55

8 423 9 466 1
64 429 137 472 nom
149 408 212 471 etsi
227 429 297 472 non
308 408 410 496 magis
423 426 522 496 poeta
535 434 554 474 a
568 431 603 474 se
617 409 726 498 petiit,
741 434 845 500 quum
860 399 997 479 Homeri
1008 419 1107 481 resti·

65 514 122 599 giis
136 514 318 592 insisteret,
339 513 383 577 ita
399 529 509 578 tamen
525 539 602 580 eum
621 517 675 580 illa
690 517 725 580 in
739 539 775 581 re
789 533 954 584 versatum
969 543 1054 601 esse,
1070 539 1108 587 ut

66 618 266 707 elegantiore
279 618 421 709 judicio,
437 619 561 709 majore
576 620 682 700 cultu,
701 637 734 685 et
746 624 956 712 exquisitiore
972 645 1105 712 ornatu,

65 724 174 788 omnia
187 740 456 814 persequeretur.

107 831 216 895 Etiam
228 830 517 920 hancargumentI,
530 830 621 921 quod
631 850 729 920 poeta
738 834 945 899 tractandum
954 837 1016 902 sibi
1026 861 1110 905 sum-

8 935 11 950 '
66 953 163 1016 serat,
177 936 370 1002 felicitatem
381 937 525 1026 aliquam
537 936 723 1002 habendam
736 962 808 1016 esse
822 963 920 1029 supra
931 945 941 1026 (
952 943 1066 1033 Disqu
1083 947 1109 1009 1.

67 1063 88 1106 s.
104 1043 210 1128 VIII)
225 1042 382 1122 diximus,
400 1043 505 1132 quod,
529 1067 633 1132 quum
646 1067 709 1130 per
719 1043 852 1110 deorum
867 1050 1046 1114 ministeriu
1057 1041 1110 1115 res

67 1165 151 1214 esset
163 1147 388 1238 exsequenda,
401 1150 562 1214 offerrent
571 1171 606 1214 se
616 1151 756 1216 lunonis
768 1168 800 1215 et
811 1153 949 1217 Veneris
959 1155 1111 1237 numina,

67 1278 138 1344 quae
160 1273 271 1345 poetae
291 1277 412 1320 caussae
431 1273 499 1320 tam
520 1256 675 1345 praeclare
696 1255 861 1338 serviunt,
885 1261 1113 1346 potentissima

67 1363 135 1442 illa,
161 1378 195 1427 et
215 1363 287 1451 ipsa
305 1362 417 1426 fabula
431 1361 500 1453 jam
524 1361 652 1429 dudum
676 1383 879 1445 consecrata,
903 1390 994 1447 nam,
1020 1366 1114 1457 quod

68 1468 187 1556 insigni
206 1468 346 1532 Veneris
366 1491 445 1532 cura
465 1467 597 1533 habitus
618 1486 667 1534 est
688 1471 819 1549 AEneas,
844 1469 879 1534 id
902 1494 942 1536 ex
965 1475 1112 1537 Homero

67 1573 227 1639 familiare
244 1573 307 1638 sibi
321 1573 422 1638 habet
438 1574 555 1654 lector,
572 1592 605 1639 et
618 1575 637 1640 J
639 1577 759 1640 unonis
776 1574 892 1640 odium
904 1578 938 1640 in
950 1577 1113 1668 Trojauos

67 1705 133 1747 non
150 1683 262 1745 minus
275 1703 315 1744 ex
331 1683 478 1745 Homero
494 1698 611 1745 notum
626 1698 685 1747 est.
698 1683 771 1745 Jam
786 1682 905 1745 eximio
919 1681 1030 1772 aliquo
1045 1683 1113 1748 for·

66 1802 155 1852 tunae
175 1785 342 1851 beneficio
363 1809 415 1852 res
439 1786 484 1850 ita
504 1785 649 1866 ferebat,
679 1803 716 1851 ut
736 1787 871 1853 alterius
895 1785 965 1852 deae
989 1812 1114 1855 numen

68 1892 407 1983 Carthaginiensibus,
433 1909 466 1958 et
486 1916 563 1959 mox
583 1896 699 1958 Turno
718 1893 961 1960 accommodari
986 1872 1113 1983 posset,

67 2001 167 2065 altera
183 2016 296 2065 autem
313 1999 374 2064 dea
394 1998 461 2064 uon
480 1998 582 2064 modo
600 2015 757 2090 tanquam
771 2003 998 2065 Romanorum
1012 2003 1115 2068 tutela

68 2109 231 2172 constanti
244 2101 405 2194 'religione
421 2104 586 2170 coleretur
599 2106 708 2188 (conf.
722 2107 853 2170 Lucret.
867 2109 882 2168 l
897 2128 946 2193 pr.
959 2111 983 2190 ),
998 2129 1115 2172 verum

69 2215 168 2278 etiam
186 2212 284 2277 Juliae
303 2212 408 2300 gentis
425 2211 532 2299 prima
550 2211 649 2298 stirps
668 2227 702 2274 et
716 2211 808 2298 origo
823 2208 1011 2274 haberetur.
1026 2233 1057 2275 v.
1072 2211 1114 2277 ad

67 2319 123 2384 lib.
142 2321 171 2396 l,
186 2321 319 2384 Excurs.
335 2317 382 2383 1¹⁸.
398 2317 591 2382 anunonis
606 2334 717 2381 autem
733 2314 810 2381 odio
823 2313 1008 2395 tractando,
1026 2315 1114 2383 etad

69 2426 234 2514 poetieam
248 2425 316 2490 vim
326 2422 557 2514 temperando,
572 2439 679 2513 poetae
689 2421 848 2510 prodesse
861 2440 1001 2510 potuere
1016 2424 1115 2490 etiam

68 2534 235 2623 r'qazaslaa,
252 2533 410 2613 carmina,
429 2555 503 2622 quae
520 2531 600 2596 olim
614 2530 766 2596 extabant
780 2530 822 2596 de
838 2530 999 2611 Hercule,
1017 2533 1115 2622 quale

70 2663 99 2704 r.
117 2663 145 2707 c.
169 2638 349 2705 Stesichori
370 2639 442 2704 fuit.
464 2638 606 2703 lunonis
627 2635 717 2702 enim
738 2635 822 2702 odiis
843 2635 986 2724 plurima
1007 2637 1041 2700 in
1064 2637 1116 2704 his

70 2745 226 2812 videntur
237 2745 339 2810 fuisse
351 2742 518 2833 expedita3
532 2766 596 2833 qua
609 2743 643 2807 in
658 2765 694 2806 re
700 2743 771 2832 jam
785 2757 835 2806 tot
846 2743 881 2806 in
895 2740 975 2806 locis
991 2735 1116 2808 Homo-

71 2875 124 2918 rns
135 2853 325 2946 praeiverat,
341 2876 372 2916 v.
385 2874 413 2918 c.
428 2848 519 2915 Iliad.
537 2884 565 2926 c,
585 2873 655 2937 119.
673 2857 705 2933 g,
721 2849 783 2914 256
798 2869 870 2936 sqq.
887 2883 916 2923 0,
934 2839 973 2911 25
989 2868 1060 2937 sqq.
