2742 4586
366 256 603 328 AENEIDOS
627 259 780 326 LIBER
804 264 853 330 11.
914 303 916 308 ·
1069 269 1130 356 227'

87 381 243 448 Conciliis
254 405 261 445 :
274 396 307 444 et
319 401 380 444 nos
390 379 528 472 aliquod
539 403 728 471 nomenque
742 383 912 474 decusque

87 489 270 554 Gessimus.
284 486 413 554 Invidia
424 505 600 580 postquam
612 491 745 578 pellacis
759 490 846 559 Ulixi
1105 515 1135 572 90'

86 596 205 688 (Haud
217 597 329 685 ignota
340 596 476 686 loquor)
488 599 615 685 superis
627 599 789 668 concessit
799 599 840 664 ab
854 600 935 665 oris:

87 707 250 782 Adflictus
262 707 363 782 vitam
376 707 410 770 in
423 694 567 772 tenebris
580 707 739 797 luctuque
750 708 936 791 trahebam,

88 815 131 878 Et
142 835 256 878 casum
268 812 407 880 insontis
420 836 552 879 mecum
564 813 759 902 indignabar
770 817 876 891 amici.

88 925 158 986 Nec
171 923 259 986 tacui
270 921 426 1002 demens3
437 938 472 986 et
483 945 553 1004 me,
565 924 633 988 fors
645 925 674 988 si
687 947 751 1012 qua
762 925 905 1006 tulisset,

88 1031 122 1098 si
133 1031 257 1118 patrios
269 1053 416 1119 unquam
428 1053 627 1110 remeassem
638 1033 744 1100 uictor
754 1033 796 1098 ad
808 1037 927 1122 Argos,
1075 1041 1076 1044 ’
1107 1029 1138 1114 pi

90 1138 230 1204 Promisi
243 1135 402 1220 ultorem;
416 1153 449 1200 et
460 1138 568 1203 verbis
581 1136 658 1204 odia
669 1161 783 1227 aspera
794 1141 894 1205 movi.

88 1290 181 1338 haesisse
193 1287 289 1354 quodue
301 1301 395 1334 acutum
402 1288 507 1351 judicem
515 1291 552 1335 Jo.
565 1290 721 1337 Schraderum
733 1307 745 1336 e
759 1289 851 1337 schedis
862 1291 976 1356 intelligo.
988 1321 1020 1332 -
1029 1294 1059 1358 89
1078 1297 1141 1343 con:

87 1360 158 1416 nidis,
166 1359 254 1406 Medic.
262 1375 315 1404 cum
324 1357 469 1404 melioribus.
479 1358 525 1404 alii
532 1359 647 1416 Consiliis,
655 1372 681 1406 ut
693 1375 773 1407 omnes
782 1360 892 1418 Pieriani,
903 1363 950 1410 duo
958 1381 987 1411 ex
997 1367 1067 1413 Goth.
1075 1369 1138 1415 Gud.

89 1431 188 1482 Mentel.
197 1433 281 1478 Moret.
289 1443 325 1493 pr.
332 1433 391 1476 Sane
399 1432 488 1492 Regum
496 1447 538 1480 seu
547 1433 680 1494 Principum
689 1433 718 1479 de
726 1449 799 1494 regno
807 1434 985 1482 deliberantium
993 1437 1059 1487 suere
1066 1443 1143 1487 censii

90 1503 163 1558 lia,et
171 1505 202 1548 ita
210 1505 304 1566 proprie
313 1501 427 1548 deberent
440 1501 494 1550 dici.
507 1502 553 1548 Sed
565 1513 640 1564 poetae
649 1502 759 1549 videntur
768 1503 793 1548 id
805 1507 885 1566 sequi;
897 1506 961 1567 quod
973 1523 985 1551 a
997 1507 1087 1570 vulgari
1097 1527 1141 1558 usu

87 1573 209 1621 receditet
216 1584 308 1634 ponunt
314 1569 589 1634 consilia.-··9o.fallecis
595 1571 663 1617 multi
670 1573 782 1634 coddap.
791 1575 868 1621 Heius.
880 1587 903 1620 et
912 1575 1023 1631 Piscium,
1032 1594 1102 1640 quem
1109 1598 1140 1634 v..

90 1643 157 1708 quod
165 1655 199 1689 est
206 1641 309 1703 vulgare.
318 1642 350 1687 cf:
357 1641 433 1688 Bentl.
442 1642 473 1688 ad
479 1644 558 1688 Horat.
567 1643 681 1688 IllGarm.
691 1659 712 1704 7,
720 1659 758 1689 ao.
770 1641 842 1702 Ulyxe
848 1636 926 1690 Heins.
934 1645 958 1690 h.
967 1645 982 1690 l.
992 1658 1017 1691 ut
1026 1662 1078 1709 sup.
1087 1667 1109 1695 v.
1118 1667 1140 1711 7.

90 1712 200 1760 ubivide.
209 1710 249 1757 alii
257 1708 382 1769 Ulyxmvel
392 1710 482 1771 Ulyxr's.
489 1710 582 1774 infelicis
590 1711 672 1771 Ulrxt's
679 1709 768 1758 zulich.
775 1713 977 1775 exv11,613.-91
984 1749 988 1760 .
995 1714 1142 1778 loquarunus

89 1785 158 1832 leid.
167 1799 218 1830 am.
225 1799 263 1847 pr.
280 1786 377 1830 excessu
384 1785 489 1846 longob.
497 1785 592 1830 menen
598 1786 679 1846 Puget.
686 1783 882 1830 dt'seessifflulich.
890 1781 943 1848 quse
954 1789 1031 1832 omnia
1038 1788 1143 1851 vulgaria

89 1869 152 1906 suut.
165 1856 282 1917 vulgamus
294 1855 420 1908 lectionem
433 1857 503 1913 etiem
514 1858 618 1906 Donatus
630 1860 742 1918 agnoscit.
750 1856 780 1904 ab
787 1859 851 1906 araris
862 1857 916 1906 ure.
928 1859 1069 1916 Rurmaun„
1080 1861 1143 1907 soliti

91 1927 178 1990 lapsus.
187 1949 220 1962 -
229 1941 267 1986 92·
279 1925 397 1986 adflictum
413 1925 453 1970 alii
469 1939 580 1975 monente
595 1927 756 1972 Taubmanno.
774 1931 835 1983 vita,
851 1942 914 1978 crass
927 1928 1046 1980 litteram.
1059 1932 1144 1993 Regius

92 1997 152 2044 Cod.
165 1993 296 2057 &ictumque
311 1995 419 2045 Franco
435 2011 466 2044 m.
483 2013 519 2060 pr.
529 1995 607 2058 -93.
626 2012 681 2054 cusu
698 1999 810 2047 Venetus.
822 2024 854 2034 -
865 1997 903 2059 94
920 2001 968 2046 Nec
983 2009 998 2044 t.
1010 1999 1088 2062 inssh'x
1106 2018 1143 2062 pr.

91 2069 177 2114 Mores.
189 2076 212 2113 et
220 2083 269 2113 sors
279 2081 313 2112 me
323 2069 343 2111 si
353 2066 447 2130 quaed.
458 2067 518 2111 Ven.
531 2083 580 2113 sors
588 2067 670 2123 intuiti,
682 2070 740 2113 uitio
749 2068 848 2116 solenni.
856 2070 932 2130 *95
945 2086 1042 2136 usquam
1048 2072 1096 2116 duo
1108 2086 1145 2116 rc-

91 2154 189 2186 meurem
200 2139 277 2201 Sprot.
286 2137 318 2182 ad
325 2152 390 2202 uqrcs
400 2138 477 2193 idem,
488 2154 532 2184 sec.
543 2139 632 2202 .H³¹¹²b'
650 2151 673 2198 et
684 2139 745 2183 Ven.
759 2141 781 2184 irs
793 2155 859 2204 nyss
868 2141 935 2186 Leid.
948 2154 972 2186 et
982 2141 1029 2186 duo
1041 2157 1084 2206 pro
1096 2141 1145 2187 div.

90 2210 145 2256 lect.
156 2207 238 2254 Malim
248 2207 357 2270 equidem
369 2209 401 2253 ita
411 2210 543 2270 scripsisse,
557 2223 611 2255 cum
622 2209 652 2255 dc
661 2205 757 2260 homine
768 2212 860 2270 privato
872 2221 952 2269 agatur
960 2230 970 2264 ,'
977 2225 1026 2255 non
1042 2211 1072 2256 de
1084 2213 1143 2256 Dio-

91 2280 173 2336 mede,
186 2281 224 2326 cui
237 2278 283 2326 tale
299 2279 357 2342 quid
374 2281 550 2326 convenientius
570 2282 670 2326 essetzsi
686 2273 819 2324 remeassem
837 2282 908 2325 vicmr
924 2279 955 2324 ad
970 2281 1051 2345 Arposl
1062 2306 1094 2316 -
1104 2281 1143 2341 96,

90 2353 187 2407 lectio,
200 2368 270 2416 quam
280 2355 354 2400 Faber
370 2369 399 2400 ex
414 2355 494 2399 Servio
504 2354 534 2413 ad
551 2352 574 2398 li.
588 2351 605 2397 l.
616 2351 731 2412 exculpsit
743 2361 766 2396 et
776 2352 877 2414 Coning.
890 2353 993 2414 recepit,
1007 2352 1057 2398 hine
1072 2356 1144 2398 ascita

90 2423 146 2470 nulii
156 2423 232 2480 abas,
244 2425 312 2470 nihili
323 2439 357 2472 est
367 2438 391 2472 et
403 2424 472 2486 plane
480 2423 555 2470 nulla.
570 2425 627 2468 liam
638 2425 755 2469 recentior
767 2423 934 2469 Grammaticus
948 2424 1092 2487 explicuerat
1100 2439 1143 2469 vo·

92 2495 204 2540 rabulum
213 2495 300 2540 adscita
310 2499 392 2542 rarius.
400 2495 496 2558 quodin
506 2497 582 2544 Servii
591 2492 746 2556 explicatione
755 2495 864 2549 occurrit,
872 2509 915 2556 per
926 2493 1021 2556 strigare
1030 2494 1146 2549 adsumta,-

94 2629 174 2694 rumis
184 2668 193 2696 ,
209 2629 273 2686 dum
284 2642 340 2688 erat
351 2629 510 2696 incolumis,
522 2630 600 2684 Pal-s
643 2642 702 2696 erat
713 2629 852 2699 sapientise
862 2647 894 2680 ac
907 2629 1010 2683 consilii
1030 2630 1057 2680 in
1066 2631 1143 2701 prin·

63 2719 65 2724 '
93 2710 193 2766 medes.
216 2711 315 2774 Durior
336 2711 422 2764 oratio
442 2727 512 2780 pro:
532 2709 596 2776 dum
642 2711 735 2779 ,cipum
769 2708 935 2776 consessibus
971 2711 1142 2784 auetoritasj

94 2804 152 2847 erat
165 2790 296 2846 incolumi
309 2809 409 2864 regno,
425 2789 452 2845 h.
466 2809 490 2842 e.
503 2802 595 2860 potes·
643 2792 743 2860 qnippe
764 2786 899 2856 recimer
917 2791 1019 2858 ἀνδροῖν,
1038 2803 1065 2842 et
1076 2791 1145 2845 mul-

94 2883 150 2925 tate
164 2889 212 2924 seu
225 2872 399 2936 auctoritate,
420 2887 501 2940 quam
512 2869 595 2927 habe-
643 2884 732 2925 tarum
755 2888 865 2938 rerum,
888 2872 968 2924 etiam
990 2871 1144 2939 literarum,

94 2948 294 3012 ba13autdum
306 2953 483 3022 repnumejus
497 2950 595 3014 stabat,
644 2950 758 3013 inventis
784 2948 954 3016 clarissimus.
986 2951 1066 3004 etiarn
1094 2967 1143 3002 nos

95 3041 152 3082 erat
175 3028 331 3101 ineolumep
367 3043 396 3081 ut
426 3048 535 3102 requam
563 3031 597 3083 sit
645 3027 1146 3100 aliquodoomeoacdecus,h.eho·

95 3112 260 3174 auctoritas,
273 3127 327 3180 qua
340 3111 398 3180 quis
412 3127 519 3180 regnare
530 3109 598 3160 dicis
645 3122 758 3177 norem,
773 3107 897 3181 gessimus
908 3147 917 3174 ‚
929 3107 1080 3174 habuimus.
1195 3163 1197 3168 ,

95 3188 221 3254 tur‚hoc
238 3201 486 3260 est‚potensesse‚
500 3189 596 3262 opibus
682 3185 915 3257 90-93.Pellox
932 3189 1038 3259 Ulyysses
1056 3191 1146 3260 exqui·
1200 3207 1204 3219 ·

94 3269 194 3326 valere.
215 3268 280 3320 Esto
297 3287 380 3341 ergo:
402 3267 530 3339 quamdiu
553 3268 597 3327 ille
647 3271 723 3327 sitins
734 3285 815 3337 quam
825 3268 923 3334 fallax,
936 3269 1146 3338 quiinfraudem

97 3362 155 3410 erat
172 3349 303 3416 incolumi
314 3352 384 3402 inter
397 3360 500 3400 ceteros
515 3348 598 3402 Achi-
645 3348 755 3420 pellicit.
769 3366 793 3399 v.
808 3347 895 3412 Cerda
909 3359 935 3399 et
953 3365 1008 3400 var.
1023 3347 1083 3402 lect.
1100 3341 1151 3416 Est'

94 3449 191 3494 sorum
200 3431 336 3500 principes
346 3429 597 3496 auctoritatmuude
646 3433 753 3496 Homer.
771 3425 907 3492 πολύμητις.
920 3425 1090 3494 verminitica:-
1103 3437 1152 3485 sui

95 3514 142 3566 ille
164 3531 273 3583 quoque
291 3513 412 3584 vipelct,
433 3510 554 3576 valebat,
570 3512 598 3575 iri
645 3510 714 3581 peris
729 3509 761 3560 ab
774 3508 844 3571 oris,
858 3527 872 3561 e
885 3501 957 3575 vita,
982 3508 1016 3562 ad
1032 3508 1094 3560 loca
1106 3512 1152 3561 in·'

96 3594 218 3648 conciliis
232 3613 321 3666 regum
329 3615 339 3655 ,·
361 3594 442 3648 etiam
458 3609 507 3664 ego
517 3609 598 3663 prop-
646 3592 713 3655 iera.
727 3607 785 3658 sup.
799 3587 833 3642 85
842 3589 974 3640 Demisere
983 3589 1049 3640 neci.
1062 3608 1086 3639 v.
1100 3607 1144 3660 9²·

96 3690 137 3728 ter
147 3675 296 3731 Palamedis
313 3675 500 3746 cognationem
509 3675 537 3724 iu
550 3672 598 3727 alis
647 3669 681 3738 93
694 3667 800 3738 pulchri
813 3685 911 3720 versus.
927 3668 956 3720 iri
968 3669 1094 3734 tenebris,
1105 3671 1145 3720 in-

96 3777 151 3828 qua
166 3756 323 3827 dignatione
341 3756 381 3806 fui
396 3753 512 3819 babitus.
530 3763 598 3805 stare
647 3749 736 3802 clusus
767 3748 860 3814 domi,
894 3749 982 3804 vitatis
1006 3748 1146 3806 hominum

96 3838 245 3900 dieunmr,
260 3836 306 3904 qui
322 3833 417 3888 florent
428 3832 508 3886 rebus
522 3847 598 3901 pros·
648 3828 830 3894 conventibus.

96 3919 191 3989 peris,
221 3916 403 3979 auctoritate,
425 3913 538 3983 opibus;
569 3921 598 3962 ut
683 3910 726 3978 96.
751 3910 867 3964 Promisi
884 3909 1011 3976 nucem,
1030 3911 1145 3962 minatus

96 4011 201 4062 notum·
218 3995 328 4062 ‚Sum
346 3989 598 4058 recordaturus
649 4007 724 4047 sum:
742 4003 772 4042 nt
789 3991 853 4044 alibi
865 4007 982 4060 quoque.
994 4007 1018 4042 s.
1032 3988 1096 4040 Serv
1116 3985 1145 4040 h.
1238 4016 1242 4022 ·

929 4077 968 4131 15.
