2724 4580
237 296 329 374 '130
511 306 545 371 P.
570 303 797 371 VIRGlLll
816 299 1053 375 ultiouis

264 438 358 500 Parte
369 432 431 498 alia
443 432 569 520 fugiens
581 433 706 498 arnissis
720 431 851 498 Troilus
863 433 977 513 armis,

264 539 381 606 Infelix
392 560 488 626 puer,
501 555 599 627 atque
611 540 717 627 impar
729 561 921 626 congressus
932 538 1065 621 Achilli,
1258 555 1307 620 472

263 648 379 710 Fertur
389 645 496 732 equis,
510 667 674 733 curruque
685 643 790 742 haeret
801 647 975 734 resupinus
987 647 1091 726 inani,

262 755 348 818 Lora
358 769 472 818 teneus
484 767 593 818 umen
603 774 611 816 ε
623 753 704 822 huic
714 753 890 843 cervixque
902 776 1073 845 comaeque
1085 753 1262 822 trahuntur

262 863 325 925 Per
334 876 468 940 terram,
482 876 515 926 et
525 882 617 926 versa
629 861 738 952 pulvis
750 861 940 927 inscribitur
948 862 1051 931 hasta.

262 968 389 1032 Interea
401 965 442 1030 ad
454 967 613 1055 templum
626 990 693 1033 non
706 989 809 1056 aequae
821 967 961 1034 Palladis
974 969 1064 1035 ibant

240 1143 242 1148 ¹
262 1071 412 1136 Crinibus
424 1070 542 1136 Iliades
553 1074 670 1160 passis,
683 1073 888 1162 peplumque
901 1075 1051 1140 ferebant

261 1178 455 1265 Suppliciter
465 1179 589 1258 tristes,
603 1191 636 1244 et
647 1194 752 1243 tunsae
764 1195 900 1267 pectora
911 1179 1028 1268 palmis
1039 1204 1048 1260 ;

265 1283 347 1348 Diva
359 1282 431 1348 solo
443 1281 523 1348 fixos
536 1284 650 1354 oculos
661 1305 775 1348 aversa
786 1283 931 1348 tenebat.

289 1450 342 1515 475.
353 1453 430 1499 Potest
439 1467 481 1514 per
490 1448 641 1514 parenthesin
652 1452 802 1513 interpositus
811 1453 894 1514 accipi.
903 1449 966 1496 Olim
976 1467 1013 1513 ap.
1023 1452 1129 1496 Servium
1138 1451 1304 1514 interpunxere

259 1539 352 1587 quoque
360 1521 458 1586 infelix!
462 1531 593 1586 puorosque
601 1525 673 1585 impar
677 1536 809 1586 cmspressus
815 1520 1004 1585 Achilli-477.
1013 1531 1088 1567 unone
1096 1529 1183 1566 tantum
1190 1521 1305 1567 Montalbt

259 1593 427 1653 Quintilianum
436 1575 490 1648 vll,
498 1608 525 1653 9,
536 1609 548 1654 7
561 1595 651 1639 mireris
661 1591 759 1638 dubium
770 1593 862 1648 facere,
874 1595 1021 1638 sitne'tamett
1029 1592 1059 1638 sd
1069 1601 1144 1637 oenens
1155 1607 1186 1637 au
1198 1591 1228 1638 ad
1239 1607 1305 1655 seqq.

258 1662 404 1710 trahendum.
425 1671 483 1708 tenet
501 1662 590 1726 aliquot
610 1679 647 1726 ap.
668 1663 729 1710 Pier.
748 1662 816 1709 male.
834 1665 894 1710 Huic
916 1663 964 1710 duo
981 1665 1101 1710 Burm-
1114 1661 1168 1724 478.
1189 1677 1255 1709 versu
1270 1673 1305 1709 est

258 1730 385 1792 restruitur
396 1727 460 1794 θόρυ-
477 1733 606 1780 anemurio
615 1732 671 1779 duci
681 1735 771 1795 nequit.
788 1735 828 1780 Sic
842 1737 906 1781 enim
920 1733 995 1798 pulvis
1007 1736 1177 1791 verritur,non
1190 1732 1261 1779 hosta
1272 1759 1304 1769 -

258 1803 312 1859 480.
325 1804 414 1866 Sparsis
425 1801 493 1848 multi
505 1819 517 1848 a
527 1805 605 1849 Pierio
614 1814 638 1849 et
647 1803 675 1848 sb
685 1804 764 1850 lleins.
777 1807 892 1867 inspecti,
904 1817 927 1852 et
939 1806 976 1852 ed.
987 1807 1046 1851 Ven.
1058 1804 1118 1862 Sed,
1129 1819 1221 1867 sparsos
1230 1806 1305 1852 crines

246 1865 404 1929 'furentibun
425 1873 569 1935 supplicibus
583 1888 662 1936 passos
682 1876 807 1921 contenire
820 1875 945 1922 arbitratur
962 1878 1041 1922 Burin.
1059 1901 1091 1911 -
1106 1873 1159 1932 481.
1177 1877 1256 1921 nescio
1273 1889 1304 1919 an

260 1941 342 1990 melius
352 1940 481 2006 suppliciter
482 1943 590 2006 finiant
595 1946 688 2006 jungas.
700 1953 769 1991 tousoe
778 1943 808 1990 al.
822 1949 891 1992 musis
902 1945 1007 1993 Psrrhss.
1019 1970 1051 1983 -
1058 1945 1112 2003 illa.
1122 1945 1219 1991 adversa
1227 1942 1303 1990 multi·

259 2107 346 2146 morat
355 2111 413 2147 eam
424 2113 492 2157 rem;
506 2107 635 2166 tanquam
645 2093 754 2146 oraculo
804 2097 868 2148 artis
878 2098 985 2167 priscae,
998 2096 1026 2147 iu
1038 2095 1134 2166 quibus
1144 2091 1225 2144 heros
1235 2093 1303 2164 bigis

258 2172 406 2245 proditam,
427 2173 547 2226 Eustath.
565 2186 591 2226 et
612 2172 698 2226 schol.
720 2173 755 2227 ad
802 2177 888 2228 fertur
899 2171 1304 2244 hahenasetclipeum,velha-
1354 2165 1355 2184 ¹

260 2275 286 2316 e,
299 2253 364 2320 435,
373 2273 423 2306 nec
435 2271 489 2304 non
499 2251 570 2304 Serv.
802 2249 885 2308 henas
894 2266 920 2307 et
927 2253 1031 2306 hastam
1040 2265 1139 2304 tenens.

294 2333 450 2402 474—478.
463 2333 502 2384 Ile
517 2329 753 2384 Troilnmllxcurs.
838 2334 995 2404 479-482.
1015 2331 1053 2383 Ex
1070 2329 1146 2382 Iliad.
1165 2333 1193 2399 ξ,
1213 2332 1303 2402 269-

261 2410 333 2464 adh.
347 2429 372 2461 v.
386 2410 547 2482 congressus
559 2408 603 2463 hic
616 2411 713 2464 Priami
724 2410 754 2462 fl·
803 2413 928 2478 312,uhi
943 2411 1045 2466 Heleno
1062 2423 1187 2464 monente
1204 2411 1304 2463 Hector
1353 2469 1354 2472 Ἴ

259 2489 310 2543 lius
327 2493 355 2542 in
374 2507 453 2542 curru
472 2508 533 2541 cum
551 2488 671 2556 Achille,
693 2505 753 2543 aute
804 2491 839 2544 sd
855 2491 948 2544 urbem
960 2507 1095 2563 regressus
1111 2490 1251 2542 lleeuham
1269 2489 1304 2540 ad

259 2570 348 2622 Iliadis
365 2582 498 2640 tempora,
515 2569 623 2622 vulnere
643 2583 753 2642 accepte
802 2571 927 2622 Minerva
935 2571 1063 2641 templum
1071 2571 1099 2620 in
1107 2569 1229 2640 acropoli
1236 2570 1306 2620 Tro·

260 2647 755 2718 excideratcurru,pedibusinterlora
800 2651 924 2718 J'a'narutu
940 2661 1122 2702 matronarum
1136 2645 1304 2717 (Iliadum)

260 2726 407 2797 impeditis,
427 2730 465 2779 ita
484 2739 514 2777 nt
536 2730 632 2798 supina
652 2729 754 2784 cervice
805 2747 931 2799 pompam
942 2728 1054 2793 ducere,
1069 2727 1229 2797 donariique
1243 2729 1303 2779 loco

260 2806 422 2873 traheretur,
440 2807 519 2858 armis
535 2808 647 2872 amissis,
667 2808 754 2876 clipeo
803 2807 860 2860 deae
880 2807 989 2878 peplum
1011 2809 1115 2879 egregie
1136 2806 1305 2860 elaboratum

260 2903 293 2938 ex
303 2904 383 2937 manu
396 2886 517 2946 dimisso;
529 2903 592 2937 nam
602 2885 706 2938 hastam
715 2897 755 2936 te·
804 2903 960 2940 consecrare
964 2889 1057 2958 jubet,
1070 2899 1100 2940 ut
1109 2887 1248 2938 Diomedis
1257 2888 1306 2936 im·

260 2967 355 3031 nebat,
370 2965 417 3017 sed
428 2968 573 3030 inversam,
587 2977 617 3017 ut
629 2963 696 3016 adeo
705 2981 755 3034 per
802 2959 894 3039 petum
905 2967 952 3022 illa
962 2969 1125 3038 reprimeret.
1136 2967 1242 3020 Interea
1249 2981 1304 3017 non

261 3058 358 3098 terram
376 3057 460 3097 tracta
474 3045 520 3096 illa
538 3044 625 3096 sulcos
643 3045 751 3096 faceret.
804 3045 839 3098 ad
852 3058 954 3118 tempus
967 3064 1046 3118 posse
1058 3047 1151 3098 referri
1165 3047 1194 3096 in
1210 3057 1305 3116 aperto

260 3125 322 3176 Non
345 3127 414 3182 enim
435 3123 560 3184 accedam
580 3123 688 3189 Servio,
708 3124 754 3192 qui
803 3138 855 3188 esu
878 3126 926 3178 sed
949 3128 1018 3179 inter
1038 3137 1128 3179 cetera
1150 3125 1307 3178 tabidarum

261 3205 380 3258 Troilum
408 3203 513 3264 hastam
539 3202 667 3268 Achillis,
701 3220 755 3272 qus
775 3225 777 3230 ·
804 3218 973 3278 argumenta,
997 3224 1074 3272 ecce,
1095 3207 1213 3258 occurrit
1235 3203 1307 3268 hoc,

261 3285 398 3340 transfixus
416 3295 485 3346 erat,
504 3282 607 3334 vulneri
625 3282 756 3334 inheren-
804 3285 924 3355 quod-
936 3303 991 3337 nou
1002 3303 1093 3358 oequa,
1111 3286 1222 3354 iniqua,
1238 3285 1310 3334 Tro-

260 3375 315 3418 tent
326 3365 435 3416 traxisse
445 3364 489 3414 ait.
500 3361 584 3413 Aliter
593 3363 661 3413 enim
673 3378 755 3414 enun-
801 3365 872 3432 jsuis
890 3366 1008 3432 infensa,
1032 3368 1100 3416 irata
1118 3363 1214 3415 Pallas.
1235 3363 1308 3414 Diva
1350 3421 1352 3432 A

261 3445 327 3494 tiata
337 3455 422 3494 essent
432 3442 534 3494 illnzet
545 3437 708 3512 vempulvis
717 3441 757 3492 t'u·
804 3441 857 3494 solo
873 3441 944 3514 fixos
969 3441 1056 3495 oeulos
1079 3460 1167 3494 aversa
1192 3442 1307 3492 tenebat.
1351 3453 1352 3516 ,

260 3520 381 3572 scribitur
407 3518 487 3570 hasta.
518 3518 638 3572 Observa
668 3532 756 3570 autem
806 3524 905 3593 quippe
917 3524 945 3574 in
963 3525 1069 3593 pictura
1083 3537 1217 3592 expresse.
1239 3533 1267 3572 nt
1279 3522 1308 3571 in
1351 3525 1352 3536 ¹

261 3597 596 3669 poetamrecedereamnre
605 3600 755 3663 Homerico,
804 3604 957 3654 narratione
970 3613 1056 3673 poetae
1066 3603 1143 3653 Hom.
1152 3600 1170 3651 l·
1179 3619 1237 3652 Μ.
1253 3600 1304 3652 311

263 3697 316 3748 quo
326 3677 434 3740 heroes,
443 3681 488 3746 qui
496 3679 656 3748 pugnantde
666 3695 755 3743 curru,
816 3690 849 3735 ne
858 3679 927 3745 ἔφατ’
937 3678 1063 3745 ιὺχομίιι,
1074 3677 1161 3732 sitirem
1171 3675 1197 3730 tl
1206 3676 1310 3732 Πόλλις

217 3789 219 3792 -
261 3754 362 3807 habent
385 3753 465 3804 alium
489 3757 534 3825 qui
557 3768 632 3826 regat
654 3774 754 3826 equ0s3
803 3757 899 3810 'aelst
912 3757 964 3810 Sed
977 3760 1004 3810 in
1018 3758 1130 3830 Virgilio
1149 3769 1179 3809 ut
1193 3759 1308 3827 pieturae
1350 3803 1351 3810 ,

262 3851 324 3885 nam
335 3829 439 3882 Troilus
456 3830 527 3883 solus
546 3845 574 3884 et
591 3851 710 3906 pugnare
730 3845 756 3887 et
805 3836 1049 3901 accommodatior,
1072 3839 1110 3888 ita
1134 3837 1244 3888 suavior
1268 3839 1309 3889 rei
1350 3845 1351 3856 ¹

211 3945 214 3950 ,
262 3929 352 3982 regere
377 3927 459 3979 equos
482 3909 586 3962 debuit.
616 3913 755 3964 Notandus
804 3916 891 3988 imago
915 3933 971 3967 esse
995 3914 1115 3979 videtur,
1139 3933 1230 3966 auersa
1254 3913 1309 3966 dea
1350 3905 1351 3944 3

266 4007 370 4062 quoque
382 3989 456 4042 locus
468 4002 577 4063 propter
586 4004 757 4048 monuments
804 3994 887 4060 facio,
901 3991 982 4046 oculis
990 3992 1018 4047 iu
1027 3990 1210 4065 terramfixis,
1222 4010 1309 4062 quarn
