2742 4586
274 280 325 370 P.
357 275 648 367 VIRGILII
680 276 983 368 MARONIS

414 519 852 655 AENEIDOS

304 791 531 893 sinna
568 790 959 896 succuum.

105 1095 1143 1119 wmfflfflfflmmmmwwvumwumwbmw
1153 1097 1156 1106 ‘

462 1313 805 1373 ARGUMENTUM.

108 1462 286 1550 Dinonis
304 1487 461 1548 voluntati
482 1509 604 1548 morem
625 1511 732 1571 gerens
753 1491 880 1565 AEneas,
901 1491 1014 1550 excidii
1030 1491 1156 1572 Trojani

107 1579 222 1637 seriem
241 1593 363 1653 narrat;
378 1598 413 1636 ea
423 1591 470 1636 est
482 1576 680 1658 hujusmodi:
697 1580 796 1638 Graeci
809 1579 929 1639 decimo
942 1579 1017 1639 belli
1028 1582 1156 1660 Trojani

108 1690 194 1728 anno
208 1670 322 1729 attritis
333 1665 537 1747 jamvirihuS,
547 1669 719 1748 virtutique
728 1666 914 1744 diffidenteS,
923 1669 1158 1742 addolumcon-

108 1754 252 1837 fugiunt:
268 1770 420 1836 nocteque
430 1776 482 1831 ea,
494 1777 562 1836 quae
573 1754 659 1815 urbis
670 1755 850 1816 incendium.
862 1759 1037 1832 antecessit,
1050 1756 1157 1838 fugam

109 1845 309 1919 simulanteS,
330 1845 412 1904 circa
425 1843 585 1903 Tenedum
600 1843 741 1919 latitant,
757 1844 868 1906 relicto
883 1847 916 1904 in
932 1866 1006 1924 agro
1021 1845 1157 1924 Trojano
1249 1919 1251 1922 Ι

110 1953 194 2014 equo
214 1933 320 2015 ligneo
338 1945 432 1992 tantae
450 1932 694 2012 magnitudinis,
712 1947 749 1992 ut
767 1936 865 2016 portis
879 1931 967 1993 urhis
983 1936 1079 2016 recipi
1093 1955 1158 1992 non

110 2039 235 2104 posset,
261 2024 329 2103 ejus
350 2039 441 2082 utero
466 2021 671 2082 lectissimum
693 2041 850 2104 quemque
869 2045 1036 2104 procerum
1057 2022 1158 2082 inelu-

110 2112 201 2172 dunt.
221 2112 350 2193 Trojani
370 2113 487 2194 partim
508 2109 618 2170 fraude
640 2112 764 2170 Sinonis
786 2111 929 2193 impulsi,
948 2112 1062 2194 partim
1079 2115 1157 2172 Lao-

109 2204 235 2262 coontis
249 2201 403 2284 supplicio
415 2202 530 2276 territi,
550 2201 654 2260 diruta
671 2203 754 2259 muri
776 2215 880 2282 parte,
902 2221 1018 2282 equum
1039 2203 1070 2258 in
1091 2223 1158 2260 arce

109 2305 255 2350 statuunt
273 2288 405 2370 1-249.
421 2293 518 2350 Nocte
534 2291 719 2370 intempesta
731 2291 829 2350 Graeci
842 2311 859 2348 a
870 2288 996 2349 Tenedo
1009 2288 1158 2370 profecti,

109 2401 167 2461 per
185 2401 255 2439 eam
272 2383 354 2439 muri
371 2382 516 2454 ruinam,
536 2401 598 2460 qua
619 2400 717 2460 equus
733 2393 800 2438 erat
815 2378 1028 2454 introductus,
1048 2376 1159 2437 urbem

109 2468 273 2528 invadunt.
289 2469 386 2528 Sinon
401 2482 537 2528 reserato
552 2469 627 2549 equi
643 2480 731 2526 utero
745 2481 879 2529 armatos
894 2469 1028 2528 emittit:
1053 2469 1159 2526 omnia

107 2555 190 2616 ferro
204 2557 403 2638 flammisque
418 2557 577 2618 foedantur
589 2593 627 2602 —
636 2559 702 2637 267.
715 2558 825 2619 AEneas
835 2557 962 2616 interim
975 2555 1013 2614 ab
1026 2557 1160 2616 Hectore

108 2650 143 2706 in
157 2649 276 2706 somnis
288 2647 489 2724 admonetur,
504 2663 540 2708 ut
550 2648 611 2708 sibi
625 2647 700 2726 fuga
711 2647 872 2722 consulat,
888 2647 1026 2728 deosque
1040 2649 1160 2728 patrios
1206 2641 1208 2649 ’

108 2733 257 2794 incendio
274 2737 388 2817 eripiat
401 2771 440 2782 —·
450 2758 517 2820 297.
532 2735 589 2796 llle
604 2751 729 2812 tamen,
748 2736 911 2796 honestam
928 2751 1061 2794 mortem
1074 2737 1159 2816 turpi

108 2825 191 2906 fugae
211 2825 395 2906 praeferens,
414 2825 531 2886 frustra
547 2829 580 2885 in
595 2847 681 2886 arma
695 2829 776 2886 ruit:
800 2829 876 2886 satis
895 2825 1025 2886 feliciter
1040 2826 1160 2905 primus

109 2915 244 2992 impetus
268 2914 408 2973 succedit
424 2915 585 2995 Trojanis,
600 2915 700 2974 donec
712 2913 839 2974 Coroebi
858 2914 1026 2974 consilium
1044 2916 1159 2986 secuti,

112 3001 226 3058 sumtis
240 3001 422 3062 Graecorum
436 3007 549 3078 armis,
562 3023 690 3064 suorum
704 3005 773 3062 telis
788 3003 965 3062 obruuntur
978 2999 1093 3082 -437,
1110 3003 1159 3058 ln-

108 3103 191 3147 terea
212 3089 329 3147 Priami
349 3093 433 3170 regia
455 3106 674 3173 oppugnatur,
692 3092 895 3171 Priamusque
915 3092 982 3170 ipse
1003 3109 1019 3147 a
1039 3087 1160 3168 Pyrrho

108 3177 239 3237 Achillis
252 3177 319 3239 lilio
332 3179 519 3240 interficitur
531 3217 569 3227 -
578 3181 644 3242 558.
659 3181 769 3240 AEneas
785 3182 890 3260 itaque
904 3177 1018 3238 frustra
1033 3180 1160 3236 tentatis

109 3264 275 3342 omnihus,
293 3290 366 3327 cum
378 3265 444 3348 jam
460 3269 540 3328 nihil
554 3273 620 3352 spei
636 3269 795 3352 reliquum
810 3282 904 3344 esset,
918 3288 1004 3327 sacra
1020 3265 1160 3326 Anchisae

109 3359 192 3437 patri
204 3360 392 3432 committit,
405 3379 505 3440 eoque
517 3361 551 3419 in
561 3359 709 3420 humeros
722 3379 795 3419 suos
805 3359 942 3433 sublato,
953 3378 1056 3417 assum
1062 3359 1161 3438 tisque

107 3447 243 3506 Ascanio
265 3445 332 3505 filio
352 3449 530 3528 Creusaque
550 3470 661 3523 uxore,
678 3447 785 3530 fugam
802 3449 914 3528 arripit
926 3447 1040 3528 —728.
1058 3448 1159 3506 Graeci

111 3555 129 3591 a
140 3547 227 3614 tergo
240 3536 459 3616 insequuntur.
473 3538 509 3596 ln
520 3557 556 3596 eo
573 3537 712 3598 tumultu
722 3539 871 3597 Creusam
883 3556 1011 3596 uxorem
1026 3537 1158 3594 amittit:

110 3622 198 3701 cujus
211 3625 387 3704 quaerendae
405 3647 514 3686 caussa
528 3648 585 3708 per
604 3641 704 3687 totam
715 3625 826 3686 urbem
842 3625 999 3684 oberranti
1014 3623 1104 3681 obvia
1124 3622 1161 3681 fit

111 3713 216 3769 uxoris
229 3713 346 3770 Umbra
354 3721 368 3786 ,'
376 3717 543 3797 virumque
557 3719 668 3775 mortis
684 3736 747 3775 suae
761 3716 926 3774 certiorem
946 3713 1021 3772 facit
1038 3745 1071 3757 -
1086 3709 1158 3792 794:

111 3803 177 3882 ipse
193 3799 234 3858 ad
251 3804 352 3861 socios
373 3807 556 3882 revertitur,
579 3827 641 3886 quo
659 3805 725 3886 jam
740 3826 873 3886 magnus
890 3807 1030 3863 virorum
1050 3800 1160 3860 mulie-

112 3911 246 3972 rumque
267 3913 414 3953 numerus
434 3895 643 3970 confluxerat,
662 3895 729 3975 ejus
752 3895 948 3976 auspicium,
971 3909 1160 3974 quocunque

112 3995 266 4040 terrarum
279 3979 435 4046 abducere
447 3985 555 4062 vellet,
569 3986 657 4066 sequi
670 3997 807 4068 paratus
