2656 4592
333 281 574 384 muninus
597 317 752 381 itanu
777 314 839 380 tv,
1043 319 1106 416 ⁴87,

55 444 206 510 lucubat.
220 442 319 508 Illum
331 443 449 508 absens
462 441 634 507 absentem
646 438 806 529 auditque
819 438 986 530 videtque.
1064 483 1069 500 .

53 555 122 617 Aut
134 552 260 640 gremio
272 550 463 629 Ascanium,
479 549 637 637 genitoris
650 548 793 635 imagine
805 563 914 635 capta,
934 533 936 546 ¹

54 660 206 738 Detinet,
220 651 395 722 infandum
408 657 435 720 si
447 655 561 720 fallere
574 655 678 744 possit
690 677 848 718 amorem.

55 769 131 831 Nou
144 783 260 855 coeptae
272 763 456 854 adsurgunt
467 781 590 843 turres3
604 787 672 827 non
684 786 774 827 arma
782 762 940 852 juventus

56 874 209 950 Exercet,
222 887 380 960 portusve
392 886 449 935 aut
460 869 710 959 propugnacula
722 867 812 931 bello
867 907 868 910 =
936 880 938 888 '

55 981 145 1050 Tuta
155 993 288 1065 parant:
302 976 453 1066 pendent
465 1000 565 1066 opera
579 977 777 1063 interrupta,
791 974 956 1062 minaeque

54 1087 232 1150 Murorum
244 1085 410 1172 ingentes,
424 1099 621 1172 aequataque
633 1081 785 1146 machina
798 1079 893 1166 caelo.

87 1235 125 1283 85.
140 1239 161 1281 si
173 1234 257 1299 pellere
268 1235 339 1282 Goth.
356 1252 404 1282 sea.
420 1239 441 1282 si
456 1233 538 1281 uellere
553 1245 607 1282 tert.
624 1232 695 1278 Goth.
710 1241 787 1296 posset
800 1233 882 1278 Fraus.
892 1236 1009 1276 'amantem
1020 1229 1111 1294 aliquot

55 1307 118 1352 Pier.
135 1323 190 1354 cum
205 1309 286 1370 fragm.
306 1309 382 1354 Vatic.
397 1311 419 1353 si
428 1307 452 1371 Ι
466 1323 490 1370 p.
503 1311 575 1371 imuqo
586 1308 704 1352 Romanus
723 1323 735 1352 e
755 1304 829 1367 glossa
845 1306 908 1349 inter
924 1303 966 1348 lin.
978 1329 1010 1338 -
1024 1302 1062 1348 86.
1076 1307 1111 1348 in·
1183 1327 1185 1334 .

55 1387 127 1440 ceptae
137 1381 219 1436 Witt.,
234 1380 277 1426 sed
287 1382 313 1426 in
324 1379 403 1426 litura.
416 1389 543 1444 exstirpent
557 1377 623 1424 Leid.
637 1393 678 1423 un.
694 1393 737 1439 pro
749 1395 798 1424 var.
813 1376 867 1423 lect.
880 1390 944 1421 arces
957 1377 1040 1436 Puget.
1055 1389 1111 1420 arva

56 1447 184 1494 zulichem.
204 1465 249 1512 pro
260 1466 309 1496 var.
322 1449 377 1496 lect.
391 1473 424 1484 -
437 1450 474 1511 87.
492 1448 529 1495 88.
543 1451 657 1494 Exercent
668 1448 708 1494 alii
721 1465 750 1494 ex
763 1464 816 1493 mor
827 1455 903 1510 parat.
917 1445 1004 1492 Medic.
1021 1453 1110 1507 parent.

54 1528 179 1583 portusque
188 1547 219 1557 ·-
228 1523 329 1584 pendeat
336 1545 368 1557 -·
376 1496 429 1584 qu,
439 1523 509 1567 etiam
526 1519 645 1566 nonnulli.
667 1519 723 1566 aaut
737 1535 802 1582 prop.
823 1519 893 1564 Goth.
906 1534 943 1579 pr.
960 1526 1037 1579 portas
1048 1519 1112 1578 conj.

53 1590 92 1636 «lo.
105 1589 228 1638 Schrader.
242 1617 275 1627 -
284 1590 321 1652 89.
338 1593 455 1654 Trappius
472 1603 495 1638 et
511 1591 687 1654 Cuningbamus
701 1589 821 1636 malebant
832 1588 957 1652 oequanda;
968 1587 1010 1632 sed
1020 1585 1055 1644 nil
1066 1602 1112 1632 ne-

56 1724 194 1794 agnoscit,
216 1725 365 1794 iterumque
386 1726 410 1776 ei
430 1723 558 1785 incubat;
609 1741 644 1775 sae
673 1722 797 1794 habitum
821 1723 910 1774 animo
941 1731 1045 1789 reputa.
1075 1719 1109 1768 cf.

56 1801 132 1872 quod
153 1814 272 1854 amantes
295 1805 386 1855 lacere
406 1803 511 1868 solent,
534 1815 560 1854 et
609 1804 698 1853 burm.
712 1813 738 1852 et
750 1819 774 1866 ι
790 1800 824 1852 ad
836 1803 863 1864 1,
878 1817 942 1868 717,
955 1799 1002 1850 ubi
1010 1797 1112 1870 premio

57 1879 132 1951 quod
157 1884 236 1934 toties
260 1884 414 1935 amantibus
434 1903 450 1935 a
471 1885 559 1956 poetis
604 1881 688 1952 fouet.
707 1883 763 1950 Etsi
782 1881 892 1931 omnino
910 1880 937 1930 in
960 1877 1002 1930 his
1017 1893 1076 1928 mos
1097 1895 1113 1928 a

54 1961 191 2013 tribuitur.
215 1961 270 2014 vid.
300 1964 377 2016 Ovid.
407 1965 490 2036 Epist.
521 1965 559 2029 X,

55 2040 87 2093 51
100 2057 159 2110 sqq.
168 2042 241 2112 Saepe
253 2052 339 2093 torum
349 2054 446 2114 repeto,
457 2043 505 2114 qui
515 2061 560 2094 nos

54 2131 194 2190 acceperat
213 2121 289 2172 ambo
304 2151 339 2159 —-
355 2122 392 2172 Et
415 2132 481 2184 tua,
506 2140 560 2192 qua

51 2217 159 2272 possum
169 2219 218 2272 pro
232 2211 256 2252 te
267 2200 375 2272 uestiqia
385 2199 561 2274 tanpo,'Stra-

53 2291 217 2352 taque,quoe
225 2280 346 2332 membris
356 2280 491 2351 intepuere
500 2279 559 2331 ruis.
580 2278 582 2282 ’

53 2361 91 2414 cf.
105 2359 153 2430 Ep.
169 2361 227 2426 XV,
244 2362 300 2430 149.
314 2361 372 2412 Nec
385 2360 509 2432 dubitare
529 2359 561 2410 li-

54 2452 114 2507 cet,
125 2458 159 2490 an
172 2452 256 2492 strata
269 2440 302 2492 de
315 2453 374 2490 toro
388 2443 561 2492 convivarum

54 2519 190 2572 dicautur.
207 2520 249 2572 sic
261 2539 286 2570 v.
306 2541 328 2572 c.
347 2520 425 2572 Ovid.
440 2521 504 2572 Met.
518 2519 559 2584 V,

54 2599 109 2667 34,
130 2596 177 2652 ubi
199 2600 232 2653 de
256 2602 381 2652 convivia
404 2603 510 2672 agitur,
533 2609 565 2650 ut

53 2666 129 2732 s'tetit
140 2678 213 2732 basta
226 2690 299 2746 toro,
312 2681 402 2746 stratis
419 2691 474 2731 tum
485 2679 561 2731 deni-

54 2777 109 2832 que
120 2759 228 2812 Peneus
244 2757 369 2812 Exsiluit.
387 2761 434 2812 Est
454 2777 562 2832 quoque

52 2848 139 2892 strata
157 2839 258 2904 lectus,
278 2853 308 2891 ut
326 2843 374 2893 int.
388 2841 439 2909 392
458 2840 562 2905 dictus,

55 2936 113 2990 quo
127 2915 221 2968 sedent
237 2930 284 2968 aut
297 2920 428 2970 recubant
440 2921 468 2971 in
480 2919 565 2970 thala-

53 3014 103 3051 mo
116 3013 164 3046 seu
181 2995 323 3047 cubiculo:
343 2997 564 3068 quandoquidem

54 3077 154 3150 prisca
178 3077 237 3128 vitae
268 3075 426 3146 simplicitas
448 3075 564 3128 eundem

55 3155 149 3208 torum
170 3156 197 3206 in
219 3153 314 3206 eodem
332 3155 457 3207 cubiculo
479 3167 505 3207 et
524 3172 563 3206 se·

55 3235 186 3288 dentibus
201 3247 227 3286 et
239 3233 433 3287 dormientibus
445 3234 564 3286 destina-

56 3318 115 3368 bat.
124 3314 274 3367 Fatendum
285 3325 385 3380 tamen,
394 3313 465 3365 hanc
477 3326 563 3385 poeta

56 3399 193 3450 rationem
222 3397 283 3468 plus
316 3398 380 3448 artis
409 3394 564 3448 babituram

58 3496 119 3532 esse
132 3496 212 3548 quam
225 3477 418 3550 simplicitatum
432 3488 462 3527 ut
472 3475 564 3528 malim

58 3560 187 3632 praeferre
199 3558 242 3624 id,
256 3557 329 3630 quod
341 3560 428 3629 primo
441 3557 502 3609 loco
516 3575 564 3627 ap·

60 3643 149 3715 posui.
163 3640 290 3693 Praeclare
304 3653 393 3692 autem
403 3638 470 3690 illud
482 3638 564 3708 subji-

61 3724 149 3776 citur:
165 3718 242 3777 illum
260 3721 349 3772 absens
367 3719 497 3770 absentem
514 3737 565 3768 au-

61 3802 155 3872 ditque
164 3799 300 3872 videque.-
313 3799 386 3870 quod
396 3799 565 3850 ornatissime

62 3892 242 3955 persequutus
276 3891 315 3932 est
340 3879 466 3952 Apollon.
502 3879 566 3944 ΙΙΙ,

62 3960 117 4031 453
128 3978 167 4031 sq.

102 4041 145 4110 84.
157 4041 258 4114 pren'u'o
266 4061 275 4104 ,·
289 4041 479 4096 accubantium
490 4025 567 4094 min-

609 1974 702 2012 nostro
715 1961 835 2013 diversus
852 1977 909 2012 esse
922 1960 1018 2031 potuit.
1032 1953 1113 2028 Apud

609 2045 755 2093 Homerum
777 2040 853 2094 Iliad.
886 2057 924 2105 q,
953 2038 1008 2090 506
1025 2038 1114 2088 Diana

609 2119 754 2190 daupeinais
769 2118 794 2171 di
805 2115 892 2188 asapia
909 2118 1003 2186 ἐφίζντο
1016 2111 1114 2182 γούνασι

608 2200 674 2270 antipa
686 2202 750 2254 satis
761 2200 854 2252 adulta
864 2199 918 2251 illa.

645 2283 767 2352 86-89.
785 2274 861 2332 arrad
879 2289 980 2332 exercet
995 2277 1113 2348 exquisi-

610 2365 662 2413 tius
683 2379 777 2431 quam,
796 2361 869 2411 sein
889 2360 987 2426 armis;
1008 2369 1034 2408 et
1052 2375 1115 2407 mox

609 2441 785 2512 pendentpro
798 2451 877 2504 sunt,
892 2452 919 2491 et
931 2437 1011 2488 minoe
1026 2454 1115 2487 muro·

612 2539 691 2585 rum,
711 2521 780 2571 muri
801 2519 864 2584 alti,
888 2536 954 2588 quas
974 2515 1114 2569 altitudine

612 2617 661 2652 sua
671 2601 816 2670 minantes,
826 2599 878 2652 hoc
890 2585 1116 2669 simplicissimum

613 2695 638 2736 et
648 2695 794 2754 usupoetoe
807 2685 1013 2754 frequentatum.
1024 2697 1082 2751 sup.
1094 2680 1115 2744 l,

616 2764 663 2816 162
683 2763 756 2815 Hine
769 2773 848 2837 atque
866 2761 928 2812 binc
947 2771 1023 2812 vasta
1041 2776 1118 2830 rupes

610 2843 766 2916 qeminique
792 2846 928 2894 minantur
957 2841 991 2890 ln
1020 2837 1116 2890 cultim

613 2922 722 2995 scopuli.
743 2925 783 2976 De
806 2921 956 2975 eminentiis
977 2921 1115 2970 murorum

614 3022 645 3055 uc
666 3003 771 3073 pinnis,
794 2996 933 3065 Ιπιὶλξισιν,
956 3007 1117 3067 acceperant

610 3085 783 3150 jamveteres.
794 3099 819 3131 v.
828 3078 912 3143 Seru,
919 3075 966 3128 sed
973 3075 1026 3127 hoc
1036 3093 1116 3128 sensu

613 3160 694 3210 minae
719 3157 871 3211 technicum
886 3195 895 3221 ,
928 3155 1049 3224 adeoque
1073 3157 1116 3207 vix
1168 3155 1192 3194 ’-
1246 3147 1252 3154 ’

613 3240 775 3309 poeticum,
799 3250 826 3288 et
848 3237 979 3288 seriorum
1008 3234 1117 3304 quidem

613 3317 775 3387 scriptorum
795 3315 959 3367 vocabulum
976 3315 1058 3366 fuisse
1079 3316 1118 3366 vi-

614 3397 699 3450 detur.
711 3397 854 3447 Burmann.
869 3394 902 3446 de
914 3394 997 3445 initiis
1013 3396 1116 3464 operis,

614 3496 673 3550 quae
685 3477 805 3548 egregios
819 3493 911 3528 muros
923 3475 1118 3546 promittebant

614 3569 641 3609 et
652 3555 824 3608 minabantur
833 3577 840 3618 ;
848 3556 893 3612 vix
901 3555 978 3606 bene.
990 3553 1117 3606 machina

614 3637 702 3710 simpl.
715 3636 813 3702 moles,
828 3635 985 3687 aedificium:
1003 3637 1041 3686 sic
1061 3655 1117 3687 me·

614 3718 665 3775 lius
676 3728 757 3788 puto,
771 3715 902 3786 quamde
919 3715 998 3786 tignis
1011 3716 1116 3765 statutis

615 3810 642 3850 et
665 3796 818 3870 colligatis,
846 3795 944 3867 quibus
966 3795 1116 3862 insistunt,

615 3879 662 3950 qui
681 3897 772 3933 muros
791 3875 936 3932 conficiunt
948 3873 1041 3948 (nobis
1064 3875 1116 3928 Ge-

616 3958 706 4031 riiste).
