<?xml version="1.0" encoding="UTF-8"?>
<!DOCTYPE html PUBLIC "-//W3C//DTD XHTML 1.0 Transitional//EN"
    "http://www.w3.org/TR/xhtml1/DTD/xhtml1-transitional.dtd">
<html xmlns="http://www.w3.org/1999/xhtml" xml:lang="en" lang="en">
 <head>
  <title>
</title>
<meta http-equiv="Content-Type" content="text/html;charset=utf-8" />
  <meta name='ocr-system' content='tesseract 3.04.00' />
  <meta name='ocr-capabilities' content='ocr_page ocr_carea ocr_par ocr_line ocrx_word'/>
</head>
<body>
  <div class='ocr_page' id='page_1' title='image "./pvirgiliusmaroq00barbgoog_0189.png"; bbox 0 0 2742 4586; ppageno 0'>
   <div class='ocr_carea' id='block_1_1' title="bbox 389 291 1163 430">
    <p class='ocr_par' dir='ltr' id='par_1_1' title="bbox 389 291 1163 430">
     <span class='ocr_line' id='line_1_1' title="bbox 389 291 1163 430; baseline 0 -42"><span class='ocrx_word' id='word_1_1' title='bbox 389 301 469 389; x_wconf 75' lang='lat' dir='ltr'>&#39;An</span> <span class='ocrx_word' id='word_1_2' title='bbox 492 291 691 392; x_wconf 74' lang='lat' dir='ltr'>uranum</span> <span class='ocrx_word' id='word_1_3' title='bbox 714 332 739 393; x_wconf 92' lang='lat'>1.</span> <span class='ocrx_word' id='word_1_4' title='bbox 1027 359 1084 430; x_wconf 70' lang='lat'>177</span> <span class='ocrx_word' id='word_1_5' title='bbox 1147 363 1163 388; x_wconf 86' lang='lat'>.</span> 
     </span>
    </p>
   </div>
   <div class='ocr_carea' id='block_1_2' title="bbox 55 436 1174 4148">
    <p class='ocr_par' dir='ltr' id='par_1_2' title="bbox 55 436 1117 847">
     <span class='ocr_line' id='line_1_2' title="bbox 55 436 1117 525; baseline 0.016 -25"><span class='ocrx_word' id='word_1_6' title='bbox 55 451 140 501; x_wconf 83' lang='lat' dir='ltr'>Erant</span> <span class='ocrx_word' id='word_1_7' title='bbox 153 446 244 500; x_wconf 76' lang='lat' dir='ltr'>&#39;autem</span> <span class='ocrx_word' id='word_1_8' title='bbox 256 436 290 499; x_wconf 67' lang='lat' dir='ltr'>en⁴</span> <span class='ocrx_word' id='word_1_9' title='bbox 304 446 414 500; x_wconf 88' lang='lat' dir='ltr'>adverso</span> <span class='ocrx_word' id='word_1_10' title='bbox 433 449 612 520; x_wconf 79' lang='lat' dir='ltr'>Carthaginis,</span> <span class='ocrx_word' id='word_1_11' title='bbox 633 452 747 502; x_wconf 88' lang='lat' dir='ltr'>CCXXX</span> <span class='ocrx_word' id='word_1_12' title='bbox 757 453 799 504; x_wconf 74' lang='lat' dir='ltr'>&#39;ab</span> <span class='ocrx_word' id='word_1_13' title='bbox 817 455 882 506; x_wconf 89' lang='lat' dir='ltr'>urbe</span> <span class='ocrx_word' id='word_1_14' title='bbox 897 457 1002 525; x_wconf 67' lang='lat' dir='ltr'>stadiis,⁴</span> <span class='ocrx_word' id='word_1_15' title='bbox 1022 463 1090 516; x_wconf 84' lang='lat' dir='ltr'>inter</span> <span class='ocrx_word' id='word_1_16' title='bbox 1112 507 1117 517; x_wconf 83' lang='lat'>.</span> 
     </span>
     <span class='ocr_line' id='line_1_3' title="bbox 57 528 1091 610; baseline 0.015 -32"><span class='ocrx_word' id='word_1_17' title='bbox 57 530 193 599; x_wconf 79' lang='lat' dir='ltr'>Apollinis</span> <span class='ocrx_word' id='word_1_18' title='bbox 204 540 230 580; x_wconf 89' lang='lat' dir='ltr'>et</span> <span class='ocrx_word' id='word_1_19' title='bbox 241 529 365 586; x_wconf 80' lang='lat' dir='ltr'>Mercurii</span> <span class='ocrx_word' id='word_1_20' title='bbox 377 528 578 597; x_wconf 85' lang='lat' dir='ltr'>promontoria(</span> <span class='ocrx_word' id='word_1_21' title='bbox 591 532 624 581; x_wconf 87' lang='lat' dir='ltr'>cf.</span> <span class='ocrx_word' id='word_1_22' title='bbox 638 533 683 582; x_wconf 87' lang='lat' dir='ltr'>inf.</span> <span class='ocrx_word' id='word_1_23' title='bbox 697 533 757 583; x_wconf 84' lang='lat' dir='ltr'>Exc.</span> <span class='ocrx_word' id='word_1_24' title='bbox 771 535 806 583; x_wconf 88' lang='lat' dir='ltr'>Vl</span> <span class='ocrx_word' id='word_1_25' title='bbox 818 533 852 584; x_wconf 90' lang='lat' dir='ltr'>ad</span> <span class='ocrx_word' id='word_1_26' title='bbox 866 553 890 585; x_wconf 91' lang='lat' dir='ltr'>v.</span> <span class='ocrx_word' id='word_1_27' title='bbox 905 535 969 610; x_wconf 84' lang='lat'>159)</span> <span class='ocrx_word' id='word_1_28' title='bbox 983 530 1038 609; x_wconf 82' lang='lat' dir='ltr'>quae</span> <span class='ocrx_word' id='word_1_29' title='bbox 1050 545 1091 594; x_wconf 77' lang='lat' dir='ltr'>in·</span> 
     </span>
     <span class='ocr_line' id='line_1_4' title="bbox 56 607 1091 678; baseline 0.012 -20"><span class='ocrx_word' id='word_1_30' title='bbox 56 609 121 659; x_wconf 84' lang='lat' dir='ltr'>sulae</span> <span class='ocrx_word' id='word_1_31' title='bbox 135 627 182 659; x_wconf 91' lang='lat' dir='ltr'>seu</span> <span class='ocrx_word' id='word_1_32' title='bbox 196 609 283 658; x_wconf 87' lang='lat' dir='ltr'>verius</span> <span class='ocrx_word' id='word_1_33' title='bbox 292 607 408 676; x_wconf 71' lang='lat' dir='ltr'>scopuli,¹</span> <span class='ocrx_word' id='word_1_34' title='bbox 421 610 515 677; x_wconf 83' lang='lat' dir='ltr'>saepius</span> <span class='ocrx_word' id='word_1_35' title='bbox 525 627 573 678; x_wconf 78' lang='lat' dir='ltr'>pro</span> <span class='ocrx_word' id='word_1_36' title='bbox 581 628 634 660; x_wconf 88' lang='lat' dir='ltr'>una</span> <span class='ocrx_word' id='word_1_37' title='bbox 641 611 727 661; x_wconf 87' lang='lat' dir='ltr'>insula</span> <span class='ocrx_word' id='word_1_38' title='bbox 735 610 832 676; x_wconf 77' lang='lat' dir='ltr'>habiti,</span> <span class='ocrx_word' id='word_1_39' title='bbox 844 632 913 666; x_wconf 90' lang='lat' dir='ltr'>nunc</span> <span class='ocrx_word' id='word_1_40' title='bbox 922 617 992 668; x_wconf 87' lang='lat' dir='ltr'>Afris</span> <span class='ocrx_word' id='word_1_41' title='bbox 1002 619 1091 670; x_wconf 85' lang='lat' dir='ltr'>Zowa.</span> 
     </span>
     <span class='ocr_line' id='line_1_5' title="bbox 57 685 1092 760; baseline 0.013 -25"><span class='ocrx_word' id='word_1_42' title='bbox 57 703 163 750; x_wconf 81' lang='lat' dir='ltr'>moure,</span> <span class='ocrx_word' id='word_1_43' title='bbox 176 688 203 736; x_wconf 93' lang='lat' dir='ltr'>in</span> <span class='ocrx_word' id='word_1_44' title='bbox 216 685 397 756; x_wconf 75' lang='lat' dir='ltr'>geographicis</span> <span class='ocrx_word' id='word_1_45' title='bbox 419 686 516 736; x_wconf 89' lang='lat' dir='ltr'>tabulis</span> <span class='ocrx_word' id='word_1_46' title='bbox 527 687 659 757; x_wconf 61' lang='grc' dir='ltr'>ιΖίνηὺνα,</span> <span class='ocrx_word' id='word_1_47' title='bbox 678 691 771 740; x_wconf 90' lang='lat' dir='ltr'>vitiose</span> <span class='ocrx_word' id='word_1_48' title='bbox 787 692 814 741; x_wconf 92' lang='lat' dir='ltr'>in</span> <span class='ocrx_word' id='word_1_49' title='bbox 830 691 936 744; x_wconf 83' lang='lat' dir='ltr'>Gallicis</span> <span class='ocrx_word' id='word_1_50' title='bbox 953 695 1039 760; x_wconf 84' lang='lat' dir='ltr'>libris,</span> <span class='ocrx_word' id='word_1_51' title='bbox 1057 697 1092 748; x_wconf 84' lang='lat' dir='ltr'>les</span> 
     </span>
     <span class='ocr_line' id='line_1_6' title="bbox 56 765 1094 847; baseline 0.013 -32"><span class='ocrx_word' id='word_1_52' title='bbox 56 765 118 818; x_wconf 83' lang='lat' dir='ltr'>Isles</span> <span class='ocrx_word' id='word_1_53' title='bbox 128 767 171 817; x_wconf 86' lang='lat' dir='ltr'>des</span> <span class='ocrx_word' id='word_1_54' title='bbox 184 766 281 829; x_wconf 82' lang='lat' dir='ltr'>Imber,</span> <span class='ocrx_word' id='word_1_55' title='bbox 294 765 378 828; x_wconf 77' lang='lat' dir='ltr'>dicta,</span> <span class='ocrx_word' id='word_1_56' title='bbox 390 765 444 835; x_wconf 85' lang='lat' dir='ltr'>(de</span> <span class='ocrx_word' id='word_1_57' title='bbox 457 785 509 836; x_wconf 86' lang='lat' dir='ltr'>qua</span> <span class='ocrx_word' id='word_1_58' title='bbox 520 786 544 817; x_wconf 89' lang='lat' dir='ltr'>v.</span> <span class='ocrx_word' id='word_1_59' title='bbox 555 767 633 818; x_wconf 74' lang='lat' dir='ltr'>Slta&#39;w</span> <span class='ocrx_word' id='word_1_60' title='bbox 643 767 746 819; x_wconf 85' lang='lat' dir='ltr'>Travels</span> <span class='ocrx_word' id='word_1_61' title='bbox 752 789 778 838; x_wconf 86' lang='lat' dir='ltr'>p.</span> <span class='ocrx_word' id='word_1_62' title='bbox 794 771 858 840; x_wconf 71' lang='lat'>146)</span> <span class='ocrx_word' id='word_1_63' title='bbox 872 773 933 823; x_wconf 90' lang='lat' dir='ltr'>olim</span> <span class='ocrx_word' id='word_1_64' title='bbox 942 776 1094 847; x_wconf 73' lang='lat' dir='ltr'>AEqimorus</span> 
     </span>
    </p>

    <p class='ocr_par' dir='ltr' id='par_1_3' title="bbox 56 845 1167 1711">
     <span class='ocr_line' id='line_1_7' title="bbox 56 845 1093 927; baseline 0.009 -30"><span class='ocrx_word' id='word_1_65' title='bbox 56 848 101 900; x_wconf 79' lang='lat' dir='ltr'>rel</span> <span class='ocrx_word' id='word_1_66' title='bbox 111 847 267 917; x_wconf 73' lang='lat' dir='ltr'>AEpimurus</span> <span class='ocrx_word' id='word_1_67' title='bbox 277 845 370 898; x_wconf 79' lang='lat' dir='ltr'>insula.</span> <span class='ocrx_word' id='word_1_68' title='bbox 384 847 448 896; x_wconf 89' lang='lat' dir='ltr'>Plin.</span> <span class='ocrx_word' id='word_1_69' title='bbox 461 849 498 911; x_wconf 83' lang='lat' dir='ltr'>V,</span> <span class='ocrx_word' id='word_1_70' title='bbox 519 865 533 916; x_wconf 90' lang='lat'>7</span> <span class='ocrx_word' id='word_1_71' title='bbox 555 849 648 898; x_wconf 85' lang='lat' dir='ltr'><em>Contra</em></span> <span class='ocrx_word' id='word_1_72' title='bbox 664 848 829 920; x_wconf 65' lang='lat' dir='ltr'>Carthaginis</span> <span class='ocrx_word' id='word_1_73' title='bbox 844 853 929 902; x_wconf 87' lang='lat' dir='ltr'>sinum</span> <span class='ocrx_word' id='word_1_74' title='bbox 942 855 998 904; x_wconf 83' lang='lat' dir='ltr'>duoe</span> <span class='ocrx_word' id='word_1_75' title='bbox 1014 857 1093 927; x_wconf 63' lang='grc' dir='ltr'><em>[Ἐφ’-</em></span> 
     </span>
     <span class='ocr_line' id='line_1_8' title="bbox 59 922 1093 996; baseline 0.012 -23"><span class='ocrx_word' id='word_1_76' title='bbox 59 925 129 974; x_wconf 84' lang='lat' dir='ltr'>mori</span> <span class='ocrx_word' id='word_1_77' title='bbox 139 923 214 986; x_wconf 79' lang='lat' dir='ltr'>Arte,</span> <span class='ocrx_word' id='word_1_78' title='bbox 227 922 327 993; x_wconf 81' lang='lat' dir='ltr'>scopuli</span> <span class='ocrx_word' id='word_1_79' title='bbox 339 925 421 976; x_wconf 85' lang='lat' dir='ltr'>verius</span> <span class='ocrx_word' id='word_1_80' title='bbox 433 943 513 996; x_wconf 82' lang='lat' dir='ltr'>quam</span> <span class='ocrx_word' id='word_1_81' title='bbox 526 924 632 989; x_wconf 77' lang='lat' dir='ltr'>insuite,</span> <span class='ocrx_word' id='word_1_82' title='bbox 653 927 721 976; x_wconf 84' lang='lat' dir='ltr'>inter</span> <span class='ocrx_word' id='word_1_83' title='bbox 738 927 855 978; x_wconf 85' lang='lat' dir='ltr'>Siciliam</span> <span class='ocrx_word' id='word_1_84' title='bbox 869 932 980 982; x_wconf 84' lang='lat' dir='ltr'><em>maxime</em></span> <span class='ocrx_word' id='word_1_85' title='bbox 994 945 1020 983; x_wconf 89' lang='lat' dir='ltr'>et</span> <span class='ocrx_word' id='word_1_86' title='bbox 1033 935 1093 984; x_wconf 87' lang='lat' dir='ltr'>Sar-</span> 
     </span>
     <span class='ocr_line' id='line_1_9' title="bbox 60 1002 1143 1082; baseline 0.009 -28"><span class='ocrx_word' id='word_1_87' title='bbox 60 1004 164 1054; x_wconf 82' lang='lat' dir='ltr'>diniam</span> <span class='ocrx_word' id='word_1_88' title='bbox 179 1002 332 1074; x_wconf 87' lang='lat' dir='ltr'>(Compara</span> <span class='ocrx_word' id='word_1_89' title='bbox 350 1005 404 1054; x_wconf 86' lang='lat' dir='ltr'>Liv.</span> <span class='ocrx_word' id='word_1_90' title='bbox 425 1005 510 1068; x_wconf 77' lang='lat' dir='ltr'>XXX&#39;,</span> <span class='ocrx_word' id='word_1_91' title='bbox 533 1005 597 1076; x_wconf 73' lang='lat'>24).</span> <span class='ocrx_word' id='word_1_92' title='bbox 620 1005 743 1057; x_wconf 83' lang='lat' dir='ltr'>Auctores</span> <span class='ocrx_word' id='word_1_93' title='bbox 760 1017 834 1072; x_wconf 84' lang='lat' dir='ltr'>sunt,</span> <span class='ocrx_word' id='word_1_94' title='bbox 856 1019 881 1059; x_wconf 86' lang='lat' dir='ltr'>et</span> <span class='ocrx_word' id='word_1_95' title='bbox 897 1009 941 1062; x_wconf 80' lang='lat' dir='ltr'>has</span> <span class='ocrx_word' id='word_1_96' title='bbox 961 1014 1094 1082; x_wconf 83' lang='lat' dir='ltr'>quondam</span> <span class='ocrx_word' id='word_1_97' title='bbox 1142 1067 1143 1072; x_wconf 62' lang='lat'>,</span> 
     </span>
     <span class='ocr_line' id='line_1_10' title="bbox 62 1083 1095 1160; baseline 0.01 -27"><span class='ocrx_word' id='word_1_98' title='bbox 62 1083 194 1134; x_wconf 77' lang='lat' dir='ltr'>habitatas</span> <span class='ocrx_word' id='word_1_99' title='bbox 205 1084 339 1134; x_wconf 86' lang='lat' dir='ltr'>subsedisse</span> <span class='ocrx_word' id='word_1_100' title='bbox 344 1105 353 1144; x_wconf 89' lang='lat'><em>;</em></span> <span class='ocrx_word' id='word_1_101' title='bbox 364 1098 393 1134; x_wconf 91' lang='lat' dir='ltr'>ut</span> <span class='ocrx_word' id='word_1_102' title='bbox 405 1083 471 1136; x_wconf 87' lang='lat' dir='ltr'>adeo</span> <span class='ocrx_word' id='word_1_103' title='bbox 485 1084 533 1135; x_wconf 93' lang='lat' dir='ltr'>sub</span> <span class='ocrx_word' id='word_1_104' title='bbox 542 1087 608 1135; x_wconf 85' lang='lat' dir='ltr'>mari</span> <span class='ocrx_word' id='word_1_105' title='bbox 621 1085 733 1137; x_wconf 88' lang='lat' dir='ltr'>laterent</span> <span class='ocrx_word' id='word_1_106' title='bbox 742 1085 823 1152; x_wconf 82' lang='lat' dir='ltr'>(saxa</span> <span class='ocrx_word' id='word_1_107' title='bbox 835 1087 956 1160; x_wconf 65' lang='lat' dir='ltr'>malignis</span> <span class='ocrx_word' id='word_1_108' title='bbox 966 1092 1095 1143; x_wconf 80' lang='lat' dir='ltr'>submersa</span> 
     </span>
     <span class='ocr_line' id='line_1_11' title="bbox 61 1159 1167 1237; baseline 0.009 -25"><span class='ocrx_word' id='word_1_109' title='bbox 61 1161 134 1212; x_wconf 85' lang='lat' dir='ltr'>vadis</span> <span class='ocrx_word' id='word_1_110' title='bbox 146 1159 243 1212; x_wconf 82' lang='lat' dir='ltr'>Statius</span> <span class='ocrx_word' id='word_1_111' title='bbox 260 1161 382 1212; x_wconf 86' lang='lat' dir='ltr'>diceretl</span> <span class='ocrx_word' id='word_1_112' title='bbox 397 1162 480 1213; x_wconf 88' lang='lat' dir='ltr'><strong>Theb.</strong></span> <span class='ocrx_word' id='word_1_113' title='bbox 494 1163 570 1237; x_wconf 80' lang='lat'>373).</span> <span class='ocrx_word' id='word_1_114' title='bbox 584 1165 669 1214; x_wconf 87' lang='lat' dir='ltr'>Varro</span> <span class='ocrx_word' id='word_1_115' title='bbox 682 1184 724 1235; x_wconf 86' lang='lat' dir='ltr'>ap.</span> <span class='ocrx_word' id='word_1_116' title='bbox 736 1164 805 1215; x_wconf 86' lang='lat' dir='ltr'>Serv.</span> <span class='ocrx_word' id='word_1_117' title='bbox 820 1166 891 1216; x_wconf 89' lang='lat' dir='ltr'>adh.</span> <span class='ocrx_word' id='word_1_118' title='bbox 905 1169 921 1217; x_wconf 95' lang='lat' dir='ltr'>l.</span> <span class='ocrx_word' id='word_1_119' title='bbox 935 1180 1056 1220; x_wconf 85' lang='lat' dir='ltr'>verentur</span> <span class='ocrx_word' id='word_1_120' title='bbox 1066 1170 1096 1221; x_wconf 85' lang='lat' dir='ltr'>iu</span> <span class='ocrx_word' id='word_1_121' title='bbox 1164 1207 1167 1212; x_wconf 80' lang='lat'><em>,</em></span> 
     </span>
     <span class='ocr_line' id='line_1_12' title="bbox 59 1238 1096 1316; baseline 0.01 -27"><span class='ocrx_word' id='word_1_122' title='bbox 59 1238 157 1310; x_wconf 70' lang='lat' dir='ltr'>pelago</span> <span class='ocrx_word' id='word_1_123' title='bbox 167 1238 290 1290; x_wconf 86' lang='lat' dir='ltr'>latentem</span> <span class='ocrx_word' id='word_1_124' title='bbox 299 1238 426 1303; x_wconf 81' lang='lat' dir='ltr'>insulam,</span> <span class='ocrx_word' id='word_1_125' title='bbox 440 1259 514 1311; x_wconf 87' lang='lat' dir='ltr'>quem</span> <span class='ocrx_word' id='word_1_126' title='bbox 524 1240 609 1292; x_wconf 85' lang='lat' dir='ltr'>locum</span> <span class='ocrx_word' id='word_1_127' title='bbox 619 1243 790 1294; x_wconf 81' lang='lat' dir='ltr'>vocantAras.</span> <span class='ocrx_word' id='word_1_128' title='bbox 800 1245 849 1294; x_wconf 86' lang='lat' dir='ltr'>Eas</span> <span class='ocrx_word' id='word_1_129' title='bbox 857 1245 1004 1316; x_wconf 79' lang='lat' dir='ltr'><em>Neptunias</em></span> <span class='ocrx_word' id='word_1_130' title='bbox 1014 1250 1096 1301; x_wconf 84' lang='lat' dir='ltr'>fuisse</span> 
     </span>
     <span class='ocr_line' id='line_1_13' title="bbox 63 1317 1097 1396; baseline 0.009 -27"><span class='ocrx_word' id='word_1_131' title='bbox 63 1333 173 1369; x_wconf 81' lang='lat' dir='ltr'>vocatas</span> <span class='ocrx_word' id='word_1_132' title='bbox 185 1317 258 1369; x_wconf 83' lang='lat' dir='ltr'>idern</span> <span class='ocrx_word' id='word_1_133' title='bbox 267 1317 371 1370; x_wconf 88' lang='lat' dir='ltr'>Servius</span> <span class='ocrx_word' id='word_1_134' title='bbox 382 1339 396 1370; x_wconf 91' lang='lat' dir='ltr'>e</span> <span class='ocrx_word' id='word_1_135' title='bbox 406 1319 516 1370; x_wconf 83' lang='lat' dir='ltr'>Claudib</span> <span class='ocrx_word' id='word_1_136' title='bbox 526 1320 702 1390; x_wconf 85' lang='lat' dir='ltr'>Quadrigario</span> <span class='ocrx_word' id='word_1_137' title='bbox 715 1320 806 1388; x_wconf 74' lang='lat' dir='ltr'>docet,</span> <span class='ocrx_word' id='word_1_138' title='bbox 817 1336 843 1373; x_wconf 89' lang='lat' dir='ltr'>at</span> <span class='ocrx_word' id='word_1_139' title='bbox 855 1322 963 1375; x_wconf 79' lang='lat' dir='ltr'>Sisenna</span> <span class='ocrx_word' id='word_1_140' title='bbox 970 1327 1097 1396; x_wconf 83' lang='lat' dir='ltr'>propitias</span> 
     </span>
     <span class='ocr_line' id='line_1_14' title="bbox 65 1397 1097 1475; baseline 0.008 -27"><span class='ocrx_word' id='word_1_141' title='bbox 65 1397 256 1467; x_wconf 83' lang='lat' dir='ltr'>appellaverat.</span> <span class='ocrx_word' id='word_1_142' title='bbox 273 1400 333 1450; x_wconf 88' lang='lat' dir='ltr'>Jam</span> <span class='ocrx_word' id='word_1_143' title='bbox 348 1399 407 1450; x_wconf 80' lang='lat' dir='ltr'>Arte</span> <span class='ocrx_word' id='word_1_144' title='bbox 419 1413 529 1468; x_wconf 88' lang='lat' dir='ltr'>possunt</span> <span class='ocrx_word' id='word_1_145' title='bbox 542 1399 616 1450; x_wconf 84' lang='lat' dir='ltr'>dictae</span> <span class='ocrx_word' id='word_1_146' title='bbox 632 1401 730 1464; x_wconf 83' lang='lat' dir='ltr'>videri,</span> <span class='ocrx_word' id='word_1_147' title='bbox 751 1404 813 1470; x_wconf 85' lang='lat' dir='ltr'>quia</span> <span class='ocrx_word' id='word_1_148' title='bbox 829 1404 930 1472; x_wconf 87' lang='lat' dir='ltr'>scopuli</span> <span class='ocrx_word' id='word_1_149' title='bbox 944 1418 1004 1455; x_wconf 89' lang='lat' dir='ltr'>sunt</span> <span class='ocrx_word' id='word_1_150' title='bbox 1018 1424 1097 1475; x_wconf 89' lang='lat' dir='ltr'>snper</span> 
     </span>
     <span class='ocr_line' id='line_1_15' title="bbox 65 1471 1164 1552; baseline 0.004 -22"><span class='ocrx_word' id='word_1_151' title='bbox 65 1497 164 1548; x_wconf 89' lang='lat' dir='ltr'>aquam</span> <span class='ocrx_word' id='word_1_152' title='bbox 176 1481 327 1531; x_wconf 80' lang='lat' dir='ltr'>eminentes.</span> <span class='ocrx_word' id='word_1_153' title='bbox 341 1481 375 1530; x_wconf 87' lang='lat' dir='ltr'>At</span> <span class='ocrx_word' id='word_1_154' title='bbox 387 1479 492 1532; x_wconf 86' lang='lat' dir='ltr'>Servius</span> <span class='ocrx_word' id='word_1_155' title='bbox 504 1503 510 1530; x_wconf 75' lang='grc' dir='ltr'>ε</span> <span class='ocrx_word' id='word_1_156' title='bbox 524 1481 643 1551; x_wconf 83' lang='lat' dir='ltr'>quodibi</span> <span class='ocrx_word' id='word_1_157' title='bbox 656 1479 717 1549; x_wconf 82' lang='lat' dir='ltr'>Afri</span> <span class='ocrx_word' id='word_1_158' title='bbox 729 1493 754 1531; x_wconf 87' lang='lat' dir='ltr'>et</span> <span class='ocrx_word' id='word_1_159' title='bbox 768 1483 970 1552; x_wconf 81' lang='lat' dir='ltr'>Romanifoedus</span> <span class='ocrx_word' id='word_1_160' title='bbox 982 1479 1100 1536; x_wconf 81' lang='lat' dir='ltr'>inierunt</span> <span class='ocrx_word' id='word_1_161' title='bbox 1160 1471 1164 1480; x_wconf 73' lang='lat'>.</span> 
     </span>
     <span class='ocr_line' id='line_1_16' title="bbox 63 1555 1099 1630; baseline 0.009 -23"><span class='ocrx_word' id='word_1_162' title='bbox 63 1569 92 1607; x_wconf 89' lang='lat' dir='ltr'>et</span> <span class='ocrx_word' id='word_1_163' title='bbox 93 1555 166 1628; x_wconf 82' lang='lat' dir='ltr'>fines</span> <span class='ocrx_word' id='word_1_164' title='bbox 178 1559 284 1629; x_wconf 80' lang='lat' dir='ltr'>imperii</span> <span class='ocrx_word' id='word_1_165' title='bbox 299 1559 340 1611; x_wconf 90' lang='lat' dir='ltr'>sui</span> <span class='ocrx_word' id='word_1_166' title='bbox 355 1558 412 1610; x_wconf 82' lang='lat' dir='ltr'>illie</span> <span class='ocrx_word' id='word_1_167' title='bbox 423 1578 472 1612; x_wconf 86' lang='lat' dir='ltr'>esse</span> <span class='ocrx_word' id='word_1_168' title='bbox 488 1559 632 1612; x_wconf 85' lang='lat' dir='ltr'>uoluerunt.</span> <span class='ocrx_word' id='word_1_169' title='bbox 653 1559 774 1612; x_wconf 87' lang='lat' dir='ltr'>lnducias</span> <span class='ocrx_word' id='word_1_170' title='bbox 792 1560 897 1630; x_wconf 90' lang='lat' dir='ltr'>quidem</span> <span class='ocrx_word' id='word_1_171' title='bbox 918 1565 945 1614; x_wconf 92' lang='lat' dir='ltr'>in</span> <span class='ocrx_word' id='word_1_172' title='bbox 961 1582 992 1614; x_wconf 88' lang='lat' dir='ltr'>ea</span> <span class='ocrx_word' id='word_1_173' title='bbox 1013 1563 1099 1616; x_wconf 89' lang='lat' dir='ltr'>insula</span> 
     </span>
     <span class='ocr_line' id='line_1_17' title="bbox 65 1637 1099 1711; baseline 0.007 -26"><span class='ocrx_word' id='word_1_174' title='bbox 65 1648 159 1706; x_wconf 85' lang='lat' dir='ltr'>ruptas</span> <span class='ocrx_word' id='word_1_175' title='bbox 171 1638 221 1688; x_wconf 88' lang='lat' dir='ltr'>sub</span> <span class='ocrx_word' id='word_1_176' title='bbox 234 1637 312 1690; x_wconf 86' lang='lat' dir='ltr'>finem</span> <span class='ocrx_word' id='word_1_177' title='bbox 323 1638 387 1691; x_wconf 91' lang='lat' dir='ltr'>belli</span> <span class='ocrx_word' id='word_1_178' title='bbox 398 1640 488 1690; x_wconf 90' lang='lat' dir='ltr'>Punici</span> <span class='ocrx_word' id='word_1_179' title='bbox 506 1637 614 1690; x_wconf 89' lang='lat' dir='ltr'>secundi</span> <span class='ocrx_word' id='word_1_180' title='bbox 625 1639 713 1688; x_wconf 90' lang='lat' dir='ltr'>Livius</span> <span class='ocrx_word' id='word_1_181' title='bbox 725 1638 742 1687; x_wconf 94' lang='lat' dir='ltr'>l.</span> <span class='ocrx_word' id='word_1_182' title='bbox 753 1638 770 1688; x_wconf 82' lang='lat' dir='ltr'>l.</span> <span class='ocrx_word' id='word_1_183' title='bbox 784 1651 923 1700; x_wconf 86' lang='lat' dir='ltr'>memorat;</span> <span class='ocrx_word' id='word_1_184' title='bbox 936 1659 989 1692; x_wconf 92' lang='lat' dir='ltr'>non</span> <span class='ocrx_word' id='word_1_185' title='bbox 1005 1661 1099 1711; x_wconf 87' lang='lat' dir='ltr'>pacem</span> 
     </span>
    </p>

    <p class='ocr_par' dir='ltr' id='par_1_4' title="bbox 64 1714 1173 2244">
     <span class='ocr_line' id='line_1_18' title="bbox 64 1714 1173 1790; baseline 0.007 -25"><span class='ocrx_word' id='word_1_186' title='bbox 64 1714 104 1764; x_wconf 86' lang='lat' dir='ltr'>ibi</span> <span class='ocrx_word' id='word_1_187' title='bbox 115 1717 223 1766; x_wconf 87' lang='lat' dir='ltr'>factam.</span> <span class='ocrx_word' id='word_1_188' title='bbox 236 1717 269 1766; x_wconf 89' lang='lat' dir='ltr'>Et</span> <span class='ocrx_word' id='word_1_189' title='bbox 280 1715 343 1768; x_wconf 88' lang='lat' dir='ltr'>fines</span> <span class='ocrx_word' id='word_1_190' title='bbox 360 1719 463 1786; x_wconf 87' lang='lat' dir='ltr'>imperii</span> <span class='ocrx_word' id='word_1_191' title='bbox 474 1719 501 1767; x_wconf 91' lang='lat' dir='ltr'>in</span> <span class='ocrx_word' id='word_1_192' title='bbox 517 1719 594 1787; x_wconf 81' lang='lat' dir='ltr'>pacis&#39;</span> <span class='ocrx_word' id='word_1_193' title='bbox 607 1716 803 1768; x_wconf 86' lang='lat' dir='ltr'>conditionibus</span> <span class='ocrx_word' id='word_1_194' title='bbox 819 1719 890 1788; x_wconf 81' lang='lat' dir='ltr'>apud</span> <span class='ocrx_word' id='word_1_195' title='bbox 901 1719 990 1790; x_wconf 83' lang='lat' dir='ltr'>Polyb.</span> <span class='ocrx_word' id='word_1_196' title='bbox 1003 1723 1051 1785; x_wconf 77' lang='grc' dir='ltr'><strong>ΙΙΙ,</strong></span> <span class='ocrx_word' id='word_1_197' title='bbox 1064 1738 1097 1772; x_wconf 81' lang='lat'>22</span> <span class='ocrx_word' id='word_1_198' title='bbox 1168 1753 1173 1762; x_wconf 76' lang='lat'>.</span> 
     </span>
     <span class='ocr_line' id='line_1_19' title="bbox 67 1793 1099 1867; baseline 0.006 -25"><span class='ocrx_word' id='word_1_199' title='bbox 67 1807 128 1862; x_wconf 88' lang='lat' dir='ltr'>sqq.</span> <span class='ocrx_word' id='word_1_200' title='bbox 148 1793 224 1845; x_wconf 89' lang='lat' dir='ltr'>aliter</span> <span class='ocrx_word' id='word_1_201' title='bbox 236 1797 439 1846; x_wconf 74' lang='lat' dir='ltr'>constituuntur.</span> <span class='ocrx_word' id='word_1_202' title='bbox 461 1795 528 1859; x_wconf 79' lang='lat' dir='ltr'>sed,</span> <span class='ocrx_word' id='word_1_203' title='bbox 549 1797 593 1865; x_wconf 91' lang='lat' dir='ltr'>qui</span> <span class='ocrx_word' id='word_1_204' title='bbox 610 1797 688 1845; x_wconf 84' lang='lat' dir='ltr'>istum</span> <span class='ocrx_word' id='word_1_205' title='bbox 709 1795 838 1846; x_wconf 88' lang='lat' dir='ltr'>Servianis</span> <span class='ocrx_word' id='word_1_206' title='bbox 860 1796 946 1847; x_wconf 87' lang='lat' dir='ltr'>adsuit</span> <span class='ocrx_word' id='word_1_207' title='bbox 966 1817 1099 1867; x_wconf 86' lang='lat' dir='ltr'>pannum,</span> 
     </span>
     <span class='ocr_line' id='line_1_20' title="bbox 65 1874 1098 1946; baseline 0.007 -23"><span class='ocrx_word' id='word_1_208' title='bbox 65 1875 175 1946; x_wconf 74' lang='lat' dir='ltr'>AEqates</span> <span class='ocrx_word' id='word_1_209' title='bbox 187 1874 300 1940; x_wconf 80' lang='lat' dir='ltr'>insulas,</span> <span class='ocrx_word' id='word_1_210' title='bbox 320 1876 432 1946; x_wconf 76' lang='lat' dir='ltr'>Lilybaeo</span> <span class='ocrx_word' id='word_1_211' title='bbox 449 1875 541 1927; x_wconf 79' lang='lat' dir='ltr'>Sicilie</span> <span class='ocrx_word' id='word_1_212' title='bbox 555 1878 703 1946; x_wconf 74' lang='lat' dir='ltr'>oppositas,</span> <span class='ocrx_word' id='word_1_213' title='bbox 721 1875 755 1926; x_wconf 87' lang='lat' dir='ltr'>ad</span> <span class='ocrx_word' id='word_1_214' title='bbox 771 1894 836 1945; x_wconf 87' lang='lat' dir='ltr'>quas</span> <span class='ocrx_word' id='word_1_215' title='bbox 847 1877 910 1927; x_wconf 86' lang='lat' dir='ltr'>victi</span> <span class='ocrx_word' id='word_1_216' title='bbox 927 1877 981 1929; x_wconf 87' lang='lat' dir='ltr'>aC.</span> <span class='ocrx_word' id='word_1_217' title='bbox 995 1880 1098 1930; x_wconf 87' lang='lat' dir='ltr'>Lutatio</span> 
     </span>
     <span class='ocr_line' id='line_1_21' title="bbox 65 1953 1154 2027; baseline 0.005 -23"><span class='ocrx_word' id='word_1_218' title='bbox 65 1953 164 2022; x_wconf 85' lang='lat' dir='ltr'>Catulo</span> <span class='ocrx_word' id='word_1_219' title='bbox 176 1955 249 2005; x_wconf 86' lang='lat' dir='ltr'>Poeni</span> <span class='ocrx_word' id='word_1_220' title='bbox 260 1954 330 2006; x_wconf 87' lang='lat' dir='ltr'>bello</span> <span class='ocrx_word' id='word_1_221' title='bbox 341 1957 439 2006; x_wconf 89' lang='lat' dir='ltr'>Punico</span> <span class='ocrx_word' id='word_1_222' title='bbox 451 1957 537 2025; x_wconf 84' lang='lat' dir='ltr'>primo</span> <span class='ocrx_word' id='word_1_223' title='bbox 549 1955 627 2006; x_wconf 89' lang='lat' dir='ltr'>finem</span> <span class='ocrx_word' id='word_1_224' title='bbox 638 1955 771 2021; x_wconf 77' lang='lat' dir='ltr'>fecerunt,</span> <span class='ocrx_word' id='word_1_225' title='bbox 785 1975 845 2006; x_wconf 87' lang='lat' dir='ltr'>cum</span> <span class='ocrx_word' id='word_1_226' title='bbox 860 1959 991 2027; x_wconf 84' lang='lat' dir='ltr'>AEgimuro</span> <span class='ocrx_word' id='word_1_227' title='bbox 1004 1960 1100 2009; x_wconf 81' lang='lat' dir='ltr'>conlu—</span> <span class='ocrx_word' id='word_1_228' title='bbox 1149 1977 1154 1987; x_wconf 84' lang='grc'>·</span> 
     </span>
     <span class='ocr_line' id='line_1_22' title="bbox 68 2033 1099 2105; baseline 0.006 -22"><span class='ocrx_word' id='word_1_229' title='bbox 68 2033 117 2083; x_wconf 91' lang='lat' dir='ltr'>dit.</span> <span class='ocrx_word' id='word_1_230' title='bbox 129 2033 210 2099; x_wconf 90' lang='lat' dir='ltr'>Quod</span> <span class='ocrx_word' id='word_1_231' title='bbox 221 2045 273 2086; x_wconf 88' lang='lat' dir='ltr'>eta</span> <span class='ocrx_word' id='word_1_232' title='bbox 283 2037 428 2105; x_wconf 89' lang='lat' dir='ltr'>Pomponio</span> <span class='ocrx_word' id='word_1_233' title='bbox 438 2035 536 2086; x_wconf 90' lang='lat' dir='ltr'>Sabino</span> <span class='ocrx_word' id='word_1_234' title='bbox 548 2037 647 2085; x_wconf 87' lang='lat' dir='ltr'>factum</span> <span class='ocrx_word' id='word_1_235' title='bbox 659 2035 746 2085; x_wconf 91' lang='lat' dir='ltr'>video.</span> <span class='ocrx_word' id='word_1_236' title='bbox 756 2036 816 2086; x_wconf 85' lang='lat' dir='ltr'>Alia</span> <span class='ocrx_word' id='word_1_237' title='bbox 827 2037 924 2088; x_wconf 87' lang='lat' dir='ltr'>lacinia</span> <span class='ocrx_word' id='word_1_238' title='bbox 933 2040 959 2088; x_wconf 92' lang='lat' dir='ltr'>in</span> <span class='ocrx_word' id='word_1_239' title='bbox 970 2038 1099 2089; x_wconf 86' lang='lat' dir='ltr'>Servianis</span> 
     </span>
     <span class='ocr_line' id='line_1_23' title="bbox 67 2111 1098 2183; baseline 0.005 -21"><span class='ocrx_word' id='word_1_240' title='bbox 67 2111 197 2176; x_wconf 81' lang='lat' dir='ltr'>docet‚-in</span> <span class='ocrx_word' id='word_1_241' title='bbox 204 2111 245 2162; x_wconf 88' lang='lat' dir='ltr'>hls</span> <span class='ocrx_word' id='word_1_242' title='bbox 255 2117 335 2177; x_wconf 83' lang='lat' dir='ltr'>saxis,</span> <span class='ocrx_word' id='word_1_243' title='bbox 344 2131 401 2183; x_wconf 85' lang='lat' dir='ltr'>quae</span> <span class='ocrx_word' id='word_1_244' title='bbox 408 2113 498 2165; x_wconf 72' lang='lat' dir='ltr'>insulae</span> <span class='ocrx_word' id='word_1_245' title='bbox 506 2113 645 2164; x_wconf 82' lang='lat' dir='ltr'>submersae</span> <span class='ocrx_word' id='word_1_246' title='bbox 656 2113 718 2163; x_wconf 89' lang='lat' dir='ltr'>olim</span> <span class='ocrx_word' id='word_1_247' title='bbox 727 2113 844 2183; x_wconf 84' lang='lat' dir='ltr'>reliquiae</span> <span class='ocrx_word' id='word_1_248' title='bbox 855 2128 950 2178; x_wconf 83' lang='lat' dir='ltr'>essent,</span> <span class='ocrx_word' id='word_1_249' title='bbox 959 2117 1098 2168; x_wconf 85' lang='lat' dir='ltr'>Poenorum</span> 
     </span>
     <span class='ocr_line' id='line_1_24' title="bbox 68 2189 689 2244; baseline 0.002 -4"><span class='ocrx_word' id='word_1_250' title='bbox 68 2189 223 2241; x_wconf 79' lang='lat' dir='ltr'>sacerdotes</span> <span class='ocrx_word' id='word_1_251' title='bbox 235 2211 288 2242; x_wconf 88' lang='lat' dir='ltr'>rem</span> <span class='ocrx_word' id='word_1_252' title='bbox 301 2191 416 2244; x_wconf 88' lang='lat' dir='ltr'>divinam</span> <span class='ocrx_word' id='word_1_253' title='bbox 426 2193 513 2242; x_wconf 87' lang='lat' dir='ltr'>facere</span> <span class='ocrx_word' id='word_1_254' title='bbox 524 2191 623 2241; x_wconf 82' lang='lat' dir='ltr'>solitos.</span> <span class='ocrx_word' id='word_1_255' title='bbox 685 2211 689 2217; x_wconf 87' lang='lat'>·</span> 
     </span>
    </p>

    <p class='ocr_par' dir='ltr' id='par_1_5' title="bbox 69 2267 1174 3054">
     <span class='ocr_line' id='line_1_25' title="bbox 104 2267 1102 2342; baseline 0.004 -24"><span class='ocrx_word' id='word_1_256' title='bbox 104 2270 241 2320; x_wconf 85' lang='lat' dir='ltr'>Hactenus</span> <span class='ocrx_word' id='word_1_257' title='bbox 258 2270 291 2320; x_wconf 91' lang='lat' dir='ltr'>de</span> <span class='ocrx_word' id='word_1_258' title='bbox 306 2273 377 2321; x_wconf 80' lang='lat' dir='ltr'>vocis</span> <span class='ocrx_word' id='word_1_259' title='bbox 394 2287 445 2321; x_wconf 84' lang='lat' dir='ltr'>aroe</span> <span class='ocrx_word' id='word_1_260' title='bbox 462 2271 684 2340; x_wconf 83' lang='lat' dir='ltr'>interpretatione.</span> <span class='ocrx_word' id='word_1_261' title='bbox 702 2269 779 2320; x_wconf 89' lang='lat' dir='ltr'>Nunc</span> <span class='ocrx_word' id='word_1_262' title='bbox 798 2267 830 2320; x_wconf 90' lang='lat' dir='ltr'>de</span> <span class='ocrx_word' id='word_1_263' title='bbox 847 2280 903 2319; x_wconf 91' lang='lat' dir='ltr'>toto</span> <span class='ocrx_word' id='word_1_264' title='bbox 921 2289 1011 2338; x_wconf 80' lang='lat' dir='ltr'>versu,</span> <span class='ocrx_word' id='word_1_265' title='bbox 1025 2281 1102 2342; x_wconf 86' lang='lat' dir='ltr'>quern</span> 
     </span>
     <span class='ocr_line' id='line_1_26' title="bbox 69 2334 1146 2422; baseline 0 -23"><span class='ocrx_word' id='word_1_266' title='bbox 69 2346 159 2399; x_wconf 87' lang='lat' dir='ltr'>solent</span> <span class='ocrx_word' id='word_1_267' title='bbox 170 2347 280 2399; x_wconf 84' lang='lat' dir='ltr'>laudare</span> <span class='ocrx_word' id='word_1_268' title='bbox 290 2334 437 2412; x_wconf 42' lang='lat' dir='ltr'>depilari,</span> <span class='ocrx_word' id='word_1_269' title='bbox 452 2360 578 2422; x_wconf 82' lang='lat' dir='ltr'>tanquam</span> <span class='ocrx_word' id='word_1_270' title='bbox 593 2347 732 2412; x_wconf 76' lang='lat' dir='ltr'>doctrine,</span> <span class='ocrx_word' id='word_1_271' title='bbox 746 2349 841 2416; x_wconf 87' lang='lat' dir='ltr'>quaein</span> <span class='ocrx_word' id='word_1_272' title='bbox 858 2360 937 2416; x_wconf 88' lang='lat' dir='ltr'>poeta</span> <span class='ocrx_word' id='word_1_273' title='bbox 952 2350 1015 2413; x_wconf 84' lang='lat' dir='ltr'>fuit,</span> <span class='ocrx_word' id='word_1_274' title='bbox 1029 2368 1102 2420; x_wconf 85' lang='lat' dir='ltr'>argu·</span> <span class='ocrx_word' id='word_1_275' title='bbox 1141 2358 1146 2378; x_wconf 83' lang='lat'><em>⁰</em></span> 
     </span>
     <span class='ocr_line' id='line_1_27' title="bbox 69 2424 1102 2498; baseline 0.001 -23"><span class='ocrx_word' id='word_1_276' title='bbox 69 2438 200 2498; x_wconf 81' lang='lat' dir='ltr'>mentum.</span> <span class='ocrx_word' id='word_1_277' title='bbox 210 2427 290 2477; x_wconf 84' lang='lat' dir='ltr'>Recte</span> <span class='ocrx_word' id='word_1_278' title='bbox 304 2427 418 2497; x_wconf 86' lang='lat' dir='ltr'>quidem.</span> <span class='ocrx_word' id='word_1_279' title='bbox 434 2427 485 2479; x_wconf 87' lang='lat' dir='ltr'>Sed</span> <span class='ocrx_word' id='word_1_280' title='bbox 499 2429 556 2497; x_wconf 90' lang='lat' dir='ltr'>quis</span> <span class='ocrx_word' id='word_1_281' title='bbox 567 2440 672 2496; x_wconf 90' lang='lat' dir='ltr'>poetam</span> <span class='ocrx_word' id='word_1_282' title='bbox 690 2426 758 2477; x_wconf 83' lang='lat' dir='ltr'>ferat</span> <span class='ocrx_word' id='word_1_283' title='bbox 776 2427 802 2475; x_wconf 93' lang='lat' dir='ltr'>in</span> <span class='ocrx_word' id='word_1_284' title='bbox 820 2425 906 2476; x_wconf 91' lang='lat' dir='ltr'>medio</span> <span class='ocrx_word' id='word_1_285' title='bbox 920 2445 1007 2477; x_wconf 88' lang='lat' dir='ltr'>rerum</span> <span class='ocrx_word' id='word_1_286' title='bbox 1025 2424 1102 2491; x_wconf 70' lang='lat' dir='ltr'>estu,</span> 
     </span>
     <span class='ocr_line' id='line_1_28' title="bbox 72 2505 1103 2577; baseline 0.002 -24"><span class='ocrx_word' id='word_1_287' title='bbox 72 2519 136 2554; x_wconf 88' lang='lat' dir='ltr'>cum</span> <span class='ocrx_word' id='word_1_288' title='bbox 149 2506 238 2556; x_wconf 87' lang='lat' dir='ltr'>omnia</span> <span class='ocrx_word' id='word_1_289' title='bbox 247 2518 400 2574; x_wconf 87' lang='lat' dir='ltr'>tempestate</span> <span class='ocrx_word' id='word_1_290' title='bbox 413 2525 508 2577; x_wconf 86' lang='lat' dir='ltr'>magna</span> <span class='ocrx_word' id='word_1_291' title='bbox 520 2505 626 2556; x_wconf 87' lang='lat' dir='ltr'>turbata</span> <span class='ocrx_word' id='word_1_292' title='bbox 637 2517 711 2568; x_wconf 84' lang='lat' dir='ltr'>sunt,</span> <span class='ocrx_word' id='word_1_293' title='bbox 724 2520 783 2554; x_wconf 88' lang='lat' dir='ltr'>cum</span> <span class='ocrx_word' id='word_1_294' title='bbox 795 2507 884 2556; x_wconf 88' lang='lat' dir='ltr'>omnia</span> <span class='ocrx_word' id='word_1_295' title='bbox 895 2518 1004 2556; x_wconf 89' lang='lat' dir='ltr'>mortem</span> <span class='ocrx_word' id='word_1_296' title='bbox 1016 2508 1103 2557; x_wconf 91' lang='lat' dir='ltr'>inten-</span> 
     </span>
     <span class='ocr_line' id='line_1_29' title="bbox 71 2582 1105 2656; baseline 0.005 -26"><span class='ocrx_word' id='word_1_297' title='bbox 71 2594 142 2645; x_wconf 82' lang='lat' dir='ltr'>tant,</span> <span class='ocrx_word' id='word_1_298' title='bbox 153 2586 349 2654; x_wconf 84' lang='lat' dir='ltr'>grammaticam</span> <span class='ocrx_word' id='word_1_299' title='bbox 358 2585 474 2654; x_wconf 84' lang='lat' dir='ltr'>allquam</span> <span class='ocrx_word' id='word_1_300' title='bbox 481 2584 651 2635; x_wconf 84' lang='lat' dir='ltr'>subtilitatem</span> <span class='ocrx_word' id='word_1_301' title='bbox 659 2582 817 2656; x_wconf 88' lang='lat' dir='ltr'>alienissimo</span> <span class='ocrx_word' id='word_1_302' title='bbox 825 2583 884 2634; x_wconf 89' lang='lat' dir='ltr'>loco</span> <span class='ocrx_word' id='word_1_303' title='bbox 893 2585 1105 2636; x_wconf 83' lang='lat' dir='ltr'>interserentem?</span> 
     </span>
     <span class='ocr_line' id='line_1_30' title="bbox 71 2658 1174 2733; baseline 0.005 -24"><span class='ocrx_word' id='word_1_304' title='bbox 71 2658 190 2712; x_wconf 88' lang='lat' dir='ltr'>Sensisse</span> <span class='ocrx_word' id='word_1_305' title='bbox 202 2661 253 2712; x_wconf 91' lang='lat' dir='ltr'>hoc</span> <span class='ocrx_word' id='word_1_306' title='bbox 265 2664 346 2733; x_wconf 82' lang='lat' dir='ltr'>frigus</span> <span class='ocrx_word' id='word_1_307' title='bbox 357 2665 411 2732; x_wconf 85' lang='lat' dir='ltr'>jam</span> <span class='ocrx_word' id='word_1_308' title='bbox 424 2663 488 2714; x_wconf 89' lang='lat' dir='ltr'>alios</span> <span class='ocrx_word' id='word_1_309' title='bbox 500 2679 554 2714; x_wconf 93' lang='lat' dir='ltr'>non</span> <span class='ocrx_word' id='word_1_310' title='bbox 567 2662 674 2723; x_wconf 90' lang='lat' dir='ltr'>dubito;</span> <span class='ocrx_word' id='word_1_311' title='bbox 688 2675 714 2712; x_wconf 93' lang='lat' dir='ltr'>et</span> <span class='ocrx_word' id='word_1_312' title='bbox 726 2662 839 2712; x_wconf 89' lang='lat' dir='ltr'>cundem</span> <span class='ocrx_word' id='word_1_313' title='bbox 848 2679 952 2713; x_wconf 88' lang='lat' dir='ltr'>sensum</span> <span class='ocrx_word' id='word_1_314' title='bbox 965 2679 992 2714; x_wconf 89' lang='lat' dir='ltr'>se</span> <span class='ocrx_word' id='word_1_315' title='bbox 1004 2663 1104 2714; x_wconf 88' lang='lat' dir='ltr'>habere</span> <span class='ocrx_word' id='word_1_316' title='bbox 1168 2669 1174 2684; x_wconf 60' lang='lat'>”</span> 
     </span>
     <span class='ocr_line' id='line_1_31' title="bbox 72 2739 1130 2813; baseline 0 -23"><span class='ocrx_word' id='word_1_317' title='bbox 72 2742 185 2809; x_wconf 84' lang='lat' dir='ltr'>privatis</span> <span class='ocrx_word' id='word_1_318' title='bbox 208 2740 350 2810; x_wconf 88' lang='lat' dir='ltr'>aliquando</span> <span class='ocrx_word' id='word_1_319' title='bbox 362 2742 404 2806; x_wconf 26' lang='lat' dir='ltr'>»ad</span> <span class='ocrx_word' id='word_1_320' title='bbox 420 2761 460 2794; x_wconf 89' lang='lat' dir='ltr'>me</span> <span class='ocrx_word' id='word_1_321' title='bbox 476 2742 558 2793; x_wconf 87' lang='lat' dir='ltr'>literis</span> <span class='ocrx_word' id='word_1_322' title='bbox 577 2739 742 2813; x_wconf 87' lang='lat' dir='ltr'>significabat</span> <span class='ocrx_word' id='word_1_323' title='bbox 761 2741 863 2793; x_wconf 89' lang='lat' dir='ltr'>Artium</span> <span class='ocrx_word' id='word_1_324' title='bbox 880 2743 948 2792; x_wconf 88' lang='lat' dir='ltr'>inter</span> <span class='ocrx_word' id='word_1_325' title='bbox 962 2741 1104 2811; x_wconf 87' lang='lat' dir='ltr'>populares</span> <span class='ocrx_word' id='word_1_326' title='bbox 1127 2744 1130 2754; x_wconf 83' lang='lat'><em>&#39;</em></span> 
     </span>
     <span class='ocr_line' id='line_1_32' title="bbox 72 2820 1104 2894; baseline 0.001 -25"><span class='ocrx_word' id='word_1_327' title='bbox 72 2832 181 2870; x_wconf 80' lang='lat' dir='ltr'>nostros</span> <span class='ocrx_word' id='word_1_328' title='bbox 195 2822 561 2894; x_wconf 81' lang='lat' dir='ltr'>sospitator‚·Hagedornit1s.</span> <span class='ocrx_word' id='word_1_329' title='bbox 583 2821 650 2873; x_wconf 88' lang='lat' dir='ltr'>Cum</span> <span class='ocrx_word' id='word_1_330' title='bbox 669 2833 757 2872; x_wconf 87' lang='lat' dir='ltr'>autem</span> <span class='ocrx_word' id='word_1_331' title='bbox 774 2824 817 2871; x_wconf 87' lang='lat' dir='ltr'>vix</span> <span class='ocrx_word' id='word_1_332' title='bbox 834 2820 972 2890; x_wconf 84' lang='lat' dir='ltr'>probabile</span> <span class='ocrx_word' id='word_1_333' title='bbox 989 2823 1037 2888; x_wconf 81' lang='lat' dir='ltr'>sit,</span> <span class='ocrx_word' id='word_1_334' title='bbox 1052 2820 1104 2870; x_wconf 88' lang='lat' dir='ltr'>hoo</span> 
     </span>
     <span class='ocr_line' id='line_1_33' title="bbox 75 2890 1105 2973; baseline -0.003 -23"><span class='ocrx_word' id='word_1_335' title='bbox 75 2916 157 2950; x_wconf 79' lang='lat' dir='ltr'>sensu</span> <span class='ocrx_word' id='word_1_336' title='bbox 166 2917 272 2952; x_wconf 82' lang='lat' dir='ltr'>vacasse</span> <span class='ocrx_word' id='word_1_337' title='bbox 277 2890 386 2970; x_wconf 81' lang='lat' dir='ltr'>poetam</span> <span class='ocrx_word' id='word_1_338' title='bbox 397 2901 582 2973; x_wconf 80' lang='lat' dir='ltr'>elegantissimi</span> <span class='ocrx_word' id='word_1_339' title='bbox 592 2902 703 2971; x_wconf 81' lang='lat' dir='ltr'>ingenii,</span> <span class='ocrx_word' id='word_1_340' title='bbox 713 2901 849 2954; x_wconf 83' lang='lat' dir='ltr'>Maronem</span> <span class='ocrx_word' id='word_1_341' title='bbox 859 2919 864 2948; x_wconf 90' lang='lat'><strong>:</strong></span> <span class='ocrx_word' id='word_1_342' title='bbox 879 2900 1021 2967; x_wconf 88' lang='lat' dir='ltr'>suspicioni</span> <span class='ocrx_word' id='word_1_343' title='bbox 1030 2899 1105 2954; x_wconf 72' lang='lat' dir='ltr'>locus</span> 
     </span>
     <span class='ocr_line' id='line_1_34' title="bbox 74 2977 1163 3054; baseline -0.004 -22"><span class='ocrx_word' id='word_1_344' title='bbox 74 2992 131 3043; x_wconf 77' lang='lat' dir='ltr'>est,</span> <span class='ocrx_word' id='word_1_345' title='bbox 145 2993 230 3032; x_wconf 89' lang='lat' dir='ltr'>totum</span> <span class='ocrx_word' id='word_1_346' title='bbox 241 2999 344 3032; x_wconf 86' lang='lat' dir='ltr'>versum</span> <span class='ocrx_word' id='word_1_347' title='bbox 356 3001 371 3033; x_wconf 94' lang='lat' dir='ltr'>a</span> <span class='ocrx_word' id='word_1_348' title='bbox 382 2982 453 3034; x_wconf 88' lang='lat' dir='ltr'>mala</span> <span class='ocrx_word' id='word_1_349' title='bbox 463 2999 543 3034; x_wconf 89' lang='lat' dir='ltr'>manu</span> <span class='ocrx_word' id='word_1_350' title='bbox 555 2977 610 3032; x_wconf 83' lang='lat' dir='ltr'>esse</span> <span class='ocrx_word' id='word_1_351' title='bbox 622 2981 733 3031; x_wconf 84' lang='lat' dir='ltr'>illatum.</span> <span class='ocrx_word' id='word_1_352' title='bbox 1161 3049 1163 3054; x_wconf 65' lang='lat'>,</span> 
     </span>
    </p>

    <p class='ocr_par' dir='ltr' id='par_1_6' title="bbox 74 3057 1114 4088">
     <span class='ocr_line' id='line_1_35' title="bbox 113 3057 1104 3126; baseline -0.004 -16"><span class='ocrx_word' id='word_1_353' title='bbox 113 3058 166 3117; x_wconf 87' lang='lat' dir='ltr'>Sed</span> <span class='ocrx_word' id='word_1_354' title='bbox 186 3061 239 3111; x_wconf 90' lang='lat' dir='ltr'>alia</span> <span class='ocrx_word' id='word_1_355' title='bbox 255 3061 395 3113; x_wconf 85' lang='lat' dir='ltr'>difficultas</span> <span class='ocrx_word' id='word_1_356' title='bbox 408 3065 523 3113; x_wconf 84' lang='lat' dir='ltr'>occurrit</span> <span class='ocrx_word' id='word_1_357' title='bbox 541 3065 568 3112; x_wconf 92' lang='lat' dir='ltr'>in</span> <span class='ocrx_word' id='word_1_358' title='bbox 580 3062 699 3111; x_wconf 90' lang='lat' dir='ltr'>locorum</span> <span class='ocrx_word' id='word_1_359' title='bbox 715 3079 745 3110; x_wconf 89' lang='lat' dir='ltr'>ac</span> <span class='ocrx_word' id='word_1_360' title='bbox 765 3070 903 3110; x_wconf 85' lang='lat' dir='ltr'>ventorum</span> <span class='ocrx_word' id='word_1_361' title='bbox 920 3057 1104 3126; x_wconf 89' lang='lat' dir='ltr'>descriptione.</span> 
     </span>
     <span class='ocr_line' id='line_1_36' title="bbox 74 3135 1107 3211; baseline -0.006 -21"><span class='ocrx_word' id='word_1_362' title='bbox 74 3140 143 3191; x_wconf 83' lang='lat' dir='ltr'>Tres</span> <span class='ocrx_word' id='word_1_363' title='bbox 155 3159 236 3191; x_wconf 84' lang='lat' dir='ltr'>naves</span> <span class='ocrx_word' id='word_1_364' title='bbox 247 3142 330 3193; x_wconf 87' lang='lat' dir='ltr'>Notus</span> <span class='ocrx_word' id='word_1_365' title='bbox 341 3144 369 3192; x_wconf 93' lang='lat' dir='ltr'>in</span> <span class='ocrx_word' id='word_1_366' title='bbox 380 3143 445 3193; x_wconf 83' lang='lat' dir='ltr'>Aras</span> <span class='ocrx_word' id='word_1_367' title='bbox 458 3143 555 3211; x_wconf 80' lang='lat' dir='ltr'>abripit</span> <span class='ocrx_word' id='word_1_368' title='bbox 566 3163 572 3202; x_wconf 85' lang='lat'>;</span> <span class='ocrx_word' id='word_1_369' title='bbox 595 3142 669 3210; x_wconf 85' lang='lat' dir='ltr'>atqui</span> <span class='ocrx_word' id='word_1_370' title='bbox 688 3139 722 3190; x_wconf 88' lang='lat' dir='ltr'>ad</span> <span class='ocrx_word' id='word_1_371' title='bbox 740 3156 783 3189; x_wconf 87' lang='lat' dir='ltr'>eas</span> <span class='ocrx_word' id='word_1_372' title='bbox 795 3136 894 3208; x_wconf 79' lang='lat' dir='ltr'>Aquilo</span> <span class='ocrx_word' id='word_1_373' title='bbox 910 3137 980 3188; x_wconf 79' lang='lat' dir='ltr'>ferre</span> <span class='ocrx_word' id='word_1_374' title='bbox 992 3135 1107 3187; x_wconf 86' lang='lat' dir='ltr'>debebat</span> 
     </span>
     <span class='ocr_line' id='line_1_37' title="bbox 77 3217 1105 3284; baseline -0.004 -16"><span class='ocrx_word' id='word_1_375' title='bbox 77 3238 160 3271; x_wconf 82' lang='lat' dir='ltr'>naves</span> <span class='ocrx_word' id='word_1_376' title='bbox 177 3239 193 3271; x_wconf 90' lang='lat' dir='ltr'>a</span> <span class='ocrx_word' id='word_1_377' title='bbox 213 3219 301 3272; x_wconf 85' lang='lat' dir='ltr'>Sicilia</span> <span class='ocrx_word' id='word_1_378' title='bbox 314 3224 341 3272; x_wconf 91' lang='lat' dir='ltr'>in</span> <span class='ocrx_word' id='word_1_379' title='bbox 359 3223 440 3273; x_wconf 90' lang='lat' dir='ltr'>altum</span> <span class='ocrx_word' id='word_1_380' title='bbox 460 3223 585 3273; x_wconf 68' lang='lat' dir='ltr'>evectas?</span> <span class='ocrx_word' id='word_1_381' title='bbox 602 3222 700 3271; x_wconf 88' lang='lat' dir='ltr'>Verum</span> <span class='ocrx_word' id='word_1_382' title='bbox 723 3231 749 3269; x_wconf 91' lang='lat' dir='ltr'>et</span> <span class='ocrx_word' id='word_1_383' title='bbox 766 3217 810 3268; x_wconf 88' lang='lat' dir='ltr'>hic</span> <span class='ocrx_word' id='word_1_384' title='bbox 821 3219 921 3268; x_wconf 85' lang='lat' dir='ltr'>Notum</span> <span class='ocrx_word' id='word_1_385' title='bbox 943 3228 1038 3267; x_wconf 88' lang='lat' dir='ltr'>temere</span> <span class='ocrx_word' id='word_1_386' title='bbox 1056 3230 1105 3284; x_wconf 84' lang='lat' dir='ltr'>pro</span> 
     </span>
     <span class='ocr_line' id='line_1_38' title="bbox 78 3295 1107 3370; baseline -0.006 -22"><span class='ocrx_word' id='word_1_387' title='bbox 78 3313 241 3367; x_wconf 90' lang='lat' dir='ltr'>quocunque</span> <span class='ocrx_word' id='word_1_388' title='bbox 249 3313 327 3350; x_wconf 89' lang='lat' dir='ltr'>vento</span> <span class='ocrx_word' id='word_1_389' title='bbox 337 3319 435 3370; x_wconf 91' lang='lat' dir='ltr'>ponere</span> <span class='ocrx_word' id='word_1_390' title='bbox 448 3302 534 3370; x_wconf 88' lang='lat' dir='ltr'>potuit</span> <span class='ocrx_word' id='word_1_391' title='bbox 545 3321 551 3360; x_wconf 93' lang='lat'>;</span> <span class='ocrx_word' id='word_1_392' title='bbox 564 3311 593 3349; x_wconf 91' lang='lat' dir='ltr'>ut</span> <span class='ocrx_word' id='word_1_393' title='bbox 604 3301 661 3351; x_wconf 81' lang='lat' dir='ltr'>AEn.</span> <span class='ocrx_word' id='word_1_394' title='bbox 674 3300 716 3362; x_wconf 85' lang='lat' dir='ltr'>V,</span> <span class='ocrx_word' id='word_1_395' title='bbox 733 3315 747 3347; x_wconf 79' lang='lat' dir='ltr'>a</span> <span class='ocrx_word' id='word_1_396' title='bbox 765 3297 858 3348; x_wconf 86' lang='lat' dir='ltr'>AEneas</span> <span class='ocrx_word' id='word_1_397' title='bbox 872 3313 902 3346; x_wconf 84' lang='lat' dir='ltr'>ex</span> <span class='ocrx_word' id='word_1_398' title='bbox 913 3295 1004 3345; x_wconf 85' lang='lat' dir='ltr'>Africa</span> <span class='ocrx_word' id='word_1_399' title='bbox 1017 3309 1107 3344; x_wconf 87' lang='lat' dir='ltr'>versus</span> 
     </span>
     <span class='ocr_line' id='line_1_39' title="bbox 76 3375 1108 3456; baseline -0.005 -29"><span class='ocrx_word' id='word_1_400' title='bbox 76 3377 185 3429; x_wconf 84' lang='lat' dir='ltr'>ltaliam</span> <span class='ocrx_word' id='word_1_401' title='bbox 196 3379 306 3430; x_wconf 88' lang='lat' dir='ltr'>tendens</span> <span class='ocrx_word' id='word_1_402' title='bbox 310 3380 412 3456; x_wconf 89' lang='lat' dir='ltr'>fluctus</span> <span class='ocrx_word' id='word_1_403' title='bbox 422 3378 555 3450; x_wconf 82' lang='lat' dir='ltr'>Aquilone</span> <span class='ocrx_word' id='word_1_404' title='bbox 566 3380 674 3430; x_wconf 86' lang='lat' dir='ltr'>secabat.</span> <span class='ocrx_word' id='word_1_405' title='bbox 687 3379 775 3426; x_wconf 91' lang='lat' dir='ltr'>Potuit</span> <span class='ocrx_word' id='word_1_406' title='bbox 787 3378 865 3429; x_wconf 89' lang='lat' dir='ltr'>etiam</span> <span class='ocrx_word' id='word_1_407' title='bbox 875 3375 964 3426; x_wconf 85' lang='lat' dir='ltr'>classis</span> <span class='ocrx_word' id='word_1_408' title='bbox 979 3375 1034 3441; x_wconf 83' lang='lat' dir='ltr'>jam</span> <span class='ocrx_word' id='word_1_409' title='bbox 1053 3385 1108 3423; x_wconf 88' lang='lat' dir='ltr'>tum</span> 
     </span>
     <span class='ocr_line' id='line_1_40' title="bbox 79 3451 1108 3526; baseline -0.006 -20"><span class='ocrx_word' id='word_1_410' title='bbox 79 3455 116 3506; x_wconf 86' lang='lat' dir='ltr'>ad</span> <span class='ocrx_word' id='word_1_411' title='bbox 128 3455 306 3510; x_wconf 87' lang='lat' dir='ltr'>occidentales</span> <span class='ocrx_word' id='word_1_412' title='bbox 317 3459 359 3510; x_wconf 85' lang='lat' dir='ltr'>vel</span> <span class='ocrx_word' id='word_1_413' title='bbox 377 3459 503 3510; x_wconf 85' lang='lat' dir='ltr'>australes</span> <span class='ocrx_word' id='word_1_414' title='bbox 515 3458 628 3512; x_wconf 75' lang='lat' dir='ltr'>Aratum</span> <span class='ocrx_word' id='word_1_415' title='bbox 642 3469 735 3526; x_wconf 73' lang='lat' dir='ltr'>partes</span> <span class='ocrx_word' id='word_1_416' title='bbox 746 3454 834 3506; x_wconf 87' lang='lat' dir='ltr'>delata</span> <span class='ocrx_word' id='word_1_417' title='bbox 846 3469 920 3516; x_wconf 81' lang='lat' dir='ltr'>esse,</span> <span class='ocrx_word' id='word_1_418' title='bbox 938 3452 1007 3502; x_wconf 91' lang='lat' dir='ltr'>unde</span> <span class='ocrx_word' id='word_1_419' title='bbox 1023 3451 1108 3500; x_wconf 83' lang='lat' dir='ltr'>Notus</span> 
     </span>
     <span class='ocr_line' id='line_1_41' title="bbox 78 3527 1110 3607; baseline -0.005 -23"><span class='ocrx_word' id='word_1_420' title='bbox 78 3537 108 3584; x_wconf 89' lang='lat' dir='ltr'>in</span> <span class='ocrx_word' id='word_1_421' title='bbox 122 3535 191 3586; x_wconf 83' lang='lat' dir='ltr'>Aras</span> <span class='ocrx_word' id='word_1_422' title='bbox 203 3536 369 3606; x_wconf 87' lang='lat' dir='ltr'>propelleret.</span> <span class='ocrx_word' id='word_1_423' title='bbox 383 3537 474 3588; x_wconf 81' lang='lat' dir='ltr'>Paullo</span> <span class='ocrx_word' id='word_1_424' title='bbox 487 3549 548 3607; x_wconf 89' lang='lat' dir='ltr'>post</span> <span class='ocrx_word' id='word_1_425' title='bbox 559 3554 583 3586; x_wconf 90' lang='lat' dir='ltr'>v.</span> <span class='ocrx_word' id='word_1_426' title='bbox 601 3534 648 3586; x_wconf 80' lang='lat' dir='ltr'>iro</span> <span class='ocrx_word' id='word_1_427' title='bbox 660 3535 746 3585; x_wconf 86' lang='lat' dir='ltr'>Eurus</span> <span class='ocrx_word' id='word_1_428' title='bbox 756 3545 803 3584; x_wconf 86' lang='lat' dir='ltr'>tres</span> <span class='ocrx_word' id='word_1_429' title='bbox 813 3530 878 3584; x_wconf 79' lang='lat' dir='ltr'>alius</span> <span class='ocrx_word' id='word_1_430' title='bbox 892 3527 967 3581; x_wconf 80' lang='lat' dir='ltr'>naves</span> <span class='ocrx_word' id='word_1_431' title='bbox 983 3530 1011 3580; x_wconf 86' lang='lat' dir='ltr'>in</span> <span class='ocrx_word' id='word_1_432' title='bbox 1024 3529 1110 3580; x_wconf 83' lang='lat' dir='ltr'>breuia</span> 
     </span>
     <span class='ocr_line' id='line_1_42' title="bbox 78 3607 1109 3686; baseline -0.007 -22"><span class='ocrx_word' id='word_1_433' title='bbox 78 3625 108 3664; x_wconf 86' lang='lat' dir='ltr'>et</span> <span class='ocrx_word' id='word_1_434' title='bbox 124 3624 204 3683; x_wconf 85' lang='lat' dir='ltr'>syrtes</span> <span class='ocrx_word' id='word_1_435' title='bbox 224 3616 286 3686; x_wconf 87' lang='lat' dir='ltr'>agit.</span> <span class='ocrx_word' id='word_1_436' title='bbox 309 3617 368 3668; x_wconf 85' lang='lat' dir='ltr'>Jam</span> <span class='ocrx_word' id='word_1_437' title='bbox 385 3616 464 3686; x_wconf 85' lang='lat' dir='ltr'>vulgo</span> <span class='ocrx_word' id='word_1_438' title='bbox 488 3633 592 3678; x_wconf 78' lang='lat' dir='ltr'>omnes,</span> <span class='ocrx_word' id='word_1_439' title='bbox 614 3625 744 3684; x_wconf 89' lang='lat' dir='ltr'>quotquot</span> <span class='ocrx_word' id='word_1_440' title='bbox 762 3610 832 3678; x_wconf 82' lang='lat' dir='ltr'>vidi,</span> <span class='ocrx_word' id='word_1_441' title='bbox 854 3613 1009 3680; x_wconf 86' lang='lat' dir='ltr'>interpretes</span> <span class='ocrx_word' id='word_1_442' title='bbox 1024 3607 1109 3679; x_wconf 76' lang='lat' dir='ltr'>Syrtes</span> 
     </span>
     <span class='ocr_line' id='line_1_43' title="bbox 78 3689 1110 3766; baseline -0.006 -25"><span class='ocrx_word' id='word_1_443' title='bbox 78 3693 190 3764; x_wconf 88' lang='lat' dir='ltr'>proprie</span> <span class='ocrx_word' id='word_1_444' title='bbox 203 3693 330 3746; x_wconf 87' lang='lat' dir='ltr'>itadictas</span> <span class='ocrx_word' id='word_1_445' title='bbox 340 3694 384 3764; x_wconf 87' lang='lat' dir='ltr'>(de</span> <span class='ocrx_word' id='word_1_446' title='bbox 397 3695 492 3766; x_wconf 90' lang='lat' dir='ltr'>quibus</span> <span class='ocrx_word' id='word_1_447' title='bbox 505 3715 528 3746; x_wconf 89' lang='lat' dir='ltr'>v.</span> <span class='ocrx_word' id='word_1_448' title='bbox 542 3694 645 3746; x_wconf 87' lang='lat' dir='ltr'>Sallust.</span> <span class='ocrx_word' id='word_1_449' title='bbox 658 3694 717 3762; x_wconf 88' lang='lat' dir='ltr'>Jug.</span> <span class='ocrx_word' id='word_1_450' title='bbox 731 3692 774 3762; x_wconf 85' lang='lat'>78)</span> <span class='ocrx_word' id='word_1_451' title='bbox 787 3690 944 3762; x_wconf 86' lang='lat' dir='ltr'>intelligunt.</span> <span class='ocrx_word' id='word_1_452' title='bbox 955 3689 1110 3750; x_wconf 81' lang='lat' dir='ltr'>Enimvero,</span> 
     </span>
     <span class='ocr_line' id='line_1_44' title="bbox 80 3767 1111 3841; baseline -0.006 -20"><span class='ocrx_word' id='word_1_453' title='bbox 80 3784 113 3821; x_wconf 89' lang='lat' dir='ltr'>ut</span> <span class='ocrx_word' id='word_1_454' title='bbox 123 3783 244 3836; x_wconf 87' lang='lat' dir='ltr'>taceam,</span> <span class='ocrx_word' id='word_1_455' title='bbox 264 3773 298 3824; x_wconf 82' lang='lat' dir='ltr'>ab</span> <span class='ocrx_word' id='word_1_456' title='bbox 313 3774 470 3826; x_wconf 90' lang='lat' dir='ltr'>occidentali</span> <span class='ocrx_word' id='word_1_457' title='bbox 482 3773 574 3825; x_wconf 81' lang='lat' dir='ltr'>Siciliae</span> <span class='ocrx_word' id='word_1_458' title='bbox 584 3773 660 3824; x_wconf 72' lang='lat' dir='ltr'>litore</span> <span class='ocrx_word' id='word_1_459' title='bbox 673 3781 811 3841; x_wconf 88' lang='lat' dir='ltr'>provectos</span> <span class='ocrx_word' id='word_1_460' title='bbox 821 3769 919 3818; x_wconf 85' lang='lat' dir='ltr'>Eurum</span> <span class='ocrx_word' id='word_1_461' title='bbox 929 3784 983 3816; x_wconf 93' lang='lat' dir='ltr'>non</span> <span class='ocrx_word' id='word_1_462' title='bbox 995 3767 1111 3836; x_wconf 81' lang='lat' dir='ltr'>potuisse</span> 
     </span>
     <span class='ocr_line' id='line_1_45' title="bbox 81 3845 1113 3922; baseline -0.008 -20"><span class='ocrx_word' id='word_1_463' title='bbox 81 3851 118 3902; x_wconf 83' lang='lat' dir='ltr'>ad</span> <span class='ocrx_word' id='word_1_464' title='bbox 129 3849 276 3919; x_wconf 85' lang='lat' dir='ltr'>haspartes</span> <span class='ocrx_word' id='word_1_465' title='bbox 286 3853 421 3922; x_wconf 87' lang='lat' dir='ltr'>abripere;</span> <span class='ocrx_word' id='word_1_466' title='bbox 434 3853 497 3904; x_wconf 92' lang='lat' dir='ltr'>huic</span> <span class='ocrx_word' id='word_1_467' title='bbox 509 3854 579 3904; x_wconf 91' lang='lat' dir='ltr'>enirn</span> <span class='ocrx_word' id='word_1_468' title='bbox 592 3850 750 3902; x_wconf 82' lang='lat' dir='ltr'>dubitationi</span> <span class='ocrx_word' id='word_1_469' title='bbox 762 3848 869 3911; x_wconf 70' lang='lat' dir='ltr'>eodem,</span> <span class='ocrx_word' id='word_1_470' title='bbox 883 3864 935 3916; x_wconf 90' lang='lat' dir='ltr'>quo</span> <span class='ocrx_word' id='word_1_471' title='bbox 948 3845 1038 3914; x_wconf 82' lang='lat' dir='ltr'>paullo</span> <span class='ocrx_word' id='word_1_472' title='bbox 1052 3855 1113 3893; x_wconf 76' lang='lat' dir='ltr'>atne</span> 
     </span>
     <span class='ocr_line' id='line_1_46' title="bbox 82 3921 1113 4002; baseline -0.003 -24"><span class='ocrx_word' id='word_1_473' title='bbox 82 3933 125 3980; x_wconf 87' lang='lat' dir='ltr'>nsi</span> <span class='ocrx_word' id='word_1_474' title='bbox 138 3947 241 3994; x_wconf 76' lang='lat' dir='ltr'>sumus,</span> <span class='ocrx_word' id='word_1_475' title='bbox 261 3931 340 3980; x_wconf 89' lang='lat' dir='ltr'>modo</span> <span class='ocrx_word' id='word_1_476' title='bbox 351 3933 454 3982; x_wconf 90' lang='lat' dir='ltr'>occurri</span> <span class='ocrx_word' id='word_1_477' title='bbox 466 3927 569 4002; x_wconf 62' lang='lat' dir='ltr'>potest}</span> <span class='ocrx_word' id='word_1_478' title='bbox 583 3931 669 3993; x_wconf 83' lang='lat' dir='ltr'>omni,</span> <span class='ocrx_word' id='word_1_479' title='bbox 682 3941 810 3998; x_wconf 87' lang='lat' dir='ltr'>quantum</span> <span class='ocrx_word' id='word_1_480' title='bbox 821 3925 914 3988; x_wconf 56' lang='lat' dir='ltr'>videoa</span> <span class='ocrx_word' id='word_1_481' title='bbox 932 3921 1113 3994; x_wconf 55' lang='lat' dir='ltr'>geographie&amp;</span> 
     </span>
     <span class='ocr_line' id='line_1_47' title="bbox 84 4001 1114 4088; baseline -0.01 -32"><span class='ocrx_word' id='word_1_482' title='bbox 84 4008 184 4060; x_wconf 84' lang='lat' dir='ltr'>rationi</span> <span class='ocrx_word' id='word_1_483' title='bbox 196 4008 249 4061; x_wconf 88' lang='lat' dir='ltr'>boc</span> <span class='ocrx_word' id='word_1_484' title='bbox 261 4024 405 4082; x_wconf 73' lang='lat' dir='ltr'>repugnat,</span> <span class='ocrx_word' id='word_1_485' title='bbox 419 4023 449 4062; x_wconf 91' lang='lat' dir='ltr'>ut</span> <span class='ocrx_word' id='word_1_486' title='bbox 461 4023 514 4064; x_wconf 88' lang='lat' dir='ltr'>tam</span> <span class='ocrx_word' id='word_1_487' title='bbox 529 4011 629 4082; x_wconf 86' lang='lat' dir='ltr'>ingenti</span> <span class='ocrx_word' id='word_1_488' title='bbox 641 4010 752 4060; x_wconf 80' lang='lat' dir='ltr'>marium</span> <span class='ocrx_word' id='word_1_489' title='bbox 769 4008 853 4078; x_wconf 79' lang='lat' dir='ltr'>spatio</span> <span class='ocrx_word' id='word_1_490' title='bbox 870 4003 900 4054; x_wconf 86' lang='lat' dir='ltr'>ad</span> <span class='ocrx_word' id='word_1_491' title='bbox 915 4003 1014 4072; x_wconf 68' lang='lat' dir='ltr'>Syriam</span> <span class='ocrx_word' id='word_1_492' title='bbox 1031 4001 1114 4088; x_wconf 76' lang='lat' dir='ltr'>ininp-</span> 
     </span>
    </p>

    <p class='ocr_par' dir='ltr' id='par_1_7' title="bbox 154 4106 936 4148">
     <span class='ocr_line' id='line_1_48' title="bbox 154 4106 936 4148; baseline 0 -10"><span class='ocrx_word' id='word_1_493' title='bbox 154 4114 179 4148; x_wconf 59' lang='grc' dir='ltr'>ῃ,</span> <span class='ocrx_word' id='word_1_494' title='bbox 908 4106 936 4140; x_wconf 82' lang='grc'>12</span> 
     </span>
    </p>
   </div>
   <div class='ocr_carea' id='block_1_3' title="bbox 0 0 1408 4586">
    <p class='ocr_par' dir='ltr' id='par_1_8' title="bbox 0 0 1408 4586">
     <span class='ocr_line' id='line_1_49' title="bbox 0 0 1408 4586; baseline 0 0"><span class='ocrx_word' id='word_1_495' title='bbox 0 0 1408 4586; x_wconf 95' lang='lat' dir='ltr'> </span> 
     </span>
    </p>
   </div>
  </div>
 </body>
</html>
