2694 4574
251 244 294 311 28
586 237 909 321 nisoutsrrro
934 240 948 302 1

248 363 398 428 consumi
419 386 437 426 a
457 385 510 426 me
529 385 626 450 posse
647 381 769 451 putem.
791 363 900 426 Nolim
915 363 1017 440 enim,
1040 360 1074 425 id
1090 358 1185 450 quod
1203 381 1301 448 saepe·

248 471 416 559 professus
427 479 523 549 sum,
539 470 609 532 aliis
626 486 741 534 auctor
757 491 842 547 esse,
861 486 898 531 ut
913 491 1026 531 omnes
1042 485 1156 555 poetas
1170 465 1294 530 eodem

248 573 351 638 modo
365 576 632 662 interpretatione
644 591 803 662 perpetua
816 596 954 661 operose
968 574 1064 637 nimis
1077 571 1294 636 instruendos

250 701 322 743 esse
337 680 400 743 sibi·
414 678 647 767 persuadeant,
661 681 721 743 etsi
734 680 828 744 facile
843 679 1004 766 intelligo,
1019 680 1071 757 iis,
1088 680 1145 767 qui
1159 679 1293 754 Silium,

251 784 402 863 Statium,
419 802 476 848 aut
492 785 657 849 Valerium
672 786 839 863 Flaccum,
861 801 917 848 aut
931 784 1067 861 simileS,
1089 804 1169 848 curn*
1181 784 1295 846 fructu

252 887 372 952 edituri
397 907 488 970 sunt,
519 890 560 954 ad
591 886 773 955 orationem
806 889 1031 954 illustrandam
1064 912 1132 952 non
1163 889 1293 964 minus,

252 1017 351 1082 quam
372 995 414 1059 ad
434 996 610 1061 lectionem
632 995 913 1074 constituendam,
937 975 1200 1060 convertendum
1224 1014 1295 1056 esse

251 1099 414 1194 studium3
435 1124 453 1164 a
475 1125 527 1165 me
549 1101 582 1164 id
604 1101 963 1189 saltemspectabatur,
987 1117 1023 1164 ut
1043 1100 1098 1178 iis,
1122 1099 1180 1186 qui
1205 1097 1295 1160 bona

251 1205 457 1270 institutione
468 1213 614 1294 egerent,
630 1207 779 1294 exemplo
790 1207 901 1295 aliquo
912 1207 1097 1293 proposito,
1112 1201 1295 1290 etquidem

252 1312 286 1373 in
310 1329 481 1398 poctarum
505 1315 670 1401 principe,
696 1312 835 1378 devera
861 1311 1034 1377 enarrandi
1061 1311 1188 1374 ratione
1215 1331 1293 1396 con-

252 1430 367 1494 staret,
383 1416 537 1505 adquam
552 1441 603 1497 se,
628 1419 726 1482 etiam
751 1419 844 1481 nullo
865 1417 928 1480 alio
950 1417 1104 1503 magistro
1113 1413 1293 1490 adhibito,

252 1543 441 1609 comparare
463 1513 607 1612 possent.
627 1528 778 1588 Attamen
801 1523 834 1587 in
855 1523 917 1587 hac
937 1523 1006 1609 ipsa
1026 1521 1148 1608 poetici
1170 1541 1295 1582 sermo·

252 1627 303 1690 nis
318 1630 567 1710 constitutione,
589 1648 696 1718 poetae
715 1632 785 1693 laus
801 1646 834 1692 et
847 1630 965 1707 virtus,
987 1651 1055 1690 non
1069 1643 1136 1689 tam
1154 1626 1187 1688 in
1204 1625 1294 1688 inve·

251 1733 390 1813 niendo,
405 1759 503 1824 quam
515 1738 549 1799 in
562 1737 696 1801 invento
706 1737 846 1807 aliorum
856 1757 932 1799 cum
942 1733 1110 1819 ingeniosa
1120 1731 1295 1817 sagacitate

253 1838 286 1900 in
308 1861 389 1902 suos
415 1863 493 1904 usus
517 1839 747 1906 transferendo
773 1841 928 1904 cernitur.
955 1836 1181 1934 Alexandrinis
1206 1837 1295 1900 enim

253 1945 377 2030 poetiS,
394 1947 609 2026 Callimacho,
629 1947 822 2035 Apollonio,
843 1943 1022 2023 Nicandro,
1040 1945 1152 2021 Arato,
1174 1941 1296 2029 poetici

250 2053 415 2116 sermonis
430 2055 649 2142 exquisitioris
663 2053 792 2117 indoles
804 2068 840 2134 et
855 2067 969 2116 natura
986 2051 1083 2113 unice
1099 2063 1147 2112 est
1161 2061 1296 2133 accepta

252 2157 443 2239 referenda;
467 2159 531 2226 hoc
550 2183 665 2225 eorum
685 2159 806 2224 docent
820 2159 954 2245 scripta,
978 2157 1012 2218 in
1027 2177 1153 2218 summa
1168 2153 1296 2240 simpli-

254 2263 356 2327 citate
370 2265 509 2343 cultum,
532 2267 687 2344 nitorem,
709 2281 741 2328 et
760 2280 913 2328 ornatum
931 2260 1174 2337 admirabilem,
1196 2281 1296 2346 quem

254 2369 343 2431 nulla
356 2370 417 2433 alia
433 2387 509 2434 aetas
523 2387 697 2458 assequuta
713 2386 777 2447 est,
794 2369 978 2432 referentia.
995 2367 1158 2431 Videntur
1172 2365 1295 2430 scilicet

256 2493 364 2560 poetae
379 2475 572 2554 doctissimi,
596 2494 628 2539 et
649 2476 902 2540 Ptolemaeorum
921 2463 1139 2538 contubernio
1162 2473 1295 2560 expoliti

257 2577 543 2658 animadvertisse,
577 2603 644 2643 non
676 2580 851 2643 infeliciter
884 2581 1100 2665 Tragicorum
1131 2595 1296 2642 tumorem

195 2691 208 2761 J
257 2684 434 2747 Homerica
453 2684 659 2772 simplicitate
674 2688 864 2772 temperari,
880 2702 912 2754 et
923 2701 1034 2748 natam
1048 2683 1125 2748 inde
1141 2685 1296 2748 orationis

259 2789 449 2872 gravitatem
474 2792 575 2854 aetatis
598 2813 665 2856 suae
691 2791 851 2877 elegantia
877 2789 1021 2879 quodam
1047 2789 1149 2854 modo
1174 2789 1293 2868 imbui,
1334 2787 1335 2792 ’

257 2891 408 2981 adeoque
424 2894 614 2983 dignitatem
629 2919 704 2960 cum
719 2913 888 2960 venustate
904 2897 1084 2960 consociari
1097 2917 1205 2982 posse.
1224 2889 1295 2957 llos

258 3001 352 3062 Maro
373 3018 523 3066 auctores
543 3001 671 3082 habuit,
694 3025 770 3066 cum
791 3019 882 3066 tanto
901 3001 1024 3091 majore
1039 2999 1157 3089 judicii
1180 2998 1293 3077 laude,

262 3104 352 3193 quod
371 3107 510 3188 Ennius,
536 3126 568 3172 et
590 3109 705 3187 ceteri,
731 3109 788 3196 qui
807 3124 1054 3194 praecesserant,
1079 3105 1119 3169 de
1139 3105 1294 3170 orationis

262 3210 420 3298 elegantia
434 3229 466 3276 et
478 3229 595 3277 ornatu
609 3213 812 3299 castigatiore
825 3236 941 3299 parum
955 3212 1192 3276 laboraverant.

304 3320 391 3381 XIV.
405 3321 513 3386 Placet
525 3343 613 3384 nunc
623 3322 657 3383 in
667 3319 732 3383 fine
743 3318 904 3408 subjicere
915 3320 1087 3397 nonnulla,
1100 3336 1133 3382 et
1142 3341 1203 3406 per
1213 3334 1295 3382 satu-

262 3446 329 3486 ram
345 3447 494 3506 monere,
509 3425 628 3516 quibus
640 3419 786 3488 virorum
799 3423 972 3489 doctorum
984 3423 1204 3510 opinionibus,
1217 3444 1295 3514 quas

263 3544 363 3592 totam
384 3535 537 3596 carminis
551 3530 710 3604 indolem,
729 3531 788 3593 vel
805 3529 1024 3596 characterem
1039 3531 1148 3594 tollere
1161 3526 1295 3600 videas,

195 3653 198 3659 ¹
263 3634 374 3717 tacite,
391 3655 447 3701 aut
464 3658 613 3726 expresse
625 3661 643 3700 a
658 3634 754 3699 nobis
767 3651 970 3716 occurratur,
983 3659 1058 3699 narn
1071 3635 1104 3697 in
1117 3632 1296 3698 contentio-

264 3761 341 3803 nem
357 3762 432 3804 cum
449 3765 616 3832 quoquam
634 3739 848 3824 descendere,
859 3764 931 3808 ,nec
952 3740 1074 3828 ingenii
1094 3738 1212 3818 nostri,
1236 3757 1294 3800 nee

264 3867 363 3912 moris
378 3864 436 3916 est.
