2718 4598
402 333 483 411 ¹AD
507 345 779 412 LIBRUM“II.
1057 347 1120 419 315

75 485 208 532 ¹tractasse·
219 470 369 533 ferebatur,
382 486 434 521 seo.
448 471 543 523 AElian.
554 473 586 521 V.
597 472 629 522 H.
643 473 716 538 XIV,
730 490 776 534 οη
790 471 823 522 de
833 471 942 543 reliquis
953 470 1048 542 Tpsixrir
1061 495 1124 528 auc·

75 553 182 604 toribus
196 551 389 621 supradictum
402 562 448 603 est.

112 635 197 707 Fuere
210 645 236 684 et
247 629 393 702 Tragoediae
404 632 490 700 ‘froja
503 630 635 684 excidium
645 631 722 683 titulo
735 634 921 703 praeferentes:
936 634 974 686 uti
984 634 1122 705 Iophontis

76 710 145 762 Ἰλίου
166 711 244 780 ripere
257 710 329 783 apud
340 711 412 761 Suid.
426 711 453 762 h.
472 731 496 764 v.
510 729 541 764 ex
554 725 627 763 certa
638 714 757 764 virorum
771 713 912 765 doctorum
926 715 1122 768 emendatione.

77 791 171 860 Neque
186 790 342 842 Nicomachi
353 788 433 858 prru
446 793 460 842 ri
472 789 588 856 Πολυξένη
603 791 655 842 alio
673 792 805 844 trahenda
824 811 880 846 esse
896 793 1015 859 videtur,
1028 807 1058 844 ut
1074 813 1125 846 nec

76 868 216 922 Phormios
235 871 302 921 Ἰλίου
321 867 489 938 πόρθηοοςςαῑ
501 871 634 923 Timothei
651 869 734 940 ripn·
746 871 759 923 ri
771 875 891 930 Ναύπλιος
911 874 961 946 leg.
982 873 1064 943 πυροοὶ
1082 874 1126 937 vel

76 945 164 1015 πυρσοί.
184 949 323 1021 Sophoclis
343 963 432 1001 autern
450 949 518 1000 Ἰλίου
540 948 625 1004 ἅλυσις
646 969 755 1022 prorsus
775 955 956 1006 commentitia
972 966 1023 1015 est;
1041 971 1127 1024 prava

77 1041 134 1078 erat
145 1029 290 1080 verborum
302 1030 487 1099 interpretatio
499 1028 571 1099 apud
583 1028 669 1080 Strab.
682 1031 757 1096 XIII,
769 1051 796 1102 p.
808 1033 860 1085 608
870 1035 986 1097 Σοφοκλῆς
993 1032 1049 1097 γοῦν
1061 1033 1084 1085 ir
1095 1027 1128 1100 οῇ

77 1101 162 1158 &niort
173 1111 216 1158 rei
225 1107 293 1158 Ἰλίου
305 1105 440 1177 eopiosior
454 1107 506 1174 quoi
521 1105 564 1176 erpi
575 1110 615 1164 cfr
628 1106 703 1178 θύρας
714 1110 757 1160 τοῦ
766 1108 891 1180 'arrlrope
905 1113 1047 1180 προοοθοῖνοιο
1067 1108 1127 1176 σύμ·
1177 1163 1180 1172 ,

74 1188 143 1255 βολον
155 1187 199 1239 οοῢ
204 1185 342 1258 ’ἀπόρθητον
355 1189 456 1242 ἰαθῆναι
471 1183 510 1242 eir
524 1188 603 1240 οἰκίον.
619 1191 689 1241 Nam
700 1203 830 1244 memorat
844 1191 889 1243 ille
901 1212 971 1256 rem,
987 1211 1044 1262 quae
1057 1194 1127 1244 inter

77 1272 300 1342 expugnationem
310 1271 352 1321 Ilii
361 1273 479 1322 evenisse
489 1283 622 1322 narratur.
631 1270 745 1322 Meliora
750 1274 806 1341 jam
814 1272 895 1324 allata
903 1286 965 1324 sunt
972 1275 1000 1324 in
1006 1273 1126 1324 Excursu

78 1346 111 1398 de
124 1348 259 1402 Antenore
272 1367 330 1420 sup.
345 1351 407 1402 Exc.
421 1350 543 1402 V11.*ad
556 1351 602 1402 lib.
616 1352 636 1401 I.
647 1369 702 1404 non
710 1352 847 1423 jungenda
862 1371 918 1404 esse
930 1353 1046 1418 Σοφοκλὲς
1058 1351 1083 1405 r'r
1096 1346 1127 1420 ‘fl

78 1423 163 1476 ἑλοίοοο
174 1429 218 1478 τοῦ
227 1426 296 1478 ’Istic
303 1467 311 1490 ,
325 1428 372 1484 sed
383 1430 501 1494 Σοφοκλῆς
513 1447 581 1494 φησι,
594 1442 651 1480 tum
661 1449 721 1481 cum
731 1431 808 1482 Ilium
818 1445 971 1504 caperetur,
984 1431 1127 1482 Antenoris

76 1507 181 1558 foribus
194 1508 291 1579 pellem
313 1508 420 1562 affixam
437 1511 529 1562 fuisse.
547 1511 598 1561 Res
611 1511 670 1580 ipsa
686 1512 765 1562 etiarn
783 1511 855 1582 apud
867 1513 979 1563 Pausan.
993 1511 1031 1578 X,
1049 1529 1080 1580 ²7
1098 1512 1126 1561 iu

77 1584 216 1657 Polygnoti
229 1589 321 1640 tabula
335 1591 464 1651 occurrit;
477 1591 605 1660 Exposita
618 1608 649 1640 ea
659 1606 716 1641 esse
731 1593 819 1661 potuit
831 1593 858 1640 in
870 1590 963 1642 fabula
975 1589 1127 1661 Sophoclea

77 1661 243 1733 ’Amrrrpliaeu
256 1670 355 1738 passim
368 1686 382 1718 a
395 1667 530 1720 veteribus
543 1668 667 1732 laudata,
681 1687 739 1739 quae
750 1669 784 1721 ad
796 1689 855 1730 eam
863 1671 1043 1721 narrationem
1051 1671 1128 1719 insti-

76 1753 135 1794 tuta
146 1745 230 1797 fuisse
247 1745 366 1814 videtur,
380 1765 460 1817 quam
479 1748 571 1820 Dictys
584 1749 707 1819 exposuit
723 1748 769 1800 lib.
787 1749 811 1800 V
832 1761 911 1813 extr,
925 1767 985 1798 cum
997 1748 1127 1800 Antenori

78 1839 190 1892 regnum
210 1826 407 1895 Trojanumex
424 1839 505 1897 pacto
533 1845 593 1878 cum
610 1828 708 1879 Graecis
726 1828 848 1880 relictum
870 1827 904 1878 ab
926 1827 1010 1879 AEnea
1026 1828 1129 1878 frustra

77 1913 204 1956 tentatur.

112 1982 165 2034 Sed
174 1986 231 2053 jam
244 1984 345 2036 dudum
357 2004 467 2056 possum
485 1988 571 2040 rideri
584 1990 606 2040 si
620 2007 674 2040 non
696 1990 783 2054 inani,
798 1989 884 2042 aliena
899 2002 988 2042 tamen
1002 2007 1017 2040 a
1029 2000 1127 2058 poeta,

77 2059 162 2134 opera
174 2065 316 2118 defunctus
330 2085 404 2134 esse,
418 2067 549 2138 siquidem
561 2069 771 2120 luculentissimo
781 2069 913 2121 Macrobii
922 2069 975 2120 Sat.
985 2070 1027 2132 V,
1039 2086 1052 2119 ο
1065 2067 1127 2118 loco

77 2144 141 2192 satis
150 2145 208 2212 jam
222 2147 371 2216 expositum
384 2159 441 2211 est,
455 2165 535 2218 quem
554 2147 680 2218 Virgilius
697 2150 724 2198 in
736 2147 788 2198 hoc
807 2147 876 2198 libro
889 2147 940 2198 sibi
958 2148 1127 2218 propositum

76 2220 217 2276 habuerit:
234 2227 297 2278 «vel
310 2226 384 2297 quod
398 2229 563 2286 eversionem
573 2229 659 2297 Trojae
676 2246 737 2278 cum
748 2225 846 2278 Sinone
856 2245 905 2278 suo
917 2239 943 2279 et
956 2245 1025 2297 equo
1037 2226 1126 2298 ligneo

80 2307 251 2375 caeterisque
263 2307 403 2372 omnibus,
417 2325 475 2377 quae
488 2305 585 2358 librum
598 2306 746 2359 secundum
754 2308 870 2370 faciunt,
884 2325 900 2358 a
912 2306 1039 2358 Pisandro
1052 2323 1127 2375 paene

80 2385 134 2436 «ad
153 2387 266 2438 verbnm
284 2389 512 2458 transscripserit?
531 2390 577 2458 qui
594 2389 663 2439 inter
681 2387 786 2439 Graecos
799 2399 893 2458 poetas
914 2387 1011 2439 eminet
1028 2404 1126 2457 opere,

79 2489 92 2518 n
102 2468 190 2537 qnod,
204 2487 219 2520 a
231 2470 331 2539 nuptiis
348 2471 421 2520 Iovis
435 2482 461 2521 et
472 2471 585 2521 lunonis
602 2470 749 2540 incipiens,
762 2471 899 2520 universas
915 2467 1126 2537 historias„quae

80 2577 90 2598 ο
100 2549 195 2603 mediis
209 2548 332 2599 omuibus
342 2549 445 2600 soeculis
457 2565 542 2619 usque
552 2547 587 2600 ad
600 2561 703 2600 atatem
713 2550 796 2620 ipsius
809 2549 931 2600 Pisandri
943 2549 1127 2618 contigerunt,

80 2635 126 2683 ain
142 2646 225 2681 unam
238 2631 332 2680 seriem
344 2643 451 2682 coactas
462 2629 594 2701 redegerit
604 2641 631 2681 et
643 2647 726 2679 unum
742 2647 774 2680 ex
786 2628 896 2680 diversis
912 2622 1050 2694 hiatibus(
1061 2624 1088 2675 h.
1103 2645 1126 2676 e.

79 2708 260 2769 aintervallis3
273 2708 329 2759 noli
341 2722 458 2774 tentare,
471 2709 615 2781 tractibus)
627 2721 778 2778 temporum
787 2725 884 2778 corpus
892 2708 1021 2759 effecerit.
1033 2707 1062 2755 In
1073 2722 1127 2774 quo

81 2809 183 2862 “opere
204 2791 272 2840 inter
283 2788 408 2841 historias
426 2795 527 2841 ceteras
540 2790 662 2840 interitus
676 2805 782 2858 quoque
794 2787 879 2856 Trojae
894 2789 921 2837 in
933 2785 1005 2836 hunc
1017 2783 1128 2834 modurn

80 2873 201 2924 «relatus
212 2881 260 2921 est.
273 2870 338 2936 Quae
351 2869 465 2923 fideliter
476 2872 553 2921 Maro
567 2867 769 2940 interpretando
776 2867 923 2920 fabricatus
933 2877 973 2916 est
980 2864 1031 2915 sibi
1040 2862 1127 2913 Iliacae
1183 2904 1184 2907 ,

80 2953 174 3004 «urbis
186 2951 299 3002 ruinam.
313 2949 364 3001 Sed
376 2963 402 3000 et
410 2949 467 3000 haec
476 2962 503 3000 et
515 2949 579 3000 talia
590 2947 600 3016 (
611 2966 706 3018 nempe
715 2947 823 2998 omnino
834 2945 908 3016 quod
917 2941 1043 3015 Virgilius
1053 2940 1127 2991 Grae-

81 3050 147 3084 ucos
159 3042 253 3102 poetas
266 3031 383 3081 imitatus
396 3031 445 3102 sit)
457 3040 486 3078 ut
498 3028 587 3099 pueris
602 3027 745 3079 decantata
756 3037 915 3097 praetereo.»
930 3021 1059 3072 Praeelara
1068 3037 1127 3070 nar·

77 3115 162 3179 ratio,
175 3123 202 3163 et
213 3112 241 3161 in
254 3129 308 3180 qua
318 3109 414 3161 vellem
427 3111 596 3179 acquiescere
615 3126 702 3178 posse.
725 3106 777 3159 Sed
796 3094 968 3175 dispiciamus
981 3119 1038 3152 eam
1052 3107 1128 3150 accu-

77 3194 177 3256 ratius,
194 3202 221 3242 et
234 3192 351 3261 primum
366 3188 474 3259 quidem
488 3186 640 3252 videamuS,
658 3189 780 3257 quisnam
793 3185 837 3237 ille
851 3183 996 3246 pisander,
1009 3192 1035 3232 et
1048 3179 1126 3250 quale

76 3275 130 3326 hoc
141 3275 198 3341 ejus
210 3289 278 3342 opus
290 3272 380 3322 fuerit.
701 3330 708 3347 Ι

112 3355 218 3404 Nomen
230 3351 299 3403 illud
311 3349 422 3422 perduc
436 3353 547 3402 maxime
558 3349 683 3401 Inclaruit
691 3362 793 3419 poetas.
807 3348 882 3399 Alter
897 3347 950 3397 fuit
963 3344 1061 3407 serior,
1080 3343 1125 3394 coir

73 3435 191 3501 ‘Hpuisoir
203 3432 339 3498 θοογαμιοῖν
352 3443 459 3493 auctor,
479 3430 512 3481 dc
533 3446 587 3501 quo
603 3442 698 3501 postea
713 3427 813 3488 dicam;
832 3426 898 3478 alter
910 3425 1035 3494 antiquus
1047 3427 1128 3494 pocta

77 3509 220 3574 Pisander,
234 3513 280 3581 qui
292 3513 363 3562 circa
375 3508 484 3559 XXXIII
493 3509 598 3581 Olymp.
611 3511 688 3572 vixit,
700 3524 860 3577 quamquam
873 3505 917 3555 alii
927 3501 1044 3555 Hesiodo
1055 3503 1127 3552 anti-

79 3585 203 3658 quiorem
216 3602 241 3640 et
257 3589 391 3660 Eumolpo
412 3588 541 3659 aequalem
553 3588 736 3651 tradiderunt,
755 3586 861 3637 Camiro
880 3583 968 3635 Ilhodi
985 3581 1127 3647 oriundus,

76 3665 215 3718 Heracleoe
231 3667 296 3718 libb.
310 3669 333 3717 II
351 3679 459 3732 auctor,
476 3665 502 3717 h.
524 3686 547 3718 e.
561 3671 687 3719 carminis
701 3666 734 3718 de
749 3667 828 3717 rebus
843 3664 877 3716 ab
897 3662 1010 3715 Hercule
1029 3662 1127 3733 gestis,

77 3749 156 3816 cujus
175 3763 230 3795 non
250 3747 405 3818 infrequens
422 3749 491 3799 intcr
510 3745 704 3798 Grammaticos
723 3747 831 3797 mentio.
849 3745 952 3794 Diserte
972 3739 1005 3792 de
1021 3757 1053 3791 eo
1073 3738 1128 3808 agit

77 3827 184 3879 Suidas.
197 3827 233 3878 cf.
247 3827 353 3879 Kuster.
365 3828 400 3880 ad
412 3849 435 3880 e.
447 3827 464 3879 l.
478 3827 577 3880 Meurs.
590 3829 617 3878 in
629 3827 724 3880 Rhodo
737 3828 774 3894 II,
788 3842 826 3876 ιι.
840 3823 939 3876 Staver.
952 3835 977 3874 et
988 3818 1125 3872 Munolrer.
1165 3875 1169 3884 ,
1234 3817 1237 3824 “

79 3907 115 3958 ad
127 3909 224 3979 Hygia.
246 3909 352 3960 Astron.
375 3911 415 3976 24.
439 3912 582 3960 Burmann.
603 3908 659 3960 Sec.
679 3909 713 3960 ad
730 3907 818 3959 Voles.
832 3903 942 3957 Emend.
956 3903 1004 3966 IV,
1022 3900 1067 3966 14,
1081 3898 1127 3966 qui

79 3987 202 4040 Pisandri
215 4005 312 4041 nomeu
332 3993 459 4062 praeclare
480 3989 606 4042 adversus
626 3990 798 4042 substitutum
818 3983 968 4058 Terpaudri
984 3992 1086 4044 tuetur,
1101 3988 1129 4028 ct
