2718 4598
343 294 581 361 nunrnos
604 295 758 360 mana
781 299 854 362 111.
1059 304 1121 391 357
1222 257 1229 346 ζ

80 423 147 488 Rex
158 420 276 498 Anius,
289 441 347 482 rex
358 417 448 483 idem
459 418 633 484 hominum
645 417 829 508 Phoebique
841 420 1007 502 sacerdos,
1092 440 1123 483 so

78 528 174 592 Victis
188 543 220 592 et
232 547 322 591 sacra
334 523 506 590 redimitus
518 511 669 613 tempora
680 525 789 606 lauro,

79 633 246 722 Occurri13
258 647 405 696 veterem
418 631 585 718 Anchisen
595 630 767 720 adgnoscit
777 633 930 698 amicum.
958 703 962 708 ,

77 740 250 827 iungimus
262 736 407 826 hospitio
420 735 565 817 dextras,
579 753 613 802 et
625 753 711 803 tecta
722 736 882 802 subimus,
971 779 973 784 ·

77 847 217 936 Templa
230 843 283 910 dei
295 868 372 910 saxo
383 845 564 910 venerabar
576 861 702 911 structa
713 862 855 921 vetusto.

78 958 127 1020 Da
138 955 321 1044 propriam,
336 953 550 1043 Thymbraee,
564 953 720 1019 domurn!
735 935 777 1018 da
788 955 909 1020 moenia
922 955 1029 1034 fessis,
1096 971 1125 1020 85

117 1139 155 1186 tr.
169 1139 235 1186 lauru
246 1141 317 1187 Caria.
327 1140 370 1187 lib.
380 1142 405 1198 1,
424 1157 467 1202 ¹⁰9
481 1141 551 1204 legit,
568 1153 664 1188 notante
676 1142 756 1189 Heius.
769 1168 801 1178 -—
811 1141 848 1188 82.
865 1142 980 1190 Aberrant
991 1144 1042 1192 lere
1054 1146 1124 1194 codd.

79 1212 157 1258 lleins.
170 1223 194 1256 et
203 1213 329 1257 Burmanni
347 1213 373 1257 in
390 1210 512 1258 Anchisem
519 1231 527 1267 ‚·
541 1224 567 1258 ut
578 1229 635 1259 vero
647 1225 722 1259 metro
734 1213 869 1270 consulant,
883 1216 1025 1261 concinnant
1034 1217 1126 1279 reliqua

77 1286 155 1330 varie:
172 1291 313 1346 vetemmqne
326 1283 356 1328 A.
371 1283 409 1329 vel
424 1293 520 1330 veterem
535 1283 702 1349 Anchisenque
718 1283 756 1332 vel
773 1301 795 1329 v.
813 1285 844 1330 A.
862 1289 970 1350 cognovit.
989 1288 1063 1333 Etiam
1081 1304 1125 1351 pro

75 1355 174 1417 npnoses'l
182 1350 290 1414 plerique
300 1368 337 1414 ap.
350 1353 410 1398 Pier.
421 1366 445 1399 et
456 1355 535 1401 Heius.
548 1358 653 1418 eqnovil,
668 1357 738 1400 etiam
747 1356 780 1400 sie
789 1358 904 1402 vetustiss.
916 1356 997 1418 fragm.
1009 1358 1084 1404 Vatic.
1094 1383 1126 1392 -

76 1422 113 1479 84.
126 1435 260 1467 veneramur
270 1420 360 1484 aliquot
370 1438 407 1484 ap.
420 1425 481 1469 Pier.
495 1435 518 1470 et
527 1425 606 1470 Heius.
618 1427 641 1470 ei
650 1439 711 1470 unus
720 1425 799 1469 Burm.
811 1441 838 1470 ex
848 1425 1001 1471 antecedente
1009 1429 1125 1484 oratione,

77 1503 117 1540 aut
129 1491 189 1537 t'orte
202 1489 231 1535 ab
243 1489 335 1553 aliquo,
352 1507 423 1553 quem
435 1491 572 1540 offendebat
581 1505 633 1555 post
645 1511 667 1541 v.
680 1510 710 1556 79
718 1506 864 1548 veneramur,
879 1493 944 1555 quod
955 1497 1072 1556 sequitur,
1084 1512 1126 1542 ve-

76 1559 182 1606 rreralar.
196 1560 283 1607 Eadem
295 1561 324 1608 de
337 1577 417 1608 caussa
429 1574 453 1608 et
465 1564 519 1625 quia
530 1566 605 1608 oratio
619 1563 700 1625 paullo
716 1562 835 1609 molestius
844 1562 959 1618 decurrit,
975 1564 1024 1609 lac.
1041 1566 1127 1628 Bryant

77 1644 145 1678 acute
164 1632 335 1694 suspicabatur,
355 1648 436 1680 versus
453 1631 553 1690 80-84
573 1649 621 1680 esse
636 1635 752 1680 insititios.
769 1632 855 1679 Saltem
870 1632 916 1678 hoc
932 1634 1126 1681 concedendum:

77 1715 156 1748 sersus
168 1717 180 1746 a
192 1713 261 1763 poeta
271 1701 378 1746 nondum
387 1705 442 1762 satis
452 1701 539 1764 politos
552 1715 575 1749 et
585 1703 685 1766 reliquis
696 1703 818 1766 adaptatos
830 1717 887 1748 esse.
899 1699 1014 1765 Equidem
1024 1707 1127 1766 suspica·

76 1769 118 1816 bar
130 1787 222 1818 versum
236 1788 266 1836 79
275 1785 328 1835 post
336 1774 425 1836 Accipit
434 1774 580 1837 inexpletum
591 1774 713 1830 relictum,
725 1773 785 1820 male
795 1789 844 1819 esse
854 1773 883 1818 ah
894 1772 939 1819 alia
951 1789 1021 1819 manu
1031 1774 1126 1836 supple-

79 1852 136 1887 tum.
150 1866 181 1878 —
193 1841 231 1888 85.
239 1845 339 1905 pomam
347 1843 439 1890 domurn
449 1843 527 1890 Schol.
538 1846 618 1891 Horat.
629 1845 717 1908 Crnqu.
728 1844 769 1890 lib.
781 1844 825 1901 111,
838 1843 883 1888 Od.
899 1843 941 1900 13,
952 1843 1017 1906 quod
1027 1842 1127 1890 illustrat

112 2009 156 2060 82.
176 2008 214 2060 Ex
226 2011 338 2080 antiqua
352 2011 446 2064 fabula
458 2024 579 2083 repeten·
626 1991 771 2085 drgutatur
785 2023 873 2062 tamen
888 2009 917 2060 in
935 2006 987 2059 hoo
1004 2008 1125 2062 Macroh.

77 2087 160 2154 dum,
172 2092 247 2159 cujus
263 2093 375 2163 vestigia
386 2094 501 2144 servavit
519 2093 579 2146 Ser-
627 2096 662 2145 111
674 2092 727 2144 Sat.
741 2092 771 2157 6,
790 2103 817 2143 et
829 2099 927 2140 vetusta
945 2106 1007 2140 saxa
1023 2107 1083 2140 cum
1099 2092 1127 2142 ri

77 2171 153 2220 vius:
179 2171 223 2222 Ad
243 2170 345 2224 Anium
369 2172 494 2226 Anchises
518 2184 580 2224 ante
628 2183 775 2224 memorata
785 2187 842 2222 esse
851 2169 922 2232 vult,
936 2170 999 2237 quia
1012 2187 1061 2220 nec
1073 2182 1126 2220 ter-

79 2249 205 2300 Troicum
225 2249 324 2306 bellum
341 2251 489 2305 consultum
505 2271 580 2303 vene·
629 2271 663 2302 ra
675 2265 749 2302 motu
760 2251 815 2302 ‘nec
834 2247 959 2301 incendio
973 2265 1036 2299 saxa
1050 2250 1126 2301 fuere

76 2340 136 2394 rat,
160 2349 196 2383 an
215 2330 354 2384 Salamina
375 2342 475 2403 peteret
498 2350 580 2384 eomes
629 2343 744 2395 mutata,
762 2330 810 2383 sed
830 2346 933 2398 semper
949 2325 1063 2378 insulam
1081 2345 1127 2380 eo-

76 2410 204 2471 Priamo;
229 2411 299 2462 unde
321 2422 347 2463 et
369 2412 522 2484 aqnosdtnr
540 2430 577 2463 sc.
627 2411 688 2462 dem
700 2412 827 2463 mansisse
840 2425 912 2459 saxo.
923 2405 983 2457 Alio
993 2406 1073 2458 modo
1082 2425 1127 2458 ar-

75 2505 151 2539 nunc
177 2487 210 2540 ab
230 2491 308 2540 Anio.
333 2489 434 2543 Eadem
457 2493 579 2562 sequitur
627 2502 735 2561 gutatur
758 2487 911 2541 Macrobius
935 2487 963 2536 in
986 2503 1032 2549 eo,
1054 2484 1127 2556 quod

76 2565 158 2618 ovid.
177 2567 241 2620 Met.
254 2571 328 2636 xm,
341 2570 390 2638 641
415 2589 455 2641 sq.
472 2573 502 2622 ln
521 2589 580 2622 car·
628 2571 723 2622 AEneas
741 2568 932 2640 praces'facit,
950 2584 1005 2617 uon
1019 2558 1128 2619 victima

76 2648 151 2698 mine
162 2646 259 2718 Cyprio
275 2651 332 2721 ipse
348 2652 444 2702 AEneas
459 2649 579 2702 Paridem
629 2661 707 2702 antea
719 2667 801 2714 caasa:
823 2649 905 2700 fuisse
924 2646 1025 2699 scilicet
1041 2649 1069 2698 in
1087 2649 1127 2698 in·

75 2727 235 2802 comitatus,
252 2746 313 2779 cnm
324 2727 446 2799 Spartam
460 2728 580 2800 proficis·
629 2730 688 2782 sula
699 2730 830 2802 Apollinis
842 2725 968 2799 participer
987 2747 1077 2794 aram,
1099 2732 1127 2780 in

71 2806 490 2879 .ceretur‚Delnmadirepotuit.
629 2827 683 2880 qua
704 2809 807 2861 nullum
831 2811 951 2866 animans
971 2807 1128 2860 sacrificare
1180 2870 1185 2879 .

115 2882 157 2934 83.
181 2885 324 2956 Jnnpimns
344 2885 456 2958 hospitio
478 2888 581 2939 &xnus
628 2891 669 2942 fas
682 2901 747 2942 erat.
760 2886 1128 2940 Dcarahacdubitarehaud

73 2961 194 3014 illustrat
205 2965 309 3028 Burm,
321 2966 369 3016 int.
384 2965 495 3036 hospitii
511 2967 579 3035 pris·
621 2968 705 3032 ,licet3
719 2987 811 3020 verum
823 2969 909 3019 necin
919 2967 1031 3018 escensu
1042 2968 1069 3017 in
1078 2979 1129 3017 ter·

74 3041 580 3113 linijure‚propterhospitinm‚qnod
628 3065 686 3099 ram
709 3049 798 3100 statim
816 3045 850 3098 de
868 3046 980 3096 victima
1010 3044 1129 3096 immola·
1218 3037 1220 3041 ¹

74 3123 131 3189 jam
144 3121 215 3171 inter
227 3118 361 3171 Anchisen
371 3133 398 3172 et
408 3121 506 3172 Anium
519 3122 580 3172 fue·
629 3127 701 3177 tione
714 3127 831 3198 cogitare
842 3139 950 3175 necesse
959 3133 1024 3174 erat.
1035 3121 1129 3173 Adsci-

72 3213 128 3253 rat.
143 3200 178 3250 cf.
191 3198 244 3264 xl,
256 3198 300 3251 65.
628 3206 696 3256 visse
708 3204 840 3257 Macrobii
858 3213 1037 3254 commentum
1055 3201 1129 3254 vide-

72 3315 75 3321 ι
112 3280 242 3350 84-89.
256 3279 448 3331 Notabilicum
460 3279 579 3332 brevita-
628 3295 671 3333 tur
680 3282 784 3334 Servius
795 3301 854 3334 euru
863 3281 921 3334 aliis
933 3279 1125 3332 Grammaticis.

76 3374 120 3426 te,
143 3360 192 3412 sed
215 3378 272 3431 quae
293 3359 413 3430 exemplo
431 3378 487 3410 non
506 3373 579 3414 caret
628 3363 738 3414 nserv.
752 3361 785 3413 ad
802 3381 827 3413 v.
841 3363 882 3413 83.
897 3361 939 3427 84.
954 3361 1011 3423 Da,
1028 3359 1126 3412 indica.

73 3441 163 3511 (vide
178 3459 204 3492 v.
217 3461 240 3494 c.
254 3442 302 3492 inf.
319 3429 346 3512 p'.
364 3439 430 3504 265,
441 3441 488 3492 uhi
500 3443 580 3492 etiarn
629 3453 658 3492 ut
679 3439 765 3501 Serv.;
785 3440 847 3490 data
860 3438 924 3509 fata
947 3455 1006 3508 sup.
1023 3439 1049 3503 1,
1066 3439 1126 3499 382.

76 3522 167 3576 desit:
192 3521 326 3594 inquit),
350 3518 480 3592 significat
499 3534 581 3592 poeta
626 3518 782 3591 propriam,
800 3531 974 3589 perpetuam,
989 3517 1127 3582 stabilem,

76 3603 192 3654 AEneam
204 3619 260 3653 esse
277 3603 427 3673 ingressum
436 3600 580 3671 templum,
629 3598 731 3651 firmam
754 3597 859 3650 Servius
883 3598 1000 3668 exponit.
1021 3599 1054 3650 cf.
1078 3600 1127 3650 inf.

73 3681 209 3734 adorasse
221 3679 301 3732 deum
321 3692 348 3733 et
365 3697 457 3751 preces
476 3681 578 3732 fecisse.
628 3681 678 3744 Vl,
691 3679 741 3749 872
751 3691 777 3730 et
789 3678 824 3730 ad
831 3678 886 3730 Ecl.
895 3679 959 3742 VH,
973 3677 1015 3730 31.
1029 3677 1129 3749 Thym-

76 3763 172 3813 Latius
192 3760 313 3812 evolvere
330 3759 435 3832 Virgilii
446 3759 528 3812 verba
543 3762 581 3811 vi·
630 3760 725 3811 lrroeum
745 3757 772 3809 h.
794 3758 811 3809 l.
837 3758 955 3830 appellat
977 3756 1052 3808 nulla
1075 3756 1128 3808 alia

73 3840 161 3893 detur
170 3839 248 3892 ovid.
261 3841 324 3892 Met.
337 3841 411 3904 XIII,
422 3839 578 3909 633-637.
630 3858 709 3910 quam
718 3841 825 3910 poetica
833 3841 952 3899 ratione;
966 3837 1015 3889 etsi
1025 3837 1126 3905 patrius

82 3915 196 3990 Templa
206 3937 267 3970 saxo
283 3929 379 3970 structa
393 3929 505 3984 vetusto,
521 3921 579 3990 quis
629 3931 686 3972 erat
699 3917 772 3971 deus.
793 3919 925 3989 Thymbra
942 3928 998 3969 erat
1013 3913 1126 3966 Troadis

22 4065 31 4078 ·
79 3999 188 4055 dubitet
210 4017 266 4054 esse
283 3997 580 4076 vetustum-templum!
630 4000 703 4052 vicus
720 4017 781 4052 cunr
797 3997 928 4070 Apollinis
940 3995 1001 4047 luco
1019 4010 1050 4045 nc
1062 4004 1126 4044 tem·
