<?xml version="1.0" encoding="UTF-8"?>
<!DOCTYPE html PUBLIC "-//W3C//DTD XHTML 1.0 Transitional//EN"
    "http://www.w3.org/TR/xhtml1/DTD/xhtml1-transitional.dtd">
<html xmlns="http://www.w3.org/1999/xhtml" xml:lang="en" lang="en">
 <head>
  <title>
</title>
<meta http-equiv="Content-Type" content="text/html;charset=utf-8" />
  <meta name='ocr-system' content='tesseract 3.04.00' />
  <meta name='ocr-capabilities' content='ocr_page ocr_carea ocr_par ocr_line ocrx_word'/>
</head>
<body>
  <div class='ocr_page' id='page_1' title='image "./pvirgiliusmaroq00barbgoog_0222.png"; bbox 0 0 2742 4586; ppageno 0'>
   <div class='ocr_carea' id='block_1_1' title="bbox 248 269 954 352">
    <p class='ocr_par' dir='ltr' id='par_1_1' title="bbox 248 269 954 352">
     <span class='ocr_line' id='line_1_1' title="bbox 248 269 954 352; baseline -0.018 -7"><span class='ocrx_word' id='word_1_1' title='bbox 248 303 309 346; x_wconf 78' lang='lat' dir='ltr'>aro</span> <span class='ocrx_word' id='word_1_2' title='bbox 500 331 507 352; x_wconf 79' lang='grc'>,</span> <span class='ocrx_word' id='word_1_3' title='bbox 576 269 841 336; x_wconf 87' lang='lat' dir='ltr'>EXCURSUS</span> <span class='ocrx_word' id='word_1_4' title='bbox 863 269 954 334; x_wconf 84' lang='lat' dir='ltr'>XXI</span> 
     </span>
    </p>
   </div>
   <div class='ocr_carea' id='block_1_2' title="bbox 235 392 1292 2135">
    <p class='ocr_par' dir='ltr' id='par_1_2' title="bbox 235 392 1292 2135">
     <span class='ocr_line' id='line_1_2' title="bbox 247 392 1291 472; baseline -0.008 -14"><span class='ocrx_word' id='word_1_5' title='bbox 247 403 407 472; x_wconf 85' lang='lat' dir='ltr'><strong>tandemque</strong></span> <span class='ocrx_word' id='word_1_6' title='bbox 429 395 462 449; x_wconf 91' lang='lat' dir='ltr'>ad</span> <span class='ocrx_word' id='word_1_7' title='bbox 480 406 563 446; x_wconf 89' lang='lat' dir='ltr'>totum</span> <span class='ocrx_word' id='word_1_8' title='bbox 582 392 654 444; x_wconf 92' lang='lat' dir='ltr'>hunc</span> <span class='ocrx_word' id='word_1_9' title='bbox 670 393 782 464; x_wconf 81' lang='lat' dir='ltr'>Alpibus</span> <span class='ocrx_word' id='word_1_10' title='bbox 794 405 996 464; x_wconf 79' lang='lat' dir='ltr'>procurrentem</span> <span class='ocrx_word' id='word_1_11' title='bbox 1015 404 1129 446; x_wconf 89' lang='lat' dir='ltr'>tractum</span> <span class='ocrx_word' id='word_1_12' title='bbox 1141 396 1218 451; x_wconf 85' lang='lat' dir='ltr'>fuere</span> <span class='ocrx_word' id='word_1_13' title='bbox 1238 407 1291 452; x_wconf 86' lang='lat' dir='ltr'>tra-</span> 
     </span>
     <span class='ocr_line' id='line_1_3' title="bbox 246 472 1289 544; baseline -0.027 -6"><span class='ocrx_word' id='word_1_14' title='bbox 246 487 336 538; x_wconf 90' lang='lat' dir='ltr'>ducta.</span> <span class='ocrx_word' id='word_1_15' title='bbox 360 475 490 530; x_wconf 81' lang='lat' dir='ltr'>OEnotrr&#39;a</span> <span class='ocrx_word' id='word_1_16' title='bbox 514 475 548 526; x_wconf 87' lang='lat' dir='ltr'>ab</span> <span class='ocrx_word' id='word_1_17' title='bbox 568 475 645 524; x_wconf 90' lang='lat' dir='ltr'>initio</span> <span class='ocrx_word' id='word_1_18' title='bbox 666 474 717 523; x_wconf 85' lang='lat' dir='ltr'>fuit</span> <span class='ocrx_word' id='word_1_19' title='bbox 739 491 801 544; x_wconf 75' lang='lat' dir='ltr'>ager</span> <span class='ocrx_word' id='word_1_20' title='bbox 821 475 890 524; x_wconf 89' lang='lat' dir='ltr'>inter</span> <span class='ocrx_word' id='word_1_21' title='bbox 910 472 1072 524; x_wconf 84' lang='lat' dir='ltr'>Lameticum</span> <span class='ocrx_word' id='word_1_22' title='bbox 1095 491 1116 524; x_wconf 83' lang='lat' dir='ltr'>s,</span> <span class='ocrx_word' id='word_1_23' title='bbox 1141 475 1289 529; x_wconf 84' lang='lat' dir='ltr'>Teriuaeum</span> 
     </span>
     <span class='ocr_line' id='line_1_4' title="bbox 246 550 1289 627; baseline -0.019 -11"><span class='ocrx_word' id='word_1_24' title='bbox 246 567 334 616; x_wconf 86' lang='lat' dir='ltr'>sinum</span> <span class='ocrx_word' id='word_1_25' title='bbox 358 578 388 610; x_wconf 91' lang='lat' dir='ltr'>ac</span> <span class='ocrx_word' id='word_1_26' title='bbox 412 555 579 627; x_wconf 74' lang='lat' dir='ltr'>Scylaeium,</span> <span class='ocrx_word' id='word_1_27' title='bbox 604 553 650 622; x_wconf 92' lang='lat' dir='ltr'>qui</span> <span class='ocrx_word' id='word_1_28' title='bbox 673 551 817 603; x_wconf 88' lang='lat' dir='ltr'>serioribus</span> <span class='ocrx_word' id='word_1_29' title='bbox 845 550 1009 621; x_wconf 86' lang='lat' dir='ltr'>temporibus</span> <span class='ocrx_word' id='word_1_30' title='bbox 1036 552 1201 605; x_wconf 83' lang='lat' dir='ltr'>Bruttiorum</span> <span class='ocrx_word' id='word_1_31' title='bbox 1225 569 1289 608; x_wconf 68' lang='lat' dir='ltr'>erat,</span> 
     </span>
     <span class='ocr_line' id='line_1_5' title="bbox 244 626 1290 713; baseline -0.016 -19"><span class='ocrx_word' id='word_1_32' title='bbox 244 639 413 713; x_wconf 88' lang='lat' dir='ltr'>Appulerunt</span> <span class='ocrx_word' id='word_1_33' title='bbox 426 633 495 684; x_wconf 88' lang='lat' dir='ltr'>enim</span> <span class='ocrx_word' id='word_1_34' title='bbox 507 630 621 682; x_wconf 78' lang='lat' dir='ltr'>Olinotri</span> <span class='ocrx_word' id='word_1_35' title='bbox 632 629 734 700; x_wconf 78' lang='lat' dir='ltr'>Pelasgi</span> <span class='ocrx_word' id='word_1_36' title='bbox 752 630 780 679; x_wconf 89' lang='lat' dir='ltr'>in</span> <span class='ocrx_word' id='word_1_37' title='bbox 791 628 870 680; x_wconf 88' lang='lat' dir='ltr'>litore</span> <span class='ocrx_word' id='word_1_38' title='bbox 890 626 943 680; x_wconf 90' lang='lat' dir='ltr'>hoc</span> <span class='ocrx_word' id='word_1_39' title='bbox 955 628 1036 680; x_wconf 69' lang='lat' dir='ltr'>ltaliae</span> <span class='ocrx_word' id='word_1_40' title='bbox 1055 631 1196 694; x_wconf 87' lang='lat' dir='ltr'>interiore,</span> <span class='ocrx_word' id='word_1_41' title='bbox 1211 645 1290 703; x_wconf 75' lang='lat' dir='ltr'>atque</span> 
     </span>
     <span class='ocr_line' id='line_1_6' title="bbox 244 705 1291 778; baseline -0.015 -7"><span class='ocrx_word' id='word_1_42' title='bbox 244 711 471 771; x_wconf 84' lang='lat' dir='ltr'>Ausonibushinc</span> <span class='ocrx_word' id='word_1_43' title='bbox 489 710 579 778; x_wconf 84' lang='lat' dir='ltr'>ejectis</span> <span class='ocrx_word' id='word_1_44' title='bbox 599 705 771 778; x_wconf 88' lang='lat' dir='ltr'>protulerunt</span> <span class='ocrx_word' id='word_1_45' title='bbox 793 705 858 758; x_wconf 85' lang='lat' dir='ltr'>fines</span> <span class='ocrx_word' id='word_1_46' title='bbox 880 723 941 757; x_wconf 89' lang='lat' dir='ltr'>suos</span> <span class='ocrx_word' id='word_1_47' title='bbox 962 707 1077 777; x_wconf 89' lang='lat' dir='ltr'>primurn</span> <span class='ocrx_word' id='word_1_48' title='bbox 1099 726 1193 760; x_wconf 88' lang='lat' dir='ltr'>versus</span> <span class='ocrx_word' id='word_1_49' title='bbox 1207 711 1291 762; x_wconf 81' lang='lat' dir='ltr'>Laum</span> 
     </span>
     <span class='ocr_line' id='line_1_7' title="bbox 246 786 1289 860; baseline -0.011 -9"><span class='ocrx_word' id='word_1_50' title='bbox 246 800 355 850; x_wconf 85' lang='lat' dir='ltr'>fluvium</span> <span class='ocrx_word' id='word_1_51' title='bbox 366 806 392 846; x_wconf 90' lang='lat' dir='ltr'>et</span> <span class='ocrx_word' id='word_1_52' title='bbox 403 793 588 860; x_wconf 82' lang='lat' dir='ltr'>Metapontum</span> <span class='ocrx_word' id='word_1_53' title='bbox 606 788 716 851; x_wconf 88' lang='lat' dir='ltr'>urbem,</span> <span class='ocrx_word' id='word_1_54' title='bbox 728 804 790 837; x_wconf 83' lang='lat' dir='ltr'>mox</span> <span class='ocrx_word' id='word_1_55' title='bbox 805 786 939 856; x_wconf 88' lang='lat' dir='ltr'>usquead</span> <span class='ocrx_word' id='word_1_56' title='bbox 956 786 1070 838; x_wconf 85' lang='lat' dir='ltr'>Silarum</span> <span class='ocrx_word' id='word_1_57' title='bbox 1082 799 1108 839; x_wconf 90' lang='lat' dir='ltr'>et</span> <span class='ocrx_word' id='word_1_58' title='bbox 1119 789 1289 856; x_wconf 89' lang='lat' dir='ltr'>Bradanum,</span> 
     </span>
     <span class='ocr_line' id='line_1_8' title="bbox 235 863 1290 938; baseline 0.03 -57"><span class='ocrx_word' id='word_1_59' title='bbox 235 866 315 929; x_wconf 62' lang='lat' dir='ltr'>,forte</span> <span class='ocrx_word' id='word_1_60' title='bbox 327 875 408 925; x_wconf 86' lang='lat' dir='ltr'>etiam</span> <span class='ocrx_word' id='word_1_61' title='bbox 424 869 521 928; x_wconf 51' lang='lat' dir='ltr'>latius,</span> <span class='ocrx_word' id='word_1_62' title='bbox 538 868 680 938; x_wconf 71' lang='lat' dir='ltr'>Dionysius</span> <span class='ocrx_word' id='word_1_63' title='bbox 702 864 809 935; x_wconf 91' lang='lat' dir='ltr'>quidem</span> <span class='ocrx_word' id='word_1_64' title='bbox 830 863 879 916; x_wconf 87' lang='lat' dir='ltr'>hos</span> <span class='ocrx_word' id='word_1_65' title='bbox 896 866 968 935; x_wconf 85' lang='lat' dir='ltr'>ipsos</span> <span class='ocrx_word' id='word_1_66' title='bbox 990 864 1113 936; x_wconf 73' lang='lat' dir='ltr'>Pelasgos</span> <span class='ocrx_word' id='word_1_67' title='bbox 1129 867 1165 917; x_wconf 91' lang='lat' dir='ltr'>ad</span> <span class='ocrx_word' id='word_1_68' title='bbox 1185 869 1290 920; x_wconf 82' lang='lat' dir='ltr'>Latium</span> 
     </span>
     <span class='ocr_line' id='line_1_9' title="bbox 244 945 1289 1029; baseline -0.025 -21"><span class='ocrx_word' id='word_1_69' title='bbox 244 970 408 1029; x_wconf 82' lang='lat' dir='ltr'>progressos,</span> <span class='ocrx_word' id='word_1_70' title='bbox 420 949 526 1002; x_wconf 88' lang='lat' dir='ltr'>Umbris</span> <span class='ocrx_word' id='word_1_71' title='bbox 539 947 686 1016; x_wconf 85' lang='lat' dir='ltr'>Siculisque</span> <span class='ocrx_word' id='word_1_72' title='bbox 698 945 822 1016; x_wconf 82' lang='lat' dir='ltr'>expulsis,</span> <span class='ocrx_word' id='word_1_73' title='bbox 834 957 932 996; x_wconf 88' lang='lat' dir='ltr'>etcum</span> <span class='ocrx_word' id='word_1_74' title='bbox 944 945 1133 1017; x_wconf 79' lang='lat' dir='ltr'>Aboriginibus</span> <span class='ocrx_word' id='word_1_75' title='bbox 1143 951 1289 1018; x_wconf 61' lang='lat' dir='ltr'>pemmo,</span> 
     </span>
     <span class='ocr_line' id='line_1_10' title="bbox 245 1025 1292 1095; baseline -0.012 -6"><span class='ocrx_word' id='word_1_76' title='bbox 245 1055 277 1089; x_wconf 88' lang='lat' dir='ltr'>ea</span> <span class='ocrx_word' id='word_1_77' title='bbox 297 1035 357 1086; x_wconf 88' lang='lat' dir='ltr'>loca</span> <span class='ocrx_word' id='word_1_78' title='bbox 368 1029 483 1082; x_wconf 88' lang='lat' dir='ltr'>tenuisse</span> <span class='ocrx_word' id='word_1_79' title='bbox 496 1037 602 1087; x_wconf 84' lang='lat' dir='ltr'>narrat;</span> <span class='ocrx_word' id='word_1_80' title='bbox 617 1025 664 1076; x_wconf 92' lang='lat' dir='ltr'>sed</span> <span class='ocrx_word' id='word_1_81' title='bbox 677 1044 707 1076; x_wconf 86' lang='lat' dir='ltr'>ex</span> <span class='ocrx_word' id='word_1_82' title='bbox 720 1025 873 1095; x_wconf 84' lang='lat' dir='ltr'>opinatione</span> <span class='ocrx_word' id='word_1_83' title='bbox 883 1026 921 1076; x_wconf 87' lang='lat' dir='ltr'>ita</span> <span class='ocrx_word' id='word_1_84' title='bbox 936 1035 1070 1084; x_wconf 85' lang='lat' dir='ltr'>statuens;</span> <span class='ocrx_word' id='word_1_85' title='bbox 1087 1043 1147 1076; x_wconf 88' lang='lat' dir='ltr'>cum</span> <span class='ocrx_word' id='word_1_86' title='bbox 1163 1045 1220 1078; x_wconf 90' lang='lat' dir='ltr'>non</span> <span class='ocrx_word' id='word_1_87' title='bbox 1236 1047 1292 1080; x_wconf 81' lang='lat' dir='ltr'>me·</span> 
     </span>
     <span class='ocr_line' id='line_1_11' title="bbox 244 1104 1290 1178; baseline -0.024 -10"><span class='ocrx_word' id='word_1_88' title='bbox 244 1118 383 1178; x_wconf 88' lang='lat' dir='ltr'>minisset,</span> <span class='ocrx_word' id='word_1_89' title='bbox 414 1109 525 1160; x_wconf 89' lang='lat' dir='ltr'>alteram</span> <span class='ocrx_word' id='word_1_90' title='bbox 550 1106 721 1176; x_wconf 71' lang='lat' dir='ltr'>Pelasgorum</span> <span class='ocrx_word' id='word_1_91' title='bbox 751 1104 949 1157; x_wconf 86' lang='lat' dir='ltr'>multitudinem</span> <span class='ocrx_word' id='word_1_92' title='bbox 969 1107 997 1156; x_wconf 91' lang='lat' dir='ltr'>in</span> <span class='ocrx_word' id='word_1_93' title='bbox 1018 1124 1091 1157; x_wconf 88' lang='lat' dir='ltr'>mare</span> <span class='ocrx_word' id='word_1_94' title='bbox 1121 1106 1290 1158; x_wconf 63' lang='lat' dir='ltr'>Adriaticum</span> 
     </span>
     <span class='ocr_line' id='line_1_12' title="bbox 244 1185 1290 1260; baseline -0.022 -11"><span class='ocrx_word' id='word_1_95' title='bbox 244 1207 363 1249; x_wconf 88' lang='lat' dir='ltr'>evectam</span> <span class='ocrx_word' id='word_1_96' title='bbox 376 1187 483 1243; x_wconf 83' lang='lat' dir='ltr'>aliunde</span> <span class='ocrx_word' id='word_1_97' title='bbox 495 1207 544 1258; x_wconf 86' lang='lat' dir='ltr'>per</span> <span class='ocrx_word' id='word_1_98' title='bbox 556 1187 693 1238; x_wconf 87' lang='lat' dir='ltr'>Umbriam</span> <span class='ocrx_word' id='word_1_99' title='bbox 705 1185 740 1241; x_wconf 87' lang='lat' dir='ltr'>ad</span> <span class='ocrx_word' id='word_1_100' title='bbox 752 1187 803 1238; x_wconf 88' lang='lat' dir='ltr'>ista</span> <span class='ocrx_word' id='word_1_101' title='bbox 819 1185 880 1237; x_wconf 91' lang='lat' dir='ltr'>loca</span> <span class='ocrx_word' id='word_1_102' title='bbox 891 1199 1052 1257; x_wconf 81' lang='lat' dir='ltr'>penetrasse.</span> <span class='ocrx_word' id='word_1_103' title='bbox 1065 1188 1177 1258; x_wconf 83' lang='lat' dir='ltr'>Propter</span> <span class='ocrx_word' id='word_1_104' title='bbox 1190 1206 1290 1260; x_wconf 68' lang='lat' dir='ltr'>cogna.</span> 
     </span>
     <span class='ocr_line' id='line_1_13' title="bbox 244 1265 1289 1338; baseline -0.014 -12"><span class='ocrx_word' id='word_1_105' title='bbox 244 1279 345 1328; x_wconf 89' lang='lat' dir='ltr'>tionem</span> <span class='ocrx_word' id='word_1_106' title='bbox 362 1284 450 1323; x_wconf 87' lang='lat' dir='ltr'>tamen</span> <span class='ocrx_word' id='word_1_107' title='bbox 463 1270 568 1338; x_wconf 85' lang='lat' dir='ltr'>stirpis,</span> <span class='ocrx_word' id='word_1_108' title='bbox 592 1278 638 1317; x_wconf 87' lang='lat' dir='ltr'>aut</span> <span class='ocrx_word' id='word_1_109' title='bbox 663 1267 743 1317; x_wconf 86' lang='lat' dir='ltr'>etiarn</span> <span class='ocrx_word' id='word_1_110' title='bbox 766 1265 911 1318; x_wconf 89' lang='lat' dir='ltr'>secundum</span> <span class='ocrx_word' id='word_1_111' title='bbox 936 1265 1009 1318; x_wconf 87' lang='lat' dir='ltr'>illam</span> <span class='ocrx_word' id='word_1_112' title='bbox 1032 1267 1158 1338; x_wconf 73' lang='lat' dir='ltr'>Dionysio</span> <span class='ocrx_word' id='word_1_113' title='bbox 1181 1286 1289 1338; x_wconf 63' lang='lat' dir='ltr'>quoque</span> 
     </span>
     <span class='ocr_line' id='line_1_14' title="bbox 243 1344 1290 1426; baseline -0.03 -6"><span class='ocrx_word' id='word_1_114' title='bbox 243 1353 385 1426; x_wconf 68' lang='lat' dir='ltr'>Ps⁰h³²³¹1¹</span> <span class='ocrx_word' id='word_1_115' title='bbox 398 1348 567 1418; x_wconf 67' lang='grc' dir='ltr'>θΡίΠὶῡΰθΙπ,</span> <span class='ocrx_word' id='word_1_116' title='bbox 586 1344 699 1396; x_wconf 85' lang='lat' dir='ltr'>OEnotri</span> <span class='ocrx_word' id='word_1_117' title='bbox 720 1356 803 1395; x_wconf 85' lang='lat' dir='ltr'>totam</span> <span class='ocrx_word' id='word_1_118' title='bbox 823 1345 928 1397; x_wconf 85' lang='lat' dir='ltr'>ltaliam</span> <span class='ocrx_word' id='word_1_119' title='bbox 940 1345 1085 1396; x_wconf 87' lang='lat' dir='ltr'>obtinuisse</span> <span class='ocrx_word' id='word_1_120' title='bbox 1103 1345 1156 1396; x_wconf 88' lang='lat' dir='ltr'>dici</span> <span class='ocrx_word' id='word_1_121' title='bbox 1175 1359 1290 1417; x_wconf 80' lang='lat' dir='ltr'>possunt</span> 
     </span>
     <span class='ocr_line' id='line_1_15' title="bbox 243 1425 1291 1504; baseline -0.022 -16"><span class='ocrx_word' id='word_1_122' title='bbox 243 1448 268 1489; x_wconf 88' lang='lat' dir='ltr'>et</span> <span class='ocrx_word' id='word_1_123' title='bbox 290 1435 349 1504; x_wconf 89' lang='lat' dir='ltr'>ipsa</span> <span class='ocrx_word' id='word_1_124' title='bbox 364 1429 442 1481; x_wconf 87' lang='lat' dir='ltr'>ltalia</span> <span class='ocrx_word' id='word_1_125' title='bbox 463 1426 592 1478; x_wconf 86' lang='lat' dir='ltr'>OEnotria</span> <span class='ocrx_word' id='word_1_126' title='bbox 602 1463 611 1489; x_wconf 89' lang='lat'>‚</span> <span class='ocrx_word' id='word_1_127' title='bbox 628 1426 668 1476; x_wconf 91' lang='lat' dir='ltr'>uti</span> <span class='ocrx_word' id='word_1_128' title='bbox 689 1443 705 1476; x_wconf 90' lang='lat' dir='ltr'>a</span> <span class='ocrx_word' id='word_1_129' title='bbox 719 1426 853 1497; x_wconf 86' lang='lat' dir='ltr'>prioribus</span> <span class='ocrx_word' id='word_1_130' title='bbox 870 1425 965 1478; x_wconf 90' lang='lat' dir='ltr'>incolis</span> <span class='ocrx_word' id='word_1_131' title='bbox 985 1425 1118 1490; x_wconf 82' lang='lat' dir='ltr'>Aruonia,</span> <span class='ocrx_word' id='word_1_132' title='bbox 1140 1437 1167 1476; x_wconf 85' lang='lat' dir='ltr'>et</span> <span class='ocrx_word' id='word_1_133' title='bbox 1189 1445 1205 1478; x_wconf 78' lang='lat' dir='ltr'>a</span> <span class='ocrx_word' id='word_1_134' title='bbox 1219 1426 1291 1477; x_wconf 72' lang='lat' dir='ltr'>cho.</span> 
     </span>
     <span class='ocr_line' id='line_1_16' title="bbox 241 1505 1290 1578; baseline -0.017 -10"><span class='ocrx_word' id='word_1_135' title='bbox 241 1516 340 1578; x_wconf 90' lang='lat' dir='ltr'>nibus,</span> <span class='ocrx_word' id='word_1_136' title='bbox 368 1511 550 1563; x_wconf 87' lang='lat' dir='ltr'>OEuotrorum</span> <span class='ocrx_word' id='word_1_137' title='bbox 576 1519 670 1576; x_wconf 90' lang='lat' dir='ltr'>parte,</span> <span class='ocrx_word' id='word_1_138' title='bbox 700 1506 808 1558; x_wconf 83' lang='lat' dir='ltr'>Clunia.</span> <span class='ocrx_word' id='word_1_139' title='bbox 840 1506 997 1558; x_wconf 89' lang='lat' dir='ltr'>Accuratius</span> <span class='ocrx_word' id='word_1_140' title='bbox 1022 1505 1097 1571; x_wconf 82' lang='lat' dir='ltr'>lraec,</span> <span class='ocrx_word' id='word_1_141' title='bbox 1123 1508 1173 1558; x_wconf 86' lang='lat' dir='ltr'>etsi</span> <span class='ocrx_word' id='word_1_142' title='bbox 1196 1509 1290 1577; x_wconf 82' lang='lat' dir='ltr'>primis</span> 
     </span>
     <span class='ocr_line' id='line_1_17' title="bbox 242 1585 1287 1659; baseline -0.019 -10"><span class='ocrx_word' id='word_1_143' title='bbox 242 1596 337 1659; x_wconf 87' lang='lat' dir='ltr'>lineis,</span> <span class='ocrx_word' id='word_1_144' title='bbox 355 1588 502 1644; x_wconf 87' lang='lat' dir='ltr'>secundum</span> <span class='ocrx_word' id='word_1_145' title='bbox 513 1586 684 1639; x_wconf 84' lang='lat' dir='ltr'>Aristotelem</span> <span class='ocrx_word' id='word_1_146' title='bbox 699 1585 731 1638; x_wconf 90' lang='lat' dir='ltr'>de</span> <span class='ocrx_word' id='word_1_147' title='bbox 746 1605 802 1657; x_wconf 91' lang='lat' dir='ltr'>rep.</span> <span class='ocrx_word' id='word_1_148' title='bbox 816 1587 881 1651; x_wconf 88' lang='lat' dir='ltr'>Vll,</span> <span class='ocrx_word' id='word_1_149' title='bbox 898 1603 928 1638; x_wconf 86' lang='lat' dir='ltr'>to</span> <span class='ocrx_word' id='word_1_150' title='bbox 944 1601 970 1639; x_wconf 90' lang='lat' dir='ltr'>et</span> <span class='ocrx_word' id='word_1_151' title='bbox 982 1586 1139 1638; x_wconf 87' lang='lat' dir='ltr'>Strabonem</span> <span class='ocrx_word' id='word_1_152' title='bbox 1150 1588 1187 1657; x_wconf 67' lang='lat' dir='ltr'>Vl</span> <span class='ocrx_word' id='word_1_153' title='bbox 1199 1605 1227 1658; x_wconf 85' lang='lat' dir='ltr'>p.</span> <span class='ocrx_word' id='word_1_154' title='bbox 1238 1588 1287 1656; x_wconf 84' lang='lat'>39¹</span> 
     </span>
     <span class='ocr_line' id='line_1_18' title="bbox 242 1664 1290 1744; baseline -0.025 -17"><span class='ocrx_word' id='word_1_155' title='bbox 242 1683 398 1744; x_wconf 88' lang='lat' dir='ltr'>comparato</span> <span class='ocrx_word' id='word_1_156' title='bbox 410 1668 538 1739; x_wconf 78' lang='lat' dir='ltr'>Dionysio</span> <span class='ocrx_word' id='word_1_157' title='bbox 550 1667 578 1730; x_wconf 93' lang='grc'>1,</span> <span class='ocrx_word' id='word_1_158' title='bbox 594 1682 621 1716; x_wconf 82' lang='grc' dir='ltr'>ιι</span> <span class='ocrx_word' id='word_1_159' title='bbox 637 1683 677 1735; x_wconf 88' lang='lat' dir='ltr'>sq.</span> <span class='ocrx_word' id='word_1_160' title='bbox 692 1665 725 1718; x_wconf 83' lang='lat'>35</span> <span class='ocrx_word' id='word_1_161' title='bbox 739 1683 778 1735; x_wconf 92' lang='lat' dir='ltr'>sq.</span> <span class='ocrx_word' id='word_1_162' title='bbox 794 1677 855 1736; x_wconf 92' lang='lat' dir='ltr'>post</span> <span class='ocrx_word' id='word_1_163' title='bbox 867 1665 1020 1718; x_wconf 88' lang='lat' dir='ltr'>Cluverium</span> <span class='ocrx_word' id='word_1_164' title='bbox 1039 1685 1055 1717; x_wconf 81' lang='lat' dir='ltr'>a</span> <span class='ocrx_word' id='word_1_165' title='bbox 1072 1664 1149 1716; x_wconf 85' lang='lat' dir='ltr'>nobis</span> <span class='ocrx_word' id='word_1_166' title='bbox 1167 1667 1290 1735; x_wconf 61' lang='lat' dir='ltr'>exposita</span> 
     </span>
     <span class='ocr_line' id='line_1_19' title="bbox 242 1744 1288 1818; baseline -0.015 -10"><span class='ocrx_word' id='word_1_167' title='bbox 242 1756 342 1807; x_wconf 86' lang='lat' dir='ltr'>suntin</span> <span class='ocrx_word' id='word_1_168' title='bbox 365 1748 511 1803; x_wconf 79' lang='lat' dir='ltr'>Gutlrrt&#39;ani</span> <span class='ocrx_word' id='word_1_169' title='bbox 527 1748 615 1816; x_wconf 91' lang='lat' dir='ltr'>operis</span> <span class='ocrx_word' id='word_1_170' title='bbox 634 1744 820 1818; x_wconf 76' lang='lat' dir='ltr'>(Allqemeirte</span> <span class='ocrx_word' id='word_1_171' title='bbox 844 1744 1073 1818; x_wconf 75' lang='lat' dir='ltr'>Weltqesclu&#39;clrte)</span> <span class='ocrx_word' id='word_1_172' title='bbox 1090 1748 1247 1799; x_wconf 89' lang='lat' dir='ltr'>recensione</span> <span class='ocrx_word' id='word_1_173' title='bbox 1256 1749 1288 1798; x_wconf 84' lang='lat' dir='ltr'>T.</span> 
     </span>
     <span class='ocr_line' id='line_1_20' title="bbox 241 1823 1289 1903; baseline -0.033 -19"><span class='ocrx_word' id='word_1_174' title='bbox 241 1837 277 1885; x_wconf 90' lang='lat' dir='ltr'>lv</span> <span class='ocrx_word' id='word_1_175' title='bbox 285 1851 312 1903; x_wconf 87' lang='lat' dir='ltr'>p.</span> <span class='ocrx_word' id='word_1_176' title='bbox 327 1829 360 1900; x_wconf 79' lang='lat'>75</span> <span class='ocrx_word' id='word_1_177' title='bbox 373 1845 412 1897; x_wconf 89' lang='lat' dir='ltr'>sq.</span> <span class='ocrx_word' id='word_1_178' title='bbox 426 1838 451 1878; x_wconf 87' lang='lat' dir='ltr'>et</span> <span class='ocrx_word' id='word_1_179' title='bbox 463 1824 496 1876; x_wconf 90' lang='lat' dir='ltr'>al.</span> <span class='ocrx_word' id='word_1_180' title='bbox 509 1823 640 1876; x_wconf 83' lang='lat' dir='ltr'>Successit</span> <span class='ocrx_word' id='word_1_181' title='bbox 661 1823 746 1875; x_wconf 80' lang='lat' dir='ltr'>Italr&#39;oe</span> <span class='ocrx_word' id='word_1_182' title='bbox 757 1843 870 1888; x_wconf 85' lang='lat' dir='ltr'>nomen,</span> <span class='ocrx_word' id='word_1_183' title='bbox 888 1825 969 1896; x_wconf 67' lang='lat' dir='ltr'>idque</span> <span class='ocrx_word' id='word_1_184' title='bbox 981 1825 1074 1896; x_wconf 67' lang='lat' dir='ltr'>p&#39;auno</span> <span class='ocrx_word' id='word_1_185' title='bbox 1093 1825 1176 1876; x_wconf 60' lang='lat' dir='ltr'>serius</span> <span class='ocrx_word' id='word_1_186' title='bbox 1192 1847 1197 1874; x_wconf 42' lang='grc' dir='ltr'>ζ</span> <span class='ocrx_word' id='word_1_187' title='bbox 1217 1844 1289 1876; x_wconf 61' lang='lat' dir='ltr'><em>nunc</em></span> 
     </span>
     <span class='ocr_line' id='line_1_21' title="bbox 236 1903 1291 1985; baseline -0.021 -20"><span class='ocrx_word' id='word_1_188' title='bbox 236 1914 315 1985; x_wconf 85' lang='lat' dir='ltr'>fama</span> <span class='ocrx_word' id='word_1_189' title='bbox 327 1948 336 1974; x_wconf 89' lang='lat'>‚</span> <span class='ocrx_word' id='word_1_190' title='bbox 359 1909 474 1958; x_wconf 89' lang='lat' dir='ltr'>minores</span> <span class='ocrx_word' id='word_1_191' title='bbox 491 1903 600 1955; x_wconf 78' lang='lat' dir='ltr'>ltaliam</span> <span class='ocrx_word' id='word_1_192' title='bbox 612 1904 704 1955; x_wconf 80' lang='lat' dir='ltr'>dixisse</span> <span class='ocrx_word' id='word_1_193' title='bbox 718 1905 790 1956; x_wconf 81' lang='lat' dir='ltr'>ducis</span> <span class='ocrx_word' id='word_1_194' title='bbox 801 1905 833 1956; x_wconf 85' lang='lat' dir='ltr'>de</span> <span class='ocrx_word' id='word_1_195' title='bbox 844 1906 951 1957; x_wconf 84' lang='lat' dir='ltr'>nomine</span> <span class='ocrx_word' id='word_1_196' title='bbox 964 1915 1087 1978; x_wconf 64' lang='lat' dir='ltr'>pentem</span> <span class='ocrx_word' id='word_1_197' title='bbox 1100 1905 1169 1977; x_wconf 76' lang='lat' dir='ltr'>Ergo</span> <span class='ocrx_word' id='word_1_198' title='bbox 1179 1907 1291 1974; x_wconf 70' lang='lat' dir='ltr'>Trojanj</span> 
     </span>
     <span class='ocr_line' id='line_1_22' title="bbox 242 1982 1291 2053; baseline -0.017 -2"><span class='ocrx_word' id='word_1_199' title='bbox 242 1991 335 2044; x_wconf 73' lang='lat' dir='ltr'>sallem</span> <span class='ocrx_word' id='word_1_200' title='bbox 347 1985 412 2038; x_wconf 75' lang='lat' dir='ltr'>belli</span> <span class='ocrx_word' id='word_1_201' title='bbox 430 1997 549 2053; x_wconf 75' lang='lat' dir='ltr'>tempore</span> <span class='ocrx_word' id='word_1_202' title='bbox 565 1985 591 2033; x_wconf 93' lang='lat' dir='ltr'>in</span> <span class='ocrx_word' id='word_1_203' title='bbox 608 1983 744 2034; x_wconf 85' lang='lat' dir='ltr'>OEnotriae</span> <span class='ocrx_word' id='word_1_204' title='bbox 756 1982 845 2035; x_wconf 93' lang='lat' dir='ltr'>locum</span> <span class='ocrx_word' id='word_1_205' title='bbox 858 1984 969 2036; x_wconf 87' lang='lat' dir='ltr'>alterurn</span> <span class='ocrx_word' id='word_1_206' title='bbox 979 1983 1060 2034; x_wconf 79' lang='lat' dir='ltr'>ltalia</span> <span class='ocrx_word' id='word_1_207' title='bbox 1073 2001 1170 2033; x_wconf 82' lang='lat' dir='ltr'>nomen</span> <span class='ocrx_word' id='word_1_208' title='bbox 1183 2001 1291 2035; x_wconf 91' lang='lat' dir='ltr'>succes-</span> 
     </span>
     <span class='ocr_line' id='line_1_23' title="bbox 242 2061 1292 2135; baseline -0.01 -13"><span class='ocrx_word' id='word_1_209' title='bbox 242 2073 316 2135; x_wconf 81' lang='lat' dir='ltr'>sisse,</span> <span class='ocrx_word' id='word_1_210' title='bbox 325 2064 446 2118; x_wconf 87' lang='lat' dir='ltr'>audierat</span> <span class='ocrx_word' id='word_1_211' title='bbox 455 2061 589 2132; x_wconf 74' lang='lat' dir='ltr'>Virgilius.</span> <span class='ocrx_word' id='word_1_212' title='bbox 600 2061 731 2113; x_wconf 78' lang='lat' dir='ltr'>Convenit</span> <span class='ocrx_word' id='word_1_213' title='bbox 742 2061 793 2113; x_wconf 87' lang='lat' dir='ltr'>boc</span> <span class='ocrx_word' id='word_1_214' title='bbox 800 2063 855 2114; x_wconf 85' lang='lat' dir='ltr'>lere</span> <span class='ocrx_word' id='word_1_215' title='bbox 865 2081 925 2113; x_wconf 91' lang='lat' dir='ltr'>cum</span> <span class='ocrx_word' id='word_1_216' title='bbox 933 2080 974 2127; x_wconf 82' lang='lat' dir='ltr'>en,</span> <span class='ocrx_word' id='word_1_217' title='bbox 984 2061 1057 2131; x_wconf 94' lang='lat' dir='ltr'>quod</span> <span class='ocrx_word' id='word_1_218' title='bbox 1066 2062 1208 2132; x_wconf 72' lang='lat' dir='ltr'>Dionysius</span> <span class='ocrx_word' id='word_1_219' title='bbox 1217 2062 1292 2113; x_wconf 87' lang='lat' dir='ltr'>Hali·</span> 
     </span>
    </p>
   </div>
   <div class='ocr_carea' id='block_1_3' title="bbox 236 2140 1360 2298">
    <p class='ocr_par' dir='ltr' id='par_1_3' title="bbox 236 2140 1360 2298">
     <span class='ocr_line' id='line_1_24' title="bbox 236 2140 1360 2215; baseline -0.011 -12"><span class='ocrx_word' id='word_1_220' title='bbox 236 2146 421 2215; x_wconf 61' lang='lat' dir='ltr'>xcarnassensis</span> <span class='ocrx_word' id='word_1_221' title='bbox 433 2141 525 2206; x_wconf 82' lang='lat' dir='ltr'>habet,</span> <span class='ocrx_word' id='word_1_222' title='bbox 534 2141 605 2193; x_wconf 85' lang='lat' dir='ltr'>XVll</span> <span class='ocrx_word' id='word_1_223' title='bbox 615 2142 702 2205; x_wconf 67' lang='lat' dir='ltr'>priscis</span> <span class='ocrx_word' id='word_1_224' title='bbox 713 2159 759 2193; x_wconf 86' lang='lat' dir='ltr'>seu</span> <span class='ocrx_word' id='word_1_225' title='bbox 770 2142 890 2193; x_wconf 75' lang='lat' dir='ltr'>aetatibus</span> <span class='ocrx_word' id='word_1_226' title='bbox 900 2142 927 2193; x_wconf 93' lang='lat' dir='ltr'>h.</span> <span class='ocrx_word' id='word_1_227' title='bbox 936 2161 958 2193; x_wconf 80' lang='lat' dir='ltr'>e.</span> <span class='ocrx_word' id='word_1_228' title='bbox 971 2140 1022 2210; x_wconf 76' lang='grc'>459</span> <span class='ocrx_word' id='word_1_229' title='bbox 1031 2143 1105 2191; x_wconf 88' lang='lat' dir='ltr'>annis</span> <span class='ocrx_word' id='word_1_230' title='bbox 1117 2153 1178 2192; x_wconf 86' lang='lat' dir='ltr'>ante</span> <span class='ocrx_word' id='word_1_231' title='bbox 1188 2141 1290 2193; x_wconf 87' lang='lat' dir='ltr'>bellum</span> <span class='ocrx_word' id='word_1_232' title='bbox 1359 2193 1360 2208; x_wconf 49' lang='grc'>,</span> 
     </span>
     <span class='ocr_line' id='line_1_25' title="bbox 241 2220 1360 2298; baseline -0.009 -18"><span class='ocrx_word' id='word_1_233' title='bbox 241 2230 406 2298; x_wconf 88' lang='lat' dir='ltr'>Trojanum,</span> <span class='ocrx_word' id='word_1_234' title='bbox 422 2221 557 2274; x_wconf 87' lang='lat' dir='ltr'>OEnotros</span> <span class='ocrx_word' id='word_1_235' title='bbox 576 2221 680 2272; x_wconf 90' lang='lat' dir='ltr'>ltaliam</span> <span class='ocrx_word' id='word_1_236' title='bbox 701 2222 842 2272; x_wconf 83' lang='lat' dir='ltr'>accessisse</span> <span class='ocrx_word' id='word_1_237' title='bbox 855 2241 860 2272; x_wconf 77' lang='lat' dir='ltr'>z</span> <span class='ocrx_word' id='word_1_238' title='bbox 874 2223 922 2273; x_wconf 88' lang='lat' dir='ltr'>etsi</span> <span class='ocrx_word' id='word_1_239' title='bbox 934 2220 986 2272; x_wconf 90' lang='lat' dir='ltr'>hoc</span> <span class='ocrx_word' id='word_1_240' title='bbox 999 2221 1152 2290; x_wconf 87' lang='lat' dir='ltr'>conjectura</span> <span class='ocrx_word' id='word_1_241' title='bbox 1164 2232 1289 2284; x_wconf 87' lang='lat' dir='ltr'>tantum,</span> <span class='ocrx_word' id='word_1_242' title='bbox 1359 2239 1360 2246; x_wconf 52' lang='lat'>¹</span> 
     </span>
    </p>
   </div>
   <div class='ocr_carea' id='block_1_4' title="bbox 240 2299 1290 2926">
    <p class='ocr_par' dir='ltr' id='par_1_4' title="bbox 240 2299 1290 2926">
     <span class='ocr_line' id='line_1_26' title="bbox 241 2299 1288 2379; baseline -0.008 -20"><span class='ocrx_word' id='word_1_243' title='bbox 241 2327 328 2379; x_wconf 88' lang='lat' dir='ltr'>neque</span> <span class='ocrx_word' id='word_1_244' title='bbox 342 2325 373 2357; x_wconf 88' lang='lat' dir='ltr'>ca</span> <span class='ocrx_word' id='word_1_245' title='bbox 388 2303 451 2354; x_wconf 89' lang='lat' dir='ltr'>satis</span> <span class='ocrx_word' id='word_1_246' title='bbox 463 2301 598 2371; x_wconf 85' lang='lat' dir='ltr'>probabili</span> <span class='ocrx_word' id='word_1_247' title='bbox 621 2303 776 2371; x_wconf 84' lang='lat' dir='ltr'>apposuisse</span> <span class='ocrx_word' id='word_1_248' title='bbox 791 2301 877 2353; x_wconf 86' lang='lat' dir='ltr'>videri</span> <span class='ocrx_word' id='word_1_249' title='bbox 896 2299 992 2353; x_wconf 87' lang='lat' dir='ltr'>debet:</span> <span class='ocrx_word' id='word_1_250' title='bbox 1007 2303 1041 2353; x_wconf 90' lang='lat' dir='ltr'>cl&#39;.</span> <span class='ocrx_word' id='word_1_251' title='bbox 1060 2303 1122 2352; x_wconf 82' lang='lat' dir='ltr'>Exc.</span> <span class='ocrx_word' id='word_1_252' title='bbox 1136 2302 1171 2350; x_wconf 92' lang='lat' dir='ltr'>lV</span> <span class='ocrx_word' id='word_1_253' title='bbox 1189 2302 1224 2353; x_wconf 86' lang='lat' dir='ltr'>ad</span> <span class='ocrx_word' id='word_1_254' title='bbox 1241 2300 1288 2352; x_wconf 88' lang='lat' dir='ltr'>lib.</span> 
     </span>
     <span class='ocr_line' id='line_1_27' title="bbox 240 2380 1287 2450; baseline -0.009 -11"><span class='ocrx_word' id='word_1_255' title='bbox 240 2391 297 2440; x_wconf 89' lang='lat' dir='ltr'>vll.</span> <span class='ocrx_word' id='word_1_256' title='bbox 310 2385 379 2436; x_wconf 88' lang='lat' dir='ltr'>Add.</span> <span class='ocrx_word' id='word_1_257' title='bbox 399 2381 575 2433; x_wconf 86' lang='lat' dir='ltr'>Commentat.</span> <span class='ocrx_word' id='word_1_258' title='bbox 589 2382 620 2432; x_wconf 87' lang='lat' dir='ltr'>de</span> <span class='ocrx_word' id='word_1_259' title='bbox 628 2380 733 2450; x_wconf 81' lang='lat' dir='ltr'>fabulis</span> <span class='ocrx_word' id='word_1_260' title='bbox 748 2383 792 2434; x_wconf 88' lang='lat' dir='ltr'>Gr.</span> <span class='ocrx_word' id='word_1_261' title='bbox 808 2381 877 2433; x_wconf 84' lang='lat' dir='ltr'>inter</span> <span class='ocrx_word' id='word_1_262' title='bbox 888 2382 1009 2433; x_wconf 83' lang='lat' dir='ltr'>Etruscos</span> <span class='ocrx_word' id='word_1_263' title='bbox 1020 2383 1047 2432; x_wconf 89' lang='lat' dir='ltr'>in</span> <span class='ocrx_word' id='word_1_264' title='bbox 1059 2383 1134 2433; x_wconf 85' lang='lat' dir='ltr'>Turn.</span> <span class='ocrx_word' id='word_1_265' title='bbox 1150 2385 1205 2446; x_wconf 95' lang='lat' dir='ltr'>Ill,</span> <span class='ocrx_word' id='word_1_266' title='bbox 1217 2383 1287 2434; x_wconf 84' lang='lat' dir='ltr'>Nou.</span> 
     </span>
     <span class='ocr_line' id='line_1_28' title="bbox 243 2457 1289 2530; baseline -0.006 -13"><span class='ocrx_word' id='word_1_267' title='bbox 243 2469 339 2518; x_wconf 84' lang='lat' dir='ltr'>Comm.</span> <span class='ocrx_word' id='word_1_268' title='bbox 353 2462 409 2513; x_wconf 82' lang='lat' dir='ltr'>Soc.</span> <span class='ocrx_word' id='word_1_269' title='bbox 430 2459 470 2510; x_wconf 85' lang='lat' dir='ltr'>Sc.</span> <span class='ocrx_word' id='word_1_270' title='bbox 488 2459 603 2530; x_wconf 73' lang='lat' dir='ltr'>Gottinq.</span> <span class='ocrx_word' id='word_1_271' title='bbox 616 2477 644 2529; x_wconf 92' lang='grc' dir='ltr'><strong>Ρ.</strong></span> <span class='ocrx_word' id='word_1_272' title='bbox 658 2458 700 2512; x_wconf 84' lang='grc'><strong>35.</strong></span> <span class='ocrx_word' id='word_1_273' title='bbox 714 2460 757 2511; x_wconf 89' lang='grc'><strong>36.</strong></span> <span class='ocrx_word' id='word_1_274' title='bbox 771 2459 860 2529; x_wconf 85' lang='lat' dir='ltr'>Ipsum</span> <span class='ocrx_word' id='word_1_275' title='bbox 880 2457 968 2509; x_wconf 77' lang='lat' dir='ltr'>Italic</span> <span class='ocrx_word' id='word_1_276' title='bbox 987 2477 1084 2511; x_wconf 87' lang='lat' dir='ltr'>nomen</span> <span class='ocrx_word' id='word_1_277' title='bbox 1099 2460 1133 2511; x_wconf 89' lang='lat' dir='ltr'>ab</span> <span class='ocrx_word' id='word_1_278' title='bbox 1152 2461 1228 2510; x_wconf 88' lang='lat' dir='ltr'>initio</span> <span class='ocrx_word' id='word_1_279' title='bbox 1249 2460 1289 2511; x_wconf 93' lang='lat' dir='ltr'>illi</span> 
     </span>
     <span class='ocr_line' id='line_1_29' title="bbox 240 2536 1289 2615; baseline -0.007 -20"><span class='ocrx_word' id='word_1_280' title='bbox 240 2543 312 2615; x_wconf 90' lang='lat' dir='ltr'>parti</span> <span class='ocrx_word' id='word_1_281' title='bbox 323 2542 374 2592; x_wconf 85' lang='lat' dir='ltr'>fuit</span> <span class='ocrx_word' id='word_1_282' title='bbox 387 2539 541 2609; x_wconf 88' lang='lat' dir='ltr'>proprium,</span> <span class='ocrx_word' id='word_1_283' title='bbox 554 2539 626 2589; x_wconf 85' lang='lat' dir='ltr'>intra</span> <span class='ocrx_word' id='word_1_284' title='bbox 638 2542 712 2607; x_wconf 89' lang='lat' dir='ltr'>cujus</span> <span class='ocrx_word' id='word_1_285' title='bbox 724 2538 789 2590; x_wconf 89' lang='lat' dir='ltr'>fines</span> <span class='ocrx_word' id='word_1_286' title='bbox 803 2536 935 2589; x_wconf 81' lang='lat' dir='ltr'>OEnotria</span> <span class='ocrx_word' id='word_1_287' title='bbox 947 2539 1079 2607; x_wconf 90' lang='lat' dir='ltr'>principio</span> <span class='ocrx_word' id='word_1_288' title='bbox 1089 2537 1289 2602; x_wconf 84' lang='lat' dir='ltr'>includebatur,</span> 
     </span>
     <span class='ocr_line' id='line_1_30' title="bbox 240 2615 1287 2687; baseline -0.007 -16"><span class='ocrx_word' id='word_1_289' title='bbox 240 2617 374 2672; x_wconf 88' lang='lat' dir='ltr'>Antiocho</span> <span class='ocrx_word' id='word_1_290' title='bbox 398 2615 536 2686; x_wconf 74' lang='lat' dir='ltr'>Syracusio</span> <span class='ocrx_word' id='word_1_291' title='bbox 556 2627 623 2668; x_wconf 88' lang='lat' dir='ltr'>teste</span> <span class='ocrx_word' id='word_1_292' title='bbox 648 2616 720 2687; x_wconf 92' lang='lat' dir='ltr'>apud</span> <span class='ocrx_word' id='word_1_293' title='bbox 743 2616 901 2668; x_wconf 87' lang='lat' dir='ltr'>Strabonem</span> <span class='ocrx_word' id='word_1_294' title='bbox 919 2618 971 2679; x_wconf 89' lang='lat' dir='ltr'>Vl,</span> <span class='ocrx_word' id='word_1_295' title='bbox 994 2633 1020 2686; x_wconf 94' lang='grc' dir='ltr'><strong>Ρ.</strong></span> <span class='ocrx_word' id='word_1_296' title='bbox 1044 2615 1108 2684; x_wconf 79' lang='grc'>391,</span> <span class='ocrx_word' id='word_1_297' title='bbox 1131 2628 1158 2668; x_wconf 87' lang='lat' dir='ltr'>et</span> <span class='ocrx_word' id='word_1_298' title='bbox 1176 2617 1287 2687; x_wconf 79' lang='lat' dir='ltr'>Dionys.</span> 
     </span>
     <span class='ocr_line' id='line_1_31' title="bbox 240 2693 1290 2768; baseline -0.004 -17"><span class='ocrx_word' id='word_1_299' title='bbox 240 2699 325 2750; x_wconf 83' lang='lat' dir='ltr'>Halic.</span> <span class='ocrx_word' id='word_1_300' title='bbox 339 2695 429 2762; x_wconf 70' lang='grc'>1,34,</span> <span class='ocrx_word' id='word_1_301' title='bbox 443 2694 483 2746; x_wconf 86' lang='lat' dir='ltr'>Ab</span> <span class='ocrx_word' id='word_1_302' title='bbox 495 2693 580 2761; x_wconf 83' lang='lat' dir='ltr'>Italo,</span> <span class='ocrx_word' id='word_1_303' title='bbox 594 2698 639 2766; x_wconf 92' lang='lat' dir='ltr'>qui</span> <span class='ocrx_word' id='word_1_304' title='bbox 652 2715 684 2747; x_wconf 86' lang='lat' dir='ltr'>ex</span> <span class='ocrx_word' id='word_1_305' title='bbox 696 2696 802 2768; x_wconf 72' lang='lat' dir='ltr'>regibus</span> <span class='ocrx_word' id='word_1_306' title='bbox 817 2709 879 2766; x_wconf 91' lang='lat' dir='ltr'>post</span> <span class='ocrx_word' id='word_1_307' title='bbox 890 2696 1041 2748; x_wconf 88' lang='lat' dir='ltr'>OEnotrum</span> <span class='ocrx_word' id='word_1_308' title='bbox 1056 2698 1141 2767; x_wconf 75' lang='lat' dir='ltr'>gentis</span> <span class='ocrx_word' id='word_1_309' title='bbox 1162 2698 1290 2748; x_wconf 92' lang='lat' dir='ltr'>condito-</span> 
     </span>
     <span class='ocr_line' id='line_1_32' title="bbox 242 2776 1288 2841; baseline -0.004 -9"><span class='ocrx_word' id='word_1_310' title='bbox 242 2779 378 2841; x_wconf 77' lang='lat' dir='ltr'>resoluit,</span> <span class='ocrx_word' id='word_1_311' title='bbox 400 2793 497 2828; x_wconf 85' lang='lat' dir='ltr'>nomen</span> <span class='ocrx_word' id='word_1_312' title='bbox 519 2776 628 2827; x_wconf 90' lang='lat' dir='ltr'>ductum</span> <span class='ocrx_word' id='word_1_313' title='bbox 649 2777 720 2829; x_wconf 89' lang='lat' dir='ltr'>idem</span> <span class='ocrx_word' id='word_1_314' title='bbox 735 2776 883 2828; x_wconf 84' lang='lat' dir='ltr'>Antiochus</span> <span class='ocrx_word' id='word_1_315' title='bbox 896 2776 1044 2829; x_wconf 89' lang='lat' dir='ltr'>tradiderat</span> <span class='ocrx_word' id='word_1_316' title='bbox 1066 2795 1091 2827; x_wconf 87' lang='lat' dir='ltr'>v.</span> <span class='ocrx_word' id='word_1_317' title='bbox 1115 2777 1177 2829; x_wconf 88' lang='lat' dir='ltr'>loca</span> <span class='ocrx_word' id='word_1_318' title='bbox 1193 2778 1288 2830; x_wconf 90' lang='lat' dir='ltr'>laudd.</span> 
     </span>
     <span class='ocr_line' id='line_1_33' title="bbox 241 2855 1288 2926; baseline -0.002 -16"><span class='ocrx_word' id='word_1_319' title='bbox 241 2855 394 2910; x_wconf 87' lang='lat' dir='ltr'>Hellanicus</span> <span class='ocrx_word' id='word_1_320' title='bbox 408 2866 496 2906; x_wconf 88' lang='lat' dir='ltr'>autem</span> <span class='ocrx_word' id='word_1_321' title='bbox 508 2855 617 2906; x_wconf 89' lang='lat' dir='ltr'>Lesbius</span> <span class='ocrx_word' id='word_1_322' title='bbox 626 2874 687 2906; x_wconf 92' lang='lat' dir='ltr'>cum</span> <span class='ocrx_word' id='word_1_323' title='bbox 697 2856 795 2906; x_wconf 80' lang='lat' dir='ltr'>Timaeo</span> <span class='ocrx_word' id='word_1_324' title='bbox 809 2874 852 2925; x_wconf 89' lang='lat' dir='ltr'>ap.</span> <span class='ocrx_word' id='word_1_325' title='bbox 865 2855 932 2909; x_wconf 88' lang='lat' dir='ltr'>Gell.</span> <span class='ocrx_word' id='word_1_326' title='bbox 946 2858 998 2921; x_wconf 87' lang='lat' dir='ltr'>Xl,</span> <span class='ocrx_word' id='word_1_327' title='bbox 1011 2873 1019 2905; x_wconf 83' lang='grc' dir='ltr'>ι</span> <span class='ocrx_word' id='word_1_328' title='bbox 1033 2855 1144 2926; x_wconf 87' lang='lat' dir='ltr'>aliisque</span> <span class='ocrx_word' id='word_1_329' title='bbox 1158 2875 1173 2907; x_wconf 92' lang='lat' dir='ltr'>a</span> <span class='ocrx_word' id='word_1_330' title='bbox 1186 2856 1288 2922; x_wconf 76' lang='lat' dir='ltr'>vitetis,</span> 
     </span>
    </p>
   </div>
   <div class='ocr_carea' id='block_1_5' title="bbox 239 2931 1359 3005">
    <p class='ocr_par' dir='ltr' id='par_1_5' title="bbox 239 2931 1359 3005">
     <span class='ocr_line' id='line_1_34' title="bbox 239 2931 1359 3005; baseline -0.003 -17"><span class='ocrx_word' id='word_1_331' title='bbox 239 2935 327 2989; x_wconf 61' lang='lat' dir='ltr'>eust:</span> <span class='ocrx_word' id='word_1_332' title='bbox 338 2931 488 3005; x_wconf 74' lang='lat' dir='ltr'>(Leguntur</span> <span class='ocrx_word' id='word_1_333' title='bbox 500 2932 594 2985; x_wconf 88' lang='lat' dir='ltr'>eadem</span> <span class='ocrx_word' id='word_1_334' title='bbox 607 2936 635 2985; x_wconf 93' lang='lat' dir='ltr'>in</span> <span class='ocrx_word' id='word_1_335' title='bbox 651 2934 817 3004; x_wconf 80' lang='lat' dir='ltr'>Apollodoro</span> <span class='ocrx_word' id='word_1_336' title='bbox 830 2937 871 2999; x_wconf 97' lang='lat' dir='ltr'>ll,</span> <span class='ocrx_word' id='word_1_337' title='bbox 892 2936 921 3000; x_wconf 83' lang='lat'>5,</span> <span class='ocrx_word' id='word_1_338' title='bbox 939 2951 985 2999; x_wconf 86' lang='lat' dir='ltr'>to,</span> <span class='ocrx_word' id='word_1_339' title='bbox 998 2932 1045 2984; x_wconf 89' lang='lat' dir='ltr'>sed</span> <span class='ocrx_word' id='word_1_340' title='bbox 1056 2952 1082 2983; x_wconf 86' lang='lat' dir='ltr'>v.</span> <span class='ocrx_word' id='word_1_341' title='bbox 1095 2935 1179 2985; x_wconf 88' lang='lat' dir='ltr'>Notas</span> <span class='ocrx_word' id='word_1_342' title='bbox 1194 2953 1221 3004; x_wconf 92' lang='lat' dir='ltr'>p.</span> <span class='ocrx_word' id='word_1_343' title='bbox 1236 2935 1290 3001; x_wconf 64' lang='lat' dir='ltr'>Aoo</span> <span class='ocrx_word' id='word_1_344' title='bbox 1358 2947 1359 3000; x_wconf 43' lang='grc' dir='ltr'>ζ</span> 
     </span>
    </p>
   </div>
   <div class='ocr_carea' id='block_1_6' title="bbox 238 3015 1290 3486">
    <p class='ocr_par' dir='ltr' id='par_1_6' title="bbox 238 3015 1290 3486">
     <span class='ocr_line' id='line_1_35' title="bbox 240 3015 1290 3087; baseline -0.003 -18"><span class='ocrx_word' id='word_1_345' title='bbox 240 3018 329 3087; x_wconf 88' lang='lat' dir='ltr'>sqq.);</span> <span class='ocrx_word' id='word_1_346' title='bbox 342 3027 484 3083; x_wconf 90' lang='lat' dir='ltr'>utrumque</span> <span class='ocrx_word' id='word_1_347' title='bbox 500 3025 588 3066; x_wconf 87' lang='lat' dir='ltr'>tamen</span> <span class='ocrx_word' id='word_1_348' title='bbox 608 3016 768 3083; x_wconf 75' lang='lat' dir='ltr'>conjecture</span> <span class='ocrx_word' id='word_1_349' title='bbox 784 3017 874 3087; x_wconf 89' lang='lat' dir='ltr'>potius</span> <span class='ocrx_word' id='word_1_350' title='bbox 893 3015 1065 3078; x_wconf 81' lang='lat' dir='ltr'>Graecanicae,</span> <span class='ocrx_word' id='word_1_351' title='bbox 1077 3033 1157 3085; x_wconf 86' lang='lat' dir='ltr'>quam</span> <span class='ocrx_word' id='word_1_352' title='bbox 1170 3028 1290 3086; x_wconf 81' lang='lat' dir='ltr'>acceptae</span> 
     </span>
     <span class='ocr_line' id='line_1_36' title="bbox 241 3093 1287 3165; baseline -0.003 -16"><span class='ocrx_word' id='word_1_353' title='bbox 241 3117 258 3150; x_wconf 86' lang='lat' dir='ltr'>a</span> <span class='ocrx_word' id='word_1_354' title='bbox 270 3096 414 3165; x_wconf 87' lang='lat' dir='ltr'>majoribus</span> <span class='ocrx_word' id='word_1_355' title='bbox 424 3096 584 3146; x_wconf 88' lang='lat' dir='ltr'>narrationis</span> <span class='ocrx_word' id='word_1_356' title='bbox 597 3094 668 3159; x_wconf 88' lang='lat' dir='ltr'>fidei,</span> <span class='ocrx_word' id='word_1_357' title='bbox 680 3095 894 3148; x_wconf 82' lang='lat' dir='ltr'>deberividetur.</span> <span class='ocrx_word' id='word_1_358' title='bbox 904 3093 995 3148; x_wconf 89' lang='lat' dir='ltr'>Saltim</span> <span class='ocrx_word' id='word_1_359' title='bbox 1005 3094 1057 3147; x_wconf 90' lang='lat' dir='ltr'>hoc</span> <span class='ocrx_word' id='word_1_360' title='bbox 1070 3114 1100 3148; x_wconf 86' lang='lat' dir='ltr'>ex</span> <span class='ocrx_word' id='word_1_361' title='bbox 1113 3095 1209 3148; x_wconf 89' lang='lat' dir='ltr'>iisdem</span> <span class='ocrx_word' id='word_1_362' title='bbox 1220 3095 1287 3148; x_wconf 88' lang='lat' dir='ltr'>locis</span> 
     </span>
     <span class='ocr_line' id='line_1_37' title="bbox 239 3172 1287 3247; baseline 0 -19"><span class='ocrx_word' id='word_1_363' title='bbox 239 3178 324 3230; x_wconf 88' lang='lat' dir='ltr'>teneri</span> <span class='ocrx_word' id='word_1_364' title='bbox 343 3178 413 3227; x_wconf 86' lang='lat' dir='ltr'>forte</span> <span class='ocrx_word' id='word_1_365' title='bbox 424 3187 528 3246; x_wconf 87' lang='lat' dir='ltr'>potest,</span> <span class='ocrx_word' id='word_1_366' title='bbox 544 3177 615 3228; x_wconf 89' lang='lat' dir='ltr'>circa</span> <span class='ocrx_word' id='word_1_367' title='bbox 630 3177 750 3228; x_wconf 88' lang='lat' dir='ltr'>Herculis</span> <span class='ocrx_word' id='word_1_368' title='bbox 761 3175 882 3228; x_wconf 89' lang='lat' dir='ltr'>Thebani</span> <span class='ocrx_word' id='word_1_369' title='bbox 895 3176 1001 3228; x_wconf 87' lang='lat' dir='ltr'>demum</span> <span class='ocrx_word' id='word_1_370' title='bbox 1014 3172 1136 3247; x_wconf 86' lang='lat' dir='ltr'>teinpora</span> <span class='ocrx_word' id='word_1_371' title='bbox 1145 3176 1227 3228; x_wconf 74' lang='lat' dir='ltr'>ltalia</span> <span class='ocrx_word' id='word_1_372' title='bbox 1240 3195 1287 3228; x_wconf 89' lang='lat' dir='ltr'>no·</span> 
     </span>
     <span class='ocr_line' id='line_1_38' title="bbox 238 3256 1286 3329; baseline -0.002 -21"><span class='ocrx_word' id='word_1_373' title='bbox 238 3276 299 3308; x_wconf 86' lang='lat' dir='ltr'>men</span> <span class='ocrx_word' id='word_1_374' title='bbox 314 3256 464 3308; x_wconf 83' lang='lat' dir='ltr'>invaluisse.</span> <span class='ocrx_word' id='word_1_375' title='bbox 478 3257 593 3308; x_wconf 90' lang='lat' dir='ltr'>Omnino</span> <span class='ocrx_word' id='word_1_376' title='bbox 606 3275 686 3326; x_wconf 88' lang='lat' dir='ltr'>super</span> <span class='ocrx_word' id='word_1_377' title='bbox 694 3259 807 3308; x_wconf 88' lang='lat' dir='ltr'>nominis</span> <span class='ocrx_word' id='word_1_378' title='bbox 816 3259 918 3329; x_wconf 74' lang='lat' dir='ltr'>origine</span> <span class='ocrx_word' id='word_1_379' title='bbox 929 3257 1011 3308; x_wconf 88' lang='lat' dir='ltr'>multa</span> <span class='ocrx_word' id='word_1_380' title='bbox 1024 3257 1076 3310; x_wconf 87' lang='lat' dir='ltr'>alia</span> <span class='ocrx_word' id='word_1_381' title='bbox 1086 3271 1132 3308; x_wconf 87' lang='lat' dir='ltr'>aut</span> <span class='ocrx_word' id='word_1_382' title='bbox 1142 3259 1286 3310; x_wconf 90' lang='lat' dir='ltr'>commenti</span> 
     </span>
     <span class='ocr_line' id='line_1_39' title="bbox 238 3333 1287 3402; baseline 0 -17"><span class='ocrx_word' id='word_1_383' title='bbox 238 3348 301 3386; x_wconf 89' lang='lat' dir='ltr'>sunt</span> <span class='ocrx_word' id='word_1_384' title='bbox 314 3347 359 3385; x_wconf 89' lang='lat' dir='ltr'>aut</span> <span class='ocrx_word' id='word_1_385' title='bbox 371 3333 504 3386; x_wconf 86' lang='lat' dir='ltr'>tradidere</span> <span class='ocrx_word' id='word_1_386' title='bbox 517 3345 627 3386; x_wconf 88' lang='lat' dir='ltr'>veteres.</span> <span class='ocrx_word' id='word_1_387' title='bbox 643 3353 668 3385; x_wconf 86' lang='lat' dir='ltr'>v.</span> <span class='ocrx_word' id='word_1_388' title='bbox 682 3334 752 3386; x_wconf 87' lang='lat' dir='ltr'>Serv.</span> <span class='ocrx_word' id='word_1_389' title='bbox 768 3335 802 3386; x_wconf 89' lang='lat' dir='ltr'>ad</span> <span class='ocrx_word' id='word_1_390' title='bbox 815 3335 842 3386; x_wconf 92' lang='lat' dir='ltr'>h.</span> <span class='ocrx_word' id='word_1_391' title='bbox 854 3336 872 3386; x_wconf 90' lang='lat' dir='ltr'>l.</span> <span class='ocrx_word' id='word_1_392' title='bbox 885 3337 911 3402; x_wconf 95' lang='grc'>1,</span> <span class='ocrx_word' id='word_1_393' title='bbox 932 3335 991 3389; x_wconf 86' lang='grc'><strong>533.</strong></span> <span class='ocrx_word' id='word_1_394' title='bbox 1010 3336 1079 3388; x_wconf 88' lang='lat' dir='ltr'>adde</span> <span class='ocrx_word' id='word_1_395' title='bbox 1101 3335 1143 3386; x_wconf 91' lang='lat' dir='ltr'>bis</span> <span class='ocrx_word' id='word_1_396' title='bbox 1159 3335 1287 3388; x_wconf 91' lang='lat' dir='ltr'>Bocharti</span> 
     </span>
     <span class='ocr_line' id='line_1_40' title="bbox 239 3411 1287 3486; baseline 0 -22"><span class='ocrx_word' id='word_1_397' title='bbox 239 3415 344 3464; x_wconf 90' lang='lat' dir='ltr'>somnia</span> <span class='ocrx_word' id='word_1_398' title='bbox 356 3412 482 3476; x_wconf 83' lang='lat' dir='ltr'>(Canaan</span> <span class='ocrx_word' id='word_1_399' title='bbox 493 3413 517 3477; x_wconf 94' lang='grc'>1,</span> <span class='ocrx_word' id='word_1_400' title='bbox 529 3411 585 3483; x_wconf 89' lang='grc'><strong>33).</strong></span> <span class='ocrx_word' id='word_1_401' title='bbox 600 3411 749 3464; x_wconf 89' lang='lat' dir='ltr'>Siculorum</span> <span class='ocrx_word' id='word_1_402' title='bbox 761 3432 850 3484; x_wconf 75' lang='lat' dir='ltr'>regem</span> <span class='ocrx_word' id='word_1_403' title='bbox 872 3414 989 3486; x_wconf 88' lang='lat' dir='ltr'>appellat</span> <span class='ocrx_word' id='word_1_404' title='bbox 1005 3413 1101 3464; x_wconf 90' lang='lat' dir='ltr'>Italum</span> <span class='ocrx_word' id='word_1_405' title='bbox 1113 3416 1195 3465; x_wconf 90' lang='lat' dir='ltr'>etiam</span> <span class='ocrx_word' id='word_1_406' title='bbox 1212 3414 1287 3466; x_wconf 87' lang='lat' dir='ltr'>Thu-</span> 
     </span>
    </p>
   </div>
   <div class='ocr_carea' id='block_1_7' title="bbox 238 3490 1358 3799">
    <p class='ocr_par' dir='ltr' id='par_1_7' title="bbox 238 3490 1358 3799">
     <span class='ocr_line' id='line_1_41' title="bbox 238 3490 1358 3563; baseline -0.001 -21"><span class='ocrx_word' id='word_1_407' title='bbox 238 3491 347 3562; x_wconf 78' lang='lat' dir='ltr'>cydides</span> <span class='ocrx_word' id='word_1_408' title='bbox 359 3493 402 3542; x_wconf 89' lang='lat' dir='ltr'>Vl.</span> <span class='ocrx_word' id='word_1_409' title='bbox 424 3493 457 3542; x_wconf 87' lang='lat' dir='ltr'>cf.</span> <span class='ocrx_word' id='word_1_410' title='bbox 471 3490 575 3542; x_wconf 84' lang='lat' dir='ltr'>Cluver.</span> <span class='ocrx_word' id='word_1_411' title='bbox 595 3490 654 3542; x_wconf 88' lang='lat' dir='ltr'>ltal.</span> <span class='ocrx_word' id='word_1_412' title='bbox 665 3493 695 3557; x_wconf 90' lang='lat'>1,</span> <span class='ocrx_word' id='word_1_413' title='bbox 713 3512 739 3562; x_wconf 87' lang='lat' dir='ltr'>p.</span> <span class='ocrx_word' id='word_1_414' title='bbox 757 3507 788 3542; x_wconf 87' lang='lat'>10</span> <span class='ocrx_word' id='word_1_415' title='bbox 804 3509 881 3562; x_wconf 84' lang='lat' dir='ltr'>sqq.,</span> <span class='ocrx_word' id='word_1_416' title='bbox 901 3495 946 3563; x_wconf 91' lang='lat' dir='ltr'>qui</span> <span class='ocrx_word' id='word_1_417' title='bbox 960 3504 1047 3543; x_wconf 87' lang='lat' dir='ltr'>tamen</span> <span class='ocrx_word' id='word_1_418' title='bbox 1059 3492 1161 3542; x_wconf 83' lang='lat' dir='ltr'>frustra</span> <span class='ocrx_word' id='word_1_419' title='bbox 1172 3504 1287 3544; x_wconf 86' lang='lat' dir='ltr'>conatur</span> <span class='ocrx_word' id='word_1_420' title='bbox 1357 3511 1358 3556; x_wconf 66' lang='lat' dir='ltr'><strong>f</strong></span> 
     </span>
     <span class='ocr_line' id='line_1_42' title="bbox 239 3567 1284 3640; baseline 0.002 -22"><span class='ocrx_word' id='word_1_421' title='bbox 239 3568 361 3634; x_wconf 83' lang='lat' dir='ltr'>efficere,</span> <span class='ocrx_word' id='word_1_422' title='bbox 381 3580 410 3618; x_wconf 86' lang='lat' dir='ltr'>ut</span> <span class='ocrx_word' id='word_1_423' title='bbox 426 3567 507 3619; x_wconf 71' lang='lat' dir='ltr'>ltaliae</span> <span class='ocrx_word' id='word_1_424' title='bbox 523 3587 621 3621; x_wconf 88' lang='lat' dir='ltr'>nornen</span> <span class='ocrx_word' id='word_1_425' title='bbox 639 3567 726 3620; x_wconf 85' lang='lat' dir='ltr'>Latio¹</span> <span class='ocrx_word' id='word_1_426' title='bbox 737 3572 876 3640; x_wconf 89' lang='lat' dir='ltr'>proprium</span> <span class='ocrx_word' id='word_1_427' title='bbox 895 3572 978 3622; x_wconf 81' lang='lat' dir='ltr'>fuisse</span> <span class='ocrx_word' id='word_1_428' title='bbox 997 3567 1126 3619; x_wconf 87' lang='lat' dir='ltr'>videatur.</span> <span class='ocrx_word' id='word_1_429' title='bbox 1145 3568 1284 3633; x_wconf 86' lang='lat' dir='ltr'>Ceterum,</span> 
     </span>
     <span class='ocr_line' id='line_1_43' title="bbox 240 3647 1358 3721; baseline 0.002 -25"><span class='ocrx_word' id='word_1_430' title='bbox 240 3647 314 3716; x_wconf 87' lang='lat' dir='ltr'>quod</span> <span class='ocrx_word' id='word_1_431' title='bbox 332 3649 359 3697; x_wconf 91' lang='lat' dir='ltr'>in</span> <span class='ocrx_word' id='word_1_432' title='bbox 370 3647 502 3699; x_wconf 88' lang='lat' dir='ltr'>Servianis</span> <span class='ocrx_word' id='word_1_433' title='bbox 516 3648 550 3700; x_wconf 82' lang='lat' dir='ltr'>ad</span> <span class='ocrx_word' id='word_1_434' title='bbox 565 3666 589 3698; x_wconf 84' lang='lat' dir='ltr'>v.</span> <span class='ocrx_word' id='word_1_435' title='bbox 605 3648 654 3702; x_wconf 79' lang='lat'>532</span> <span class='ocrx_word' id='word_1_436' title='bbox 668 3649 714 3700; x_wconf 88' lang='lat' dir='ltr'>tib.</span> <span class='ocrx_word' id='word_1_437' title='bbox 728 3652 739 3700; x_wconf 96' lang='grc'><strong>1</strong></span> <span class='ocrx_word' id='word_1_438' title='bbox 759 3649 856 3721; x_wconf 75' lang='lat' dir='ltr'>legitur</span> <span class='ocrx_word' id='word_1_439' title='bbox 867 3673 878 3701; x_wconf 85' lang='lat'>:-</span> <span class='ocrx_word' id='word_1_440' title='bbox 891 3651 1040 3712; x_wconf 88' lang='lat' dir='ltr'>OEnotria,</span> <span class='ocrx_word' id='word_1_441' title='bbox 1062 3659 1093 3698; x_wconf 85' lang='lat' dir='ltr'>ut</span> <span class='ocrx_word' id='word_1_442' title='bbox 1104 3649 1189 3702; x_wconf 84' lang='lat' dir='ltr'>Varro</span> <span class='ocrx_word' id='word_1_443' title='bbox 1202 3650 1283 3712; x_wconf 84' lang='lat' dir='ltr'>dicit,</span> <span class='ocrx_word' id='word_1_444' title='bbox 1357 3653 1358 3692; x_wconf 75' lang='lat' dir='ltr'>i</span> 
     </span>
     <span class='ocr_line' id='line_1_44' title="bbox 238 3725 1358 3799; baseline 0.003 -23"><span class='ocrx_word' id='word_1_445' title='bbox 238 3728 271 3776; x_wconf 87' lang='lat' dir='ltr'>ab</span> <span class='ocrx_word' id='word_1_446' title='bbox 285 3727 403 3780; x_wconf 83' lang='lat' dir='ltr'>OEnotro</span> <span class='ocrx_word' id='word_1_447' title='bbox 414 3767 422 3792; x_wconf 93' lang='lat'>,</span> <span class='ocrx_word' id='word_1_448' title='bbox 434 3729 591 3779; x_wconf 81' lang='lat' dir='ltr'>Sabinorum</span> <span class='ocrx_word' id='word_1_449' title='bbox 600 3744 682 3799; x_wconf 25' lang='lat' dir='ltr'>laps,</span> <span class='ocrx_word' id='word_1_450' title='bbox 700 3729 844 3781; x_wconf 87' lang='lat' dir='ltr'>videndum</span> <span class='ocrx_word' id='word_1_451' title='bbox 862 3743 900 3783; x_wconf 90' lang='lat' dir='ltr'>est</span> <span class='ocrx_word' id='word_1_452' title='bbox 909 3725 925 3792; x_wconf 72' lang='lat'>‚&#39;</span> <span class='ocrx_word' id='word_1_453' title='bbox 937 3749 971 3783; x_wconf 91' lang='lat' dir='ltr'>an</span> <span class='ocrx_word' id='word_1_454' title='bbox 986 3749 1002 3782; x_wconf 90' lang='lat' dir='ltr'>a</span> <span class='ocrx_word' id='word_1_455' title='bbox 1021 3731 1120 3781; x_wconf 88' lang='lat' dir='ltr'>seriore</span> <span class='ocrx_word' id='word_1_456' title='bbox 1139 3748 1221 3780; x_wconf 91' lang='lat' dir='ltr'>manu</span> <span class='ocrx_word' id='word_1_457' title='bbox 1242 3732 1283 3781; x_wconf 90' lang='lat' dir='ltr'>in·</span> <span class='ocrx_word' id='word_1_458' title='bbox 1357 3761 1358 3774; x_wconf 46' lang='grc' dir='ltr'>ι</span> 
     </span>
    </p>
   </div>
   <div class='ocr_carea' id='block_1_8' title="bbox 239 3804 1284 3935">
    <p class='ocr_par' dir='ltr' id='par_1_8' title="bbox 239 3804 1284 3935">
     <span class='ocr_line' id='line_1_45' title="bbox 239 3804 1284 3881; baseline 0.003 -26"><span class='ocrx_word' id='word_1_459' title='bbox 239 3805 373 3856; x_wconf 88' lang='lat' dir='ltr'>culcatum</span> <span class='ocrx_word' id='word_1_460' title='bbox 391 3808 432 3856; x_wconf 82' lang='lat' dir='ltr'>sit.</span> <span class='ocrx_word' id='word_1_461' title='bbox 456 3804 594 3858; x_wconf 87' lang='lat' dir='ltr'>Consentit</span> <span class='ocrx_word' id='word_1_462' title='bbox 610 3809 681 3860; x_wconf 86' lang='lat' dir='ltr'>enim</span> <span class='ocrx_word' id='word_1_463' title='bbox 703 3827 763 3860; x_wconf 91' lang='lat' dir='ltr'>cum</span> <span class='ocrx_word' id='word_1_464' title='bbox 779 3811 827 3876; x_wconf 88' lang='lat' dir='ltr'>iis,</span> <span class='ocrx_word' id='word_1_465' title='bbox 846 3829 903 3880; x_wconf 77' lang='lat' dir='ltr'>qua</span> <span class='ocrx_word' id='word_1_466' title='bbox 923 3829 940 3862; x_wconf 92' lang='lat' dir='ltr'>a</span> <span class='ocrx_word' id='word_1_467' title='bbox 955 3809 1055 3862; x_wconf 89' lang='lat' dir='ltr'>Catone</span> <span class='ocrx_word' id='word_1_468' title='bbox 1073 3809 1198 3860; x_wconf 85' lang='lat' dir='ltr'>Anniano</span> <span class='ocrx_word' id='word_1_469' title='bbox 1220 3828 1246 3881; x_wconf 90' lang='lat' dir='ltr'>p.</span> <span class='ocrx_word' id='word_1_470' title='bbox 1267 3807 1284 3858; x_wconf 86' lang='grc'>6</span> 
     </span>
     <span class='ocr_line' id='line_1_46' title="bbox 239 3883 388 3935; baseline 0 -1"><span class='ocrx_word' id='word_1_471' title='bbox 239 3883 388 3935; x_wconf 87' lang='lat' dir='ltr'>traduntur.</span> 
     </span>
    </p>
   </div>
   <div class='ocr_carea' id='block_1_9' title="bbox 0 0 1376 4586">
    <p class='ocr_par' dir='ltr' id='par_1_9' title="bbox 0 0 1376 4586">
     <span class='ocr_line' id='line_1_47' title="bbox 0 0 1376 4586; baseline 0 1"><span class='ocrx_word' id='word_1_472' title='bbox 0 0 1376 4586; x_wconf 95' lang='lat' dir='ltr'> </span> 
     </span>
    </p>
   </div>
  </div>
 </body>
</html>
