2694 4574
89 265 92 276 ’
161 303 225 372 nn
248 283 468 374 ciamus
490 311 633 377 arico
655 313 958 389 VIRGILIANO.
1035 321 1075 387 sa

51 421 133 492 tione
151 453 343 520 expressum
359 457 434 497 eum
450 432 568 498 dicturi
589 436 674 500 sint?
692 439 766 501 Nou
783 418 843 526 ego
857 439 891 504 is
912 417 999 520 sm,
1020 444 1078 530 qui
1158 451 1161 458 “

51 555 131 598 caeco
149 536 262 626 aliquo
282 556 389 626 poetae
403 541 472 604 mei
488 563 598 606 amore
619 541 701 606 nihil
715 543 756 606 ab
771 566 811 607 eo
825 563 996 632 peccatum
1007 569 1078 612 esse

51 642 247 708 contendere
267 645 377 708 velim.
398 645 507 710 Iliadis
526 665 754 734 argumentum
777 650 957 715 feliciorem
980 668 1080 716 mate-

52 747 127 809 riam
141 765 175 812 et
188 750 289 836 epicae
309 751 472 837 gravitatis
495 750 583 818 haud
602 752 712 840 paullo
730 755 804 843 plus
827 754 948 820 habere
963 758 989 820 si
1007 743 1080 844 quis
1124 841 1125 846 η

9 835 12 918 i
52 849 175 933 dixerit,
192 877 246 918 me
265 854 365 920 babet
387 857 632 944 assentientem
657 874 690 921 et
714 858 860 924 delector
881 863 950 948 ipse
974 861 1081 927 multo
1173 890 1186 910 ³

52 959 147 1044 magis
163 957 303 1024 Homeri
317 962 458 1027 lectione
476 986 575 1050 quam
587 963 730 1050 Virgilii3
747 984 860 1052 regnat
878 967 911 1030 in
928 968 1081 1032 Homeri-

53 1063 94 1126 cis
108 1062 264 1130 heroibus
280 1068 434 1130 naturalis
445 1067 575 1132 habitus
590 1085 623 1130 et
634 1069 789 1149 affectus,
802 1053 901 1133 animi
919 1073 1079 1159 impetuS‚

52 1167 172 1256 injuriae
181 1188 325 1258 acceptae
335 1195 465 1254 sensus,
479 1173 609 1262 qualern
622 1189 654 1237 et
666 1174 734 1261 ipse
744 1173 866 1256 babeo,
879 1175 1082 1241 desiderium
1126 1248 1131 1257 ,
1145 1193 1150 1202 ·

54 1273 170 1339 reditus
183 1275 226 1340 ad
239 1279 352 1356 Lares,
369 1278 464 1367 quale
477 1280 545 1367 ipse
559 1280 710 1358 sentiam3
725 1281 759 1343 in
769 1263 991 1346 AEneide'sunt
1003 1305 1083 1347 con-

53 1379 118 1444 siba
130 1380 173 1446 de
187 1383 282 1446 novis
297 1382 434 1448 sedibus
443 1385 477 1447 in
489 1402 574 1448 terra
590 1386 700 1472 ignota
711 1383 877 1472 parandis3
892 1386 974 1449 nihil
992 1388 1084 1475 quod

52 1507 247 1573 magnopere
267 1488 415 1552 animum
430 1489 576 1576 impellat
589 1506 620 1552 et
634 1490 803 1577 percutiat.
819 1491 995 1554 Enimvero
1016 1515 1085 1556 non

53 1593 157 1654 omnia
171 1593 316 1656 carmina
331 1594 422 1681 epica
436 1617 476 1658 ex
494 1603 561 1659 uno
584 1610 616 1657 et
634 1595 751 1658 eodem
765 1617 884 1680 genere
903 1594 1085 1683 procedere

52 1714 203 1782 possunt;
218 1715 294 1785 post
307 1699 441 1763 Achillis
453 1715 563 1762 autem
577 1701 639 1764 iras
653 1717 684 1762 et
697 1699 820 1787 Ulyssis
839 1699 881 1763 in'
892 1723 926 1764 se
945 1723 985 1764 ex
1003 1703 1084 1766 casi-

52 1801 154 1868 buset
166 1804 322 1890 periculis
338 1804 473 1893 objectis
490 1803 696 1891 expediendo
709 1796 900 1890 sapientiam
914 1829 973 1870 seu
989 1808 1085 1870 vafri·

52 1909 141 1987 tiam,
159 1930 234 1997 quae
247 1927 279 1972 et
290 1911 405 1996 priseae
417 1911 503 1974 aetati
515 1927 548 1973 et
560 1911 653 1997 epico
663 1910 798 1973 carmini
809 1911 1086 1978 accommodatior

53 2031 131 2092 erat,
148 2037 249 2102 quam
263 2015 436 2101 sapientia,
455 2038 532 2080 cum
542 2014 734 2080 variandum
751 2032 783 2079 et
797 2016 986 2081 novandum
1001 2034 1089 2083 esset
1160 2098 1164 2106 Ι

52 2118 174 2208 aliquid
187 2137 311 2206 poetar,
327 2120 443 2209 quidni
457 2123 566 2184 AEneae
578 2123 749 2194 uirtutem,
766 2143 865 2206 quam
879 2143 955 2185 cum
969 2124 1087 2186 ceteris

4 2247 5 2254 ¹
51 2223 209 2289 heroibus
223 2249 432 2292 communem
444 2225 557 2304 habet,
563 2222 757 2309 firmitudine
766 2225 872 2286 antini
884 2227 919 2287 in
925 2226 1087 2310 perferen·

51 2329 103 2394 dis
115 2331 349 2396 calamitatibus
363 2348 395 2395 et
406 2330 554 2421 obsequio
563 2353 639 2418 erga
651 2327 727 2393 deos
738 2331 955 2416 temperaret?
964 2328 1013 2393 Ad
1024 2329 1089 2396 hoe

53 2436 214 2522 cumipse
229 2438 394 2501 Homerus
409 2436 501 2501 Iliad.
515 2449 551 2503 t,
574 2436 646 2523 298.
664 2434 745 2518 (ubi
761 2437 934 2523 Neptunus
953 2439 1089 2500 AEneam

52 2558 217 2606 servatum
232 2565 302 2607 esse
316 2543 407 2605 vult:
429 2538 609 2620 nixam-pira
625 2536 654 2596 θ’
668 2537 720 2596 aiei
735 2535 806 2619 >ipa
821 2540 905 2597 state
921 2535 1030 2607 dt'dorc,
1046 2536 1090 2598 toi

53 2641 157 2726 ,ὁμιὸι
172 2643 244 2727 εύρὼ
256 2635 382 2732 ἵχουσιν)
400 2665 471 2712 tum
489 2647 559 2734 ipsa
579 2669 690 2716 rerum
708 2668 746 2709 ac
762 2661 947 2733 temporum
966 2661 1091 2710 mutata
1156 2659 1163 2676 ’

51 2755 133 2817 ratio
145 2751 302 2832 ducebat,
319 2771 351 2817 et
370 2776 421 2832 ea,
443 2776 516 2841 quae
535 2751 577 2816 de
593 2754 702 2815 AEneae
721 2751 931 2816 erroribus'et
944 2751 1090 2816 adventu

53 2857 84 2920 in
99 2857 233 2921 Latium
244 2857 362 2924 tradita
373 2882 392 2921 a
404 2857 627 2946 superioribus
641 2856 746 2944 poetis
764 2872 868 2936 erant,
882 2855 1089 2921 revocabant.
1140 2882 1142 2886 ·

52 2963 188 3033 Monilia
207 2961 341 3027 denum
363 2979 396 3026 et
414 2963 552 3027 oraculis
575 2962 684 3026 omnia
704 2960 745 3024 ab
767 2964 866 3024 AEnea
887 2977 1037 3049 suscepta
1059 2979 1092 3026 et

54 3069 220 3147 confecta,
243 3071 380 3132 Penates
404 3085 436 3132 et
455 3090 545 3132 sacra
567 3067 671 3153 patria
692 3064 733 3128 ab
759 3088 799 3128 eo
821 3067 854 3129 in
875 3088 976 3130 novas
995 3065 1090 3130 sedes

52 3173 154 3253 illata,
170 3190 359 3238 narraverat
374 3174 549 3261 antiquitas
560 3174 571 3256 (
582 3195 612 3236 v.
630 3170 773 3258 Disquis.
788 3172 858 3254 11);
881 3170 961 3258 quid
980 3171 1091 3257 itaque

52 3279 155 3366 magis
167 3280 218 3342 rei
228 3295 501 3357 consentaneum,
517 3299 617 3366 quam
627 3292 664 3340 ut
678 3276 775 3340 heros
790 3277 921 3364 insignis
928 3278 1052 3361 pietate
1060 3291 1094 3340 et

51 3387 204 3474 religione
217 3377 447 3449 exhiberetur?
460 3386 575 3472 Neque
588 3405 667 3446 vero
684 3404 752 3445 non
768 3379 880 3445 videre
895 3379 1009 3445 debuit
1021 3397 1092 3446 tan·

52 3507 104 3555 tus
117 3507 231 3579 poeta,
252 3490 294 3554 ad
311 3512 422 3553 rerum
437 3488 697 3576 magnitudinem
714 3504 746 3550 et
764 3502 934 3574 augustam
948 3487 1092 3575 aliquam

52 3595 248 3684 dignitatern
264 3595 431 3683 religiosas
445 3618 511 3674 res,
528 3616 655 3659 caussas
670 3610 703 3656 et
717 3592 852 3658 consilia
864 3594 1013 3657 eximiam
1024 3594 1093 3658 vim

52 3700 184 3767 babere.
204 3704 323 3790 Itaque
334 3700 399 3766 hoc
412 3699 546 3789 quidem
562 3715 717 3788 tanquam
734 3720 845 3763 rerum
864 3697 995 3762 cardine
1016 3719 1094 3785 prae·

52 3806 136 3873 clare
150 3823 203 3874 est
217 3829 313 3888 usus,
330 3823 367 3871 ut
381 3805 647 3894 praedictionibus
665 3804 761 3869 variis
778 3805 904 3872 animos
917 3826 975 3892 spe
992 3821 1026 3868 et
1039 3826 1091 3869 ex-

117 3932 145 3968 a.
527 3908 530 3912 ’
900 3909 920 3961 3-
