<?xml version="1.0" encoding="UTF-8"?>
<!DOCTYPE html PUBLIC "-//W3C//DTD XHTML 1.0 Transitional//EN"
    "http://www.w3.org/TR/xhtml1/DTD/xhtml1-transitional.dtd">
<html xmlns="http://www.w3.org/1999/xhtml" xml:lang="en" lang="en">
 <head>
  <title>
</title>
<meta http-equiv="Content-Type" content="text/html;charset=utf-8" />
  <meta name='ocr-system' content='tesseract 3.04.00' />
  <meta name='ocr-capabilities' content='ocr_page ocr_carea ocr_par ocr_line ocrx_word'/>
</head>
<body>
  <div class='ocr_page' id='page_1' title='image "./pvirgiliusmaroq00barbgoog_0081.png"; bbox 0 0 2694 4574; ppageno 0'>
   <div class='ocr_carea' id='block_1_1' title="bbox 359 256 815 340">
    <p class='ocr_par' dir='ltr' id='par_1_1' title="bbox 359 256 815 340">
     <span class='ocr_line' id='line_1_1' title="bbox 359 256 815 340; baseline 0.004 -17"><span class='ocrx_word' id='word_1_1' title='bbox 359 256 591 325; x_wconf 76' lang='lat' dir='ltr'><strong>nusi-uos</strong></span> <span class='ocrx_word' id='word_1_2' title='bbox 615 261 767 340; x_wconf 75' lang='lat' dir='ltr'><strong>tinen</strong></span> <span class='ocrx_word' id='word_1_3' title='bbox 790 263 815 325; x_wconf 87' lang='lat'><strong>1.</strong></span> 
     </span>
    </p>
   </div>
   <div class='ocr_carea' id='block_1_2' title="bbox 8 381 982 1092">
    <p class='ocr_par' dir='ltr' id='par_1_2' title="bbox 8 381 982 1092">
     <span class='ocr_line' id='line_1_2' title="bbox 113 381 973 470; baseline 0.006 -23"><span class='ocrx_word' id='word_1_4' title='bbox 113 381 210 448; x_wconf 83' lang='lat' dir='ltr'><strong>Talia</strong></span> <span class='ocrx_word' id='word_1_5' title='bbox 221 383 390 448; x_wconf 84' lang='lat' dir='ltr'><strong>flammato</strong></span> <span class='ocrx_word' id='word_1_6' title='bbox 402 407 514 450; x_wconf 88' lang='lat' dir='ltr'><strong>seeum</strong></span> <span class='ocrx_word' id='word_1_7' title='bbox 526 385 588 450; x_wconf 85' lang='lat' dir='ltr'><strong>dea</strong></span> <span class='ocrx_word' id='word_1_8' title='bbox 599 388 698 452; x_wconf 89' lang='lat' dir='ltr'><strong>corde</strong></span> <span class='ocrx_word' id='word_1_9' title='bbox 710 389 880 467; x_wconf 73' lang='lat' dir='ltr'><strong>volutans,</strong></span> <span class='ocrx_word' id='word_1_10' title='bbox 970 459 973 470; x_wconf 30' lang='lat'>¹</span> 
     </span>
     <span class='ocr_line' id='line_1_3' title="bbox 68 493 982 580; baseline 0.002 -24"><span class='ocrx_word' id='word_1_11' title='bbox 68 493 270 556; x_wconf 81' lang='lat' dir='ltr'><strong>Nimborum</strong></span> <span class='ocrx_word' id='word_1_12' title='bbox 282 493 317 556; x_wconf 91' lang='lat' dir='ltr'><strong>in</strong></span> <span class='ocrx_word' id='word_1_13' title='bbox 328 493 480 580; x_wconf 84' lang='lat' dir='ltr'><strong>patriam,</strong></span> <span class='ocrx_word' id='word_1_14' title='bbox 494 495 566 558; x_wconf 85' lang='lat' dir='ltr'><strong>loca</strong></span> <span class='ocrx_word' id='word_1_15' title='bbox 577 495 643 558; x_wconf 85' lang='lat' dir='ltr'><strong>feta-</strong></span> <span class='ocrx_word' id='word_1_16' title='bbox 654 495 838 559; x_wconf 85' lang='lat' dir='ltr'><strong>furentibus</strong></span> <span class='ocrx_word' id='word_1_17' title='bbox 849 495 982 574; x_wconf 82' lang='lat' dir='ltr'><strong>austris,</strong></span> 
     </span>
     <span class='ocr_line' id='line_1_4' title="bbox 8 579 802 700; baseline 0.005 -38"><span class='ocrx_word' id='word_1_18' title='bbox 8 663 11 700; x_wconf 42' lang='grc' dir='ltr'><strong>,Ι</strong></span> <span class='ocrx_word' id='word_1_19' title='bbox 70 600 213 662; x_wconf 85' lang='lat' dir='ltr'><strong>AEoliam</strong></span> <span class='ocrx_word' id='word_1_20' title='bbox 224 579 325 663; x_wconf 69' lang='lat' dir='ltr'><strong>renit.</strong></span> <span class='ocrx_word' id='word_1_21' title='bbox 340 599 403 663; x_wconf 91' lang='lat' dir='ltr'><strong>Hic</strong></span> <span class='ocrx_word' id='word_1_22' title='bbox 414 617 506 663; x_wconf 82' lang='lat' dir='ltr'><strong>vasto</strong></span> <span class='ocrx_word' id='word_1_23' title='bbox 518 623 575 664; x_wconf 87' lang='lat' dir='ltr'><strong>rex</strong></span> <span class='ocrx_word' id='word_1_24' title='bbox 586 601 696 664; x_wconf 85' lang='lat' dir='ltr'><strong>AEolus</strong></span> <span class='ocrx_word' id='word_1_25' title='bbox 708 618 802 666; x_wconf 82' lang='lat' dir='ltr'><strong>antro</strong></span> 
     </span>
     <span class='ocr_line' id='line_1_5' title="bbox 8 707 806 796; baseline 0.003 -26"><span class='ocrx_word' id='word_1_26' title='bbox 8 707 9 730; x_wconf 65' lang='lat'>¹</span> <span class='ocrx_word' id='word_1_27' title='bbox 71 708 243 771; x_wconf 85' lang='lat' dir='ltr'><strong>Luctantis</strong></span> <span class='ocrx_word' id='word_1_28' title='bbox 254 723 372 771; x_wconf 87' lang='lat' dir='ltr'><strong>ventos</strong></span> <span class='ocrx_word' id='word_1_29' title='bbox 384 723 659 796; x_wconf 80' lang='lat' dir='ltr'><strong>tempestatesque</strong></span> <span class='ocrx_word' id='word_1_30' title='bbox 672 731 806 773; x_wconf 83' lang='lat' dir='ltr'><strong>sonores</strong></span> 
     </span>
     <span class='ocr_line' id='line_1_6' title="bbox 8 813 858 906; baseline 0.006 -33"><span class='ocrx_word' id='word_1_31' title='bbox 8 893 9 906; x_wconf 11' lang='grc' dir='ltr'>χ</span> <span class='ocrx_word' id='word_1_32' title='bbox 72 813 219 899; x_wconf 82' lang='lat' dir='ltr'><strong>imperio</strong></span> <span class='ocrx_word' id='word_1_33' title='bbox 230 813 366 900; x_wconf 85' lang='lat' dir='ltr'><strong>premit,</strong></span> <span class='ocrx_word' id='word_1_34' title='bbox 380 837 418 878; x_wconf 85' lang='lat' dir='ltr'><strong>ae</strong></span> <span class='ocrx_word' id='word_1_35' title='bbox 430 813 545 878; x_wconf 91' lang='lat' dir='ltr'><strong>vinclis</strong></span> <span class='ocrx_word' id='word_1_36' title='bbox 558 829 590 877; x_wconf 89' lang='lat' dir='ltr'><strong>et</strong></span> <span class='ocrx_word' id='word_1_37' title='bbox 602 837 731 878; x_wconf 85' lang='lat' dir='ltr'><strong>carcere</strong></span> <span class='ocrx_word' id='word_1_38' title='bbox 743 816 858 880; x_wconf 85' lang='lat' dir='ltr'><strong>frenat.</strong></span> 
     </span>
     <span class='ocr_line' id='line_1_7' title="bbox 74 917 882 1008; baseline 0.002 -28"><span class='ocrx_word' id='word_1_39' title='bbox 74 917 125 980; x_wconf 95' lang='lat' dir='ltr'><strong>llli</strong></span> <span class='ocrx_word' id='word_1_40' title='bbox 138 917 351 1008; x_wconf 76' lang='lat' dir='ltr'><strong>indignantes</strong></span> <span class='ocrx_word' id='word_1_41' title='bbox 361 941 481 1006; x_wconf 78' lang='lat' dir='ltr'><strong>magno</strong></span> <span class='ocrx_word' id='word_1_42' title='bbox 494 941 570 984; x_wconf 88' lang='lat' dir='ltr'><strong>cum</strong></span> <span class='ocrx_word' id='word_1_43' title='bbox 581 942 750 984; x_wconf 91' lang='lat' dir='ltr'><strong>murmure</strong></span> <span class='ocrx_word' id='word_1_44' title='bbox 762 920 882 1008; x_wconf 89' lang='lat' dir='ltr'><strong>montis</strong></span> 
     </span>
     <span class='ocr_line' id='line_1_8' title="bbox 74 1025 949 1092; baseline 0.002 -4"><span class='ocrx_word' id='word_1_45' title='bbox 74 1025 207 1091; x_wconf 87' lang='lat' dir='ltr'><strong>Circum</strong></span> <span class='ocrx_word' id='word_1_46' title='bbox 220 1027 361 1091; x_wconf 80' lang='lat' dir='ltr'><strong>claustra</strong></span> <span class='ocrx_word' id='word_1_47' title='bbox 373 1028 527 1090; x_wconf 87' lang='lat' dir='ltr'><strong>fremunt.</strong></span> <span class='ocrx_word' id='word_1_48' title='bbox 543 1028 634 1092; x_wconf 83' lang='lat' dir='ltr'><strong>Celso</strong></span> <span class='ocrx_word' id='word_1_49' title='bbox 647 1027 740 1092; x_wconf 87' lang='lat' dir='ltr'><strong>sedet</strong></span> <span class='ocrx_word' id='word_1_50' title='bbox 751 1029 862 1092; x_wconf 87' lang='lat' dir='ltr'><strong>AEolus</strong></span> <span class='ocrx_word' id='word_1_51' title='bbox 876 1050 949 1092; x_wconf 84' lang='lat' dir='ltr'><strong>arce</strong></span> 
     </span>
    </p>
   </div>
   <div class='ocr_carea' id='block_1_3' title="bbox 8 1214 1115 1490">
    <p class='ocr_par' dir='ltr' id='par_1_3' title="bbox 8 1214 1115 1284">
     <span class='ocr_line' id='line_1_9' title="bbox 8 1214 1115 1284; baseline 0.002 -24"><span class='ocrx_word' id='word_1_52' title='bbox 8 1271 10 1284; x_wconf 84' lang='lat'><em>.</em></span> <span class='ocrx_word' id='word_1_53' title='bbox 100 1215 137 1260; x_wconf 80' lang='lat'><strong>51.</strong></span> <span class='ocrx_word' id='word_1_54' title='bbox 148 1214 198 1261; x_wconf 77' lang='lat' dir='ltr'><strong>locu</strong></span> <span class='ocrx_word' id='word_1_55' title='bbox 209 1215 276 1278; x_wconf 84' lang='lat' dir='ltr'><strong>plena</strong></span> <span class='ocrx_word' id='word_1_56' title='bbox 288 1216 355 1262; x_wconf 88' lang='lat' dir='ltr'><strong>Leid.</strong></span> <span class='ocrx_word' id='word_1_57' title='bbox 367 1232 428 1262; x_wconf 89' lang='lat' dir='ltr'><strong>unus</strong></span> <span class='ocrx_word' id='word_1_58' title='bbox 438 1233 465 1262; x_wconf 83' lang='lat' dir='ltr'><strong>ex</strong></span> <span class='ocrx_word' id='word_1_59' title='bbox 476 1219 574 1278; x_wconf 82' lang='lat' dir='ltr'><strong>interpr.</strong></span> <span class='ocrx_word' id='word_1_60' title='bbox 584 1218 670 1262; x_wconf 82' lang='lat' dir='ltr'><strong>Lotum</strong></span> <span class='ocrx_word' id='word_1_61' title='bbox 683 1229 736 1264; x_wconf 82' lang='lat' dir='ltr'><strong>ante</strong></span> <span class='ocrx_word' id='word_1_62' title='bbox 746 1217 826 1264; x_wconf 88' lang='lat' dir='ltr'><strong>oculos</strong></span> <span class='ocrx_word' id='word_1_63' title='bbox 837 1217 908 1263; x_wconf 87' lang='lat' dir='ltr'><strong>habet</strong></span> <span class='ocrx_word' id='word_1_64' title='bbox 919 1230 942 1263; x_wconf 89' lang='lat' dir='ltr'><strong>et</strong></span> <span class='ocrx_word' id='word_1_65' title='bbox 958 1231 1035 1264; x_wconf 85' lang='lat' dir='ltr'><strong>versus</strong></span> <span class='ocrx_word' id='word_1_66' title='bbox 1045 1233 1072 1262; x_wconf 88' lang='lat' dir='ltr'><strong>ex</strong></span> <span class='ocrx_word' id='word_1_67' title='bbox 1086 1232 1115 1262; x_wconf 92' lang='lat' dir='ltr'><strong>eo</strong></span> 
     </span>
    </p>

    <p class='ocr_par' dir='ltr' id='par_1_4' title="bbox 8 1285 1114 1490">
     <span class='ocr_line' id='line_1_10' title="bbox 8 1285 1114 1344; baseline 0.003 -16"><span class='ocrx_word' id='word_1_68' title='bbox 8 1289 9 1296; x_wconf 76' lang='grc'>’</span> <span class='ocrx_word' id='word_1_69' title='bbox 70 1285 154 1344; x_wconf 87' lang='lat' dir='ltr'><strong>repetit</strong></span> <span class='ocrx_word' id='word_1_70' title='bbox 164 1287 253 1330; x_wconf 86' lang='lat' dir='ltr'><strong>Seneca</strong></span> <span class='ocrx_word' id='word_1_71' title='bbox 269 1286 316 1344; x_wconf 90' lang='lat' dir='ltr'><strong>Qu.</strong></span> <span class='ocrx_word' id='word_1_72' title='bbox 334 1286 386 1330; x_wconf 80' lang='lat' dir='ltr'><strong>Nat.</strong></span> <span class='ocrx_word' id='word_1_73' title='bbox 397 1287 440 1340; x_wconf 91' lang='lat' dir='ltr'><strong>Vl,</strong></span> <span class='ocrx_word' id='word_1_74' title='bbox 454 1285 489 1331; x_wconf 80' lang='lat'><strong>18.</strong></span> <span class='ocrx_word' id='word_1_75' title='bbox 499 1311 529 1321; x_wconf 89' lang='lat'>-</span> <span class='ocrx_word' id='word_1_76' title='bbox 540 1286 576 1332; x_wconf 82' lang='lat'><strong>53.</strong></span> <span class='ocrx_word' id='word_1_77' title='bbox 588 1285 683 1333; x_wconf 84' lang='lat' dir='ltr'><strong>luctatos</strong></span> <span class='ocrx_word' id='word_1_78' title='bbox 691 1288 752 1333; x_wconf 78' lang='lat' dir='ltr'><strong>sud.</strong></span> <span class='ocrx_word' id='word_1_79' title='bbox 765 1313 796 1324; x_wconf 91' lang='lat'><strong>--</strong></span> <span class='ocrx_word' id='word_1_80' title='bbox 806 1286 843 1342; x_wconf 75' lang='grc'><strong>54.</strong></span> <span class='ocrx_word' id='word_1_81' title='bbox 860 1297 882 1332; x_wconf 89' lang='lat' dir='ltr'><strong>et</strong></span> <span class='ocrx_word' id='word_1_82' title='bbox 894 1305 916 1331; x_wconf 90' lang='grc' dir='ltr'><strong>υ.</strong></span> <span class='ocrx_word' id='word_1_83' title='bbox 928 1288 1016 1332; x_wconf 84' lang='lat' dir='ltr'><strong>Nonius</strong></span> <span class='ocrx_word' id='word_1_84' title='bbox 1030 1299 1052 1332; x_wconf 91' lang='lat' dir='ltr'><strong>et</strong></span> <span class='ocrx_word' id='word_1_85' title='bbox 1067 1286 1114 1331; x_wconf 91' lang='lat' dir='ltr'><strong>duo</strong></span> 
     </span>
     <span class='ocr_line' id='line_1_11' title="bbox 69 1354 1114 1404; baseline 0.003 -7"><span class='ocrx_word' id='word_1_86' title='bbox 69 1354 146 1398; x_wconf 85' lang='lat' dir='ltr'><strong>Burm.</strong></span> <span class='ocrx_word' id='word_1_87' title='bbox 153 1379 186 1388; x_wconf 89' lang='lat'><strong>-·</strong></span> <span class='ocrx_word' id='word_1_88' title='bbox 194 1355 231 1399; x_wconf 87' lang='lat'><strong>55.</strong></span> <span class='ocrx_word' id='word_1_89' title='bbox 239 1365 304 1401; x_wconf 81' lang='lat' dir='ltr'><strong>vasto</strong></span> <span class='ocrx_word' id='word_1_90' title='bbox 312 1371 364 1400; x_wconf 86' lang='lat' dir='ltr'><strong>cum</strong></span> <span class='ocrx_word' id='word_1_91' title='bbox 373 1371 402 1400; x_wconf 89' lang='lat' dir='ltr'><strong>m.</strong></span> <span class='ocrx_word' id='word_1_92' title='bbox 413 1355 511 1401; x_wconf 85' lang='lat' dir='ltr'><strong>Oudart.</strong></span> <span class='ocrx_word' id='word_1_93' title='bbox 521 1367 544 1401; x_wconf 93' lang='lat' dir='ltr'><strong>et</strong></span> <span class='ocrx_word' id='word_1_94' title='bbox 553 1357 618 1402; x_wconf 89' lang='lat' dir='ltr'><strong>Leid.</strong></span> <span class='ocrx_word' id='word_1_95' title='bbox 630 1357 721 1403; x_wconf 77' lang='lat' dir='ltr'><strong>solenni</strong></span> <span class='ocrx_word' id='word_1_96' title='bbox 730 1361 809 1404; x_wconf 79' lang='lat' dir='ltr'><strong>variat.</strong></span> <span class='ocrx_word' id='word_1_97' title='bbox 819 1384 850 1393; x_wconf 89' lang='lat'>—</span> <span class='ocrx_word' id='word_1_98' title='bbox 858 1357 896 1404; x_wconf 80' lang='lat'><strong>56.</strong></span> <span class='ocrx_word' id='word_1_99' title='bbox 905 1361 990 1402; x_wconf 85' lang='lat' dir='ltr'><strong>circum</strong></span> <span class='ocrx_word' id='word_1_100' title='bbox 998 1357 1077 1402; x_wconf 83' lang='lat' dir='ltr'><strong>Heius.</strong></span> <span class='ocrx_word' id='word_1_101' title='bbox 1086 1371 1114 1401; x_wconf 80' lang='lat' dir='ltr'><strong>ex</strong></span> 
     </span>
     <span class='ocr_line' id='line_1_12' title="bbox 69 1425 1082 1490; baseline 0.002 -23"><span class='ocrx_word' id='word_1_102' title='bbox 69 1425 162 1484; x_wconf 85' lang='lat' dir='ltr'><strong>scriptis</strong></span> <span class='ocrx_word' id='word_1_103' title='bbox 176 1425 294 1470; x_wconf 90' lang='lat' dir='ltr'><strong>omnibus.</strong></span> <span class='ocrx_word' id='word_1_104' title='bbox 310 1425 395 1488; x_wconf 80' lang='lat' dir='ltr'><strong>vulgo:</strong></span> <span class='ocrx_word' id='word_1_105' title='bbox 413 1430 481 1472; x_wconf 81' lang='lat' dir='ltr'><strong>circa.</strong></span> <span class='ocrx_word' id='word_1_106' title='bbox 498 1430 583 1472; x_wconf 82' lang='lat' dir='ltr'><strong>circum</strong></span> <span class='ocrx_word' id='word_1_107' title='bbox 597 1429 770 1490; x_wconf 34' lang='lat' dir='ltr'><strong>castra-Hamis.</strong></span> <span class='ocrx_word' id='word_1_108' title='bbox 787 1444 832 1474; x_wconf 84' lang='lat' dir='ltr'><strong>sec.</strong></span> <span class='ocrx_word' id='word_1_109' title='bbox 845 1428 928 1490; x_wconf 84' lang='lat' dir='ltr'><strong>ferunt</strong></span> <span class='ocrx_word' id='word_1_110' title='bbox 938 1429 1030 1488; x_wconf 70' lang='lat' dir='ltr'><strong>Menaq.</strong></span> <span class='ocrx_word' id='word_1_111' title='bbox 1046 1443 1082 1487; x_wconf 91' lang='lat' dir='ltr'><strong>pr.</strong></span> 
     </span>
    </p>
   </div>
   <div class='ocr_carea' id='block_1_4' title="bbox 8 1581 574 4018">
    <p class='ocr_par' dir='ltr' id='par_1_5' title="bbox 8 1581 570 2665">
     <span class='ocr_line' id='line_1_13' title="bbox 69 1581 569 1654; baseline 0.012 -26"><span class='ocrx_word' id='word_1_112' title='bbox 69 1593 130 1649; x_wconf 88' lang='lat' dir='ltr'><strong>post</strong></span> <span class='ocrx_word' id='word_1_113' title='bbox 149 1581 227 1645; x_wconf 81' lang='lat' dir='ltr'><strong>talia,</strong></span> <span class='ocrx_word' id='word_1_114' title='bbox 245 1585 273 1633; x_wconf 90' lang='lat' dir='ltr'><strong>in</strong></span> <span class='ocrx_word' id='word_1_115' title='bbox 292 1595 441 1654; x_wconf 81' lang='lat' dir='ltr'><strong>posterum3</strong></span> <span class='ocrx_word' id='word_1_116' title='bbox 455 1597 494 1636; x_wconf 88' lang='lat' dir='ltr'><strong>est</strong></span> <span class='ocrx_word' id='word_1_117' title='bbox 515 1587 569 1636; x_wconf 91' lang='lat' dir='ltr'><strong>Ho-</strong></span> 
     </span>
     <span class='ocr_line' id='line_1_14' title="bbox 8 1661 569 1738; baseline 0.014 -31"><span class='ocrx_word' id='word_1_118' title='bbox 8 1723 10 1738; x_wconf 69' lang='lat'><strong>,</strong></span> <span class='ocrx_word' id='word_1_119' title='bbox 68 1661 198 1710; x_wconf 77' lang='lat' dir='ltr'><strong>merirum</strong></span> <span class='ocrx_word' id='word_1_120' title='bbox 222 1662 313 1712; x_wconf 70' lang='lat' dir='ltr'><strong>intres.</strong></span> <span class='ocrx_word' id='word_1_121' title='bbox 338 1662 436 1727; x_wconf 81' lang='lat' dir='ltr'><strong>honos,</strong></span> <span class='ocrx_word' id='word_1_122' title='bbox 461 1664 569 1715; x_wconf 86' lang='lat' dir='ltr'><strong>solenne</strong></span> 
     </span>
     <span class='ocr_line' id='line_1_15' title="bbox 68 1739 570 1807; baseline 0.012 -20"><span class='ocrx_word' id='word_1_123' title='bbox 68 1750 210 1806; x_wconf 87' lang='lat' dir='ltr'><strong>poetarum</strong></span> <span class='ocrx_word' id='word_1_124' title='bbox 222 1740 256 1790; x_wconf 87' lang='lat' dir='ltr'><strong>de</strong></span> <span class='ocrx_word' id='word_1_125' title='bbox 268 1739 418 1807; x_wconf 85' lang='lat' dir='ltr'><strong>sacrificiis,</strong></span> <span class='ocrx_word' id='word_1_126' title='bbox 432 1742 570 1794; x_wconf 86' lang='lat' dir='ltr'><strong>libationi-</strong></span> 
     </span>
     <span class='ocr_line' id='line_1_16' title="bbox 68 1817 570 1887; baseline 0.012 -20"><span class='ocrx_word' id='word_1_127' title='bbox 68 1817 116 1867; x_wconf 88' lang='lat' dir='ltr'><strong>bus</strong></span> <span class='ocrx_word' id='word_1_128' title='bbox 131 1831 181 1870; x_wconf 82' lang='lat' dir='ltr'><strong>etc.</strong></span> <span class='ocrx_word' id='word_1_129' title='bbox 200 1836 258 1887; x_wconf 84' lang='lat' dir='ltr'><strong>quae</strong></span> <span class='ocrx_word' id='word_1_130' title='bbox 272 1821 301 1870; x_wconf 94' lang='lat' dir='ltr'><strong>in</strong></span> <span class='ocrx_word' id='word_1_131' title='bbox 317 1820 429 1871; x_wconf 90' lang='lat' dir='ltr'><strong>deornm</strong></span> <span class='ocrx_word' id='word_1_132' title='bbox 439 1822 570 1873; x_wconf 87' lang='lat' dir='ltr'><strong>honorem</strong></span> 
     </span>
     <span class='ocr_line' id='line_1_17' title="bbox 69 1899 565 1970; baseline 0.006 -22"><span class='ocrx_word' id='word_1_133' title='bbox 69 1899 150 1960; x_wconf 86' lang='lat' dir='ltr'><strong>fiunt,</strong></span> <span class='ocrx_word' id='word_1_134' title='bbox 165 1899 334 1970; x_wconf 58' lang='lat' dir='ltr'><strong>aliqunntum</strong></span> <span class='ocrx_word' id='word_1_135' title='bbox 349 1914 457 1953; x_wconf 88' lang='lat' dir='ltr'><strong>ornatus</strong></span> <span class='ocrx_word' id='word_1_136' title='bbox 475 1902 565 1954; x_wconf 87' lang='lat' dir='ltr'><strong>habet.</strong></span> 
     </span>
     <span class='ocr_line' id='line_1_18' title="bbox 68 1980 566 2048; baseline 0.008 -20"><span class='ocrx_word' id='word_1_137' title='bbox 68 1980 202 2048; x_wconf 85' lang='lat' dir='ltr'><strong>Expressit</strong></span> <span class='ocrx_word' id='word_1_138' title='bbox 221 1997 328 2031; x_wconf 86' lang='lat' dir='ltr'><strong>versum</strong></span> <span class='ocrx_word' id='word_1_139' title='bbox 346 1980 422 2032; x_wconf 89' lang='lat' dir='ltr'><strong>Ovid.</strong></span> <span class='ocrx_word' id='word_1_140' title='bbox 441 1983 499 2034; x_wconf 83' lang='lat' dir='ltr'><strong>Am.</strong></span> <span class='ocrx_word' id='word_1_141' title='bbox 517 1984 566 2044; x_wconf 86' lang='lat'><strong>111,</strong></span> 
     </span>
     <span class='ocr_line' id='line_1_19' title="bbox 69 2057 568 2130; baseline 0.004 -21"><span class='ocrx_word' id='word_1_142' title='bbox 69 2059 97 2122; x_wconf 87' lang='lat'><strong>3,</strong></span> <span class='ocrx_word' id='word_1_143' title='bbox 111 2059 144 2110; x_wconf 86' lang='lat'><strong>33</strong></span> <span class='ocrx_word' id='word_1_144' title='bbox 157 2059 192 2108; x_wconf 85' lang='lat' dir='ltr'><strong>Et</strong></span> <span class='ocrx_word' id='word_1_145' title='bbox 204 2057 345 2130; x_wconf 82' lang='lat' dir='ltr'><strong>quisquam</strong></span> <span class='ocrx_word' id='word_1_146' title='bbox 355 2058 402 2128; x_wconf 88' lang='lat' dir='ltr'><strong>pia</strong></span> <span class='ocrx_word' id='word_1_147' title='bbox 413 2059 490 2110; x_wconf 84' lang='lat' dir='ltr'><strong>thura</strong></span> <span class='ocrx_word' id='word_1_148' title='bbox 498 2059 568 2129; x_wconf 87' lang='lat' dir='ltr'><strong>focis</strong></span> 
     </span>
     <span class='ocr_line' id='line_1_20' title="bbox 69 2139 569 2208; baseline 0.006 -20"><span class='ocrx_word' id='word_1_149' title='bbox 69 2140 202 2208; x_wconf 83' lang='lat' dir='ltr'><strong>imponere</strong></span> <span class='ocrx_word' id='word_1_150' title='bbox 219 2142 312 2188; x_wconf 85' lang='lat' dir='ltr'><strong>curet?</strong></span> <span class='ocrx_word' id='word_1_151' title='bbox 327 2140 386 2190; x_wconf 82' lang='lat' dir='ltr'><strong>iam</strong></span> <span class='ocrx_word' id='word_1_152' title='bbox 398 2139 472 2191; x_wconf 86' lang='lat' dir='ltr'><strong>vides</strong></span> <span class='ocrx_word' id='word_1_153' title='bbox 486 2140 569 2190; x_wconf 80' lang='lat' dir='ltr'><strong>hono-</strong></span> 
     </span>
     <span class='ocr_line' id='line_1_21' title="bbox 69 2218 566 2290; baseline 0 -22"><span class='ocrx_word' id='word_1_154' title='bbox 69 2237 121 2269; x_wconf 87' lang='lat' dir='ltr'><strong>rem</strong></span> <span class='ocrx_word' id='word_1_155' title='bbox 139 2219 201 2288; x_wconf 90' lang='lat' dir='ltr'><strong>plus</strong></span> <span class='ocrx_word' id='word_1_156' title='bbox 223 2218 338 2290; x_wconf 74' lang='lat' dir='ltr'><strong>dignetis</strong></span> <span class='ocrx_word' id='word_1_157' title='bbox 358 2221 438 2290; x_wconf 86' lang='lat' dir='ltr'><strong>epieae</strong></span> <span class='ocrx_word' id='word_1_158' title='bbox 457 2220 566 2271; x_wconf 83' lang='lat' dir='ltr'><strong>habere.</strong></span> 
     </span>
     <span class='ocr_line' id='line_1_22' title="bbox 69 2296 567 2369; baseline 0.002 -22"><span class='ocrx_word' id='word_1_159' title='bbox 69 2299 242 2366; x_wconf 85' lang='lat' dir='ltr'><strong>Majusetiam</strong></span> <span class='ocrx_word' id='word_1_160' title='bbox 251 2296 567 2369; x_wconf 83' lang='lat' dir='ltr'><strong>decusadjectosupplex,</strong></span> 
     </span>
     <span class='ocr_line' id='line_1_23' title="bbox 70 2373 568 2450; baseline -0.002 -23"><span class='ocrx_word' id='word_1_161' title='bbox 70 2379 201 2428; x_wconf 86' lang='lat' dir='ltr'><strong>vocabulo</strong></span> <span class='ocrx_word' id='word_1_162' title='bbox 212 2379 353 2450; x_wconf 76' lang='lat' dir='ltr'><strong>religiose,</strong></span> <span class='ocrx_word' id='word_1_163' title='bbox 367 2373 568 2448; x_wconf 68' lang='lat' dir='ltr'><strong>quodnm&#39;nino,</strong></span> 
     </span>
     <span class='ocr_line' id='line_1_24' title="bbox 71 2455 569 2527; baseline 0 -21"><span class='ocrx_word' id='word_1_164' title='bbox 71 2470 99 2506; x_wconf 87' lang='lat' dir='ltr'><strong>ut</strong></span> <span class='ocrx_word' id='word_1_165' title='bbox 109 2455 274 2527; x_wconf 76' lang='lat' dir='ltr'><strong>supplicare,</strong></span> <span class='ocrx_word' id='word_1_166' title='bbox 293 2457 327 2507; x_wconf 79' lang='lat' dir='ltr'><strong>ad</strong></span> <span class='ocrx_word' id='word_1_167' title='bbox 345 2456 445 2508; x_wconf 89' lang='lat' dir='ltr'><strong>cultum</strong></span> <span class='ocrx_word' id='word_1_168' title='bbox 458 2455 569 2508; x_wconf 90' lang='lat' dir='ltr'><strong>deorum</strong></span> 
     </span>
     <span class='ocr_line' id='line_1_25' title="bbox 71 2536 570 2606; baseline 0 -20"><span class='ocrx_word' id='word_1_169' title='bbox 71 2537 200 2601; x_wconf 86' lang='lat' dir='ltr'><strong>refertur,</strong></span> <span class='ocrx_word' id='word_1_170' title='bbox 219 2538 302 2587; x_wconf 79' lang='lat' dir='ltr'><strong>sacris</strong></span> <span class='ocrx_word' id='word_1_171' title='bbox 315 2536 357 2588; x_wconf 79' lang='lat' dir='ltr'><strong>vel</strong></span> <span class='ocrx_word' id='word_1_172' title='bbox 371 2536 495 2606; x_wconf 87' lang='lat' dir='ltr'><strong>precibus</strong></span> <span class='ocrx_word' id='word_1_173' title='bbox 512 2537 570 2588; x_wconf 84' lang='lat' dir='ltr'><strong>ine-</strong></span> 
     </span>
     <span class='ocr_line' id='line_1_26' title="bbox 73 2627 112 2665; baseline 0.026 -2"><span class='ocrx_word' id='word_1_174' title='bbox 73 2627 112 2665; x_wconf 76' lang='lat' dir='ltr'><strong>lis.</strong></span> 
     </span>
    </p>

    <p class='ocr_par' dir='ltr' id='par_1_6' title="bbox 72 2692 570 3142">
     <span class='ocr_line' id='line_1_27' title="bbox 105 2692 568 2746; baseline 0.002 -1"><span class='ocrx_word' id='word_1_175' title='bbox 105 2694 146 2745; x_wconf 90' lang='grc' dir='ltr'><strong>5ο.</strong></span> <span class='ocrx_word' id='word_1_176' title='bbox 168 2695 243 2744; x_wconf 80' lang='lat' dir='ltr'><strong>Nota</strong></span> <span class='ocrx_word' id='word_1_177' title='bbox 260 2692 387 2744; x_wconf 86' lang='lat' dir='ltr'><strong>narrandi</strong></span> <span class='ocrx_word' id='word_1_178' title='bbox 408 2692 568 2746; x_wconf 83' lang='lat' dir='ltr'><strong>artificium:</strong></span> 
     </span>
     <span class='ocr_line' id='line_1_28' title="bbox 72 2773 568 2839; baseline 0 -15"><span class='ocrx_word' id='word_1_179' title='bbox 72 2792 124 2824; x_wconf 92' lang='lat' dir='ltr'><strong>non</strong></span> <span class='ocrx_word' id='word_1_180' title='bbox 145 2787 208 2826; x_wconf 82' lang='lat' dir='ltr'><strong>ante</strong></span> <span class='ocrx_word' id='word_1_181' title='bbox 227 2773 315 2824; x_wconf 89' lang='lat' dir='ltr'><strong>verbis</strong></span> <span class='ocrx_word' id='word_1_182' title='bbox 337 2773 476 2839; x_wconf 82' lang='lat' dir='ltr'><strong>consilium</strong></span> <span class='ocrx_word' id='word_1_183' title='bbox 499 2775 568 2830; x_wconf 81' lang='lat' dir='ltr'><strong>luno</strong></span> 
     </span>
     <span class='ocr_line' id='line_1_29' title="bbox 73 2853 568 2925; baseline 0 -19"><span class='ocrx_word' id='word_1_184' title='bbox 73 2855 192 2925; x_wconf 85' lang='lat' dir='ltr'><strong>exponit,</strong></span> <span class='ocrx_word' id='word_1_185' title='bbox 212 2853 260 2904; x_wconf 90' lang='lat' dir='ltr'><strong>sed</strong></span> <span class='ocrx_word' id='word_1_186' title='bbox 277 2855 380 2918; x_wconf 86' lang='lat' dir='ltr'><strong>statim,</strong></span> <span class='ocrx_word' id='word_1_187' title='bbox 397 2853 462 2923; x_wconf 90' lang='lat' dir='ltr'><strong>quid</strong></span> <span class='ocrx_word' id='word_1_188' title='bbox 474 2872 506 2906; x_wconf 80' lang='lat' dir='ltr'><strong>ea</strong></span> <span class='ocrx_word' id='word_1_189' title='bbox 522 2873 568 2923; x_wconf 90' lang='lat' dir='ltr'><strong>pe·</strong></span> 
     </span>
     <span class='ocr_line' id='line_1_30' title="bbox 73 2933 570 3004; baseline -0.002 -21"><span class='ocrx_word' id='word_1_190' title='bbox 73 2935 180 3004; x_wconf 77' lang='lat' dir='ltr'><strong>regerit,</strong></span> <span class='ocrx_word' id='word_1_191' title='bbox 198 2933 346 3000; x_wconf 86' lang='lat' dir='ltr'><strong>subjicitur.</strong></span> <span class='ocrx_word' id='word_1_192' title='bbox 364 2933 464 2983; x_wconf 86' lang='lat' dir='ltr'><strong>Habuit</strong></span> <span class='ocrx_word' id='word_1_193' title='bbox 481 2945 570 2983; x_wconf 86' lang='lat' dir='ltr'><strong>autem</strong></span> 
     </span>
     <span class='ocr_line' id='line_1_31' title="bbox 73 3012 567 3084; baseline -0.002 -21"><span class='ocrx_word' id='word_1_194' title='bbox 73 3026 151 3084; x_wconf 86' lang='lat' dir='ltr'><strong>poeta</strong></span> <span class='ocrx_word' id='word_1_195' title='bbox 167 3025 229 3064; x_wconf 80' lang='lat' dir='ltr'><strong>ante</strong></span> <span class='ocrx_word' id='word_1_196' title='bbox 247 3012 340 3064; x_wconf 85' lang='lat' dir='ltr'><strong>oculos</strong></span> <span class='ocrx_word' id='word_1_197' title='bbox 358 3013 387 3063; x_wconf 93' lang='lat' dir='ltr'><strong>ll.</strong></span> <span class='ocrx_word' id='word_1_198' title='bbox 402 3013 430 3078; x_wconf 80' lang='grc' dir='ltr'><strong>ξ,</strong></span> <span class='ocrx_word' id='word_1_199' title='bbox 446 3013 496 3064; x_wconf 75' lang='lat' dir='ltr'><strong>ulio</strong></span> <span class='ocrx_word' id='word_1_200' title='bbox 509 3030 567 3083; x_wconf 86' lang='lat' dir='ltr'><strong>sqq.</strong></span> 
     </span>
     <span class='ocr_line' id='line_1_32' title="bbox 74 3091 414 3142; baseline -0.006 0"><span class='ocrx_word' id='word_1_201' title='bbox 74 3093 117 3142; x_wconf 83' lang='lat' dir='ltr'><strong>irbi</strong></span> <span class='ocrx_word' id='word_1_202' title='bbox 129 3093 200 3142; x_wconf 82' lang='lat' dir='ltr'><strong>June</strong></span> <span class='ocrx_word' id='word_1_203' title='bbox 213 3091 340 3142; x_wconf 86' lang='lat' dir='ltr'><strong>Somnum</strong></span> <span class='ocrx_word' id='word_1_204' title='bbox 350 3091 414 3142; x_wconf 85' lang='lat' dir='ltr'><strong>adit.</strong></span> 
     </span>
    </p>

    <p class='ocr_par' dir='ltr' id='par_1_7' title="bbox 73 3167 574 4018">
     <span class='ocr_line' id='line_1_33' title="bbox 106 3167 569 3223; baseline -0.009 0"><span class='ocrx_word' id='word_1_205' title='bbox 106 3173 147 3223; x_wconf 86' lang='lat'><strong>51.</strong></span> <span class='ocrx_word' id='word_1_206' title='bbox 166 3169 209 3223; x_wconf 78' lang='lat'><strong>52.</strong></span> <span class='ocrx_word' id='word_1_207' title='bbox 226 3171 384 3222; x_wconf 86' lang='lat' dir='ltr'><strong>Nimborum</strong></span> <span class='ocrx_word' id='word_1_208' title='bbox 400 3169 428 3220; x_wconf 84' lang='lat' dir='ltr'><strong>h.</strong></span> <span class='ocrx_word' id='word_1_209' title='bbox 440 3167 569 3220; x_wconf 57' lang='lat' dir='ltr'><strong>luente,-</strong></span> 
     </span>
     <span class='ocr_line' id='line_1_34' title="bbox 73 3249 569 3320; baseline 0.002 -21"><span class='ocrx_word' id='word_1_210' title='bbox 73 3268 143 3314; x_wconf 90' lang='lat' dir='ltr'><strong>rum,</strong></span> <span class='ocrx_word' id='word_1_211' title='bbox 157 3252 203 3320; x_wconf 91' lang='lat' dir='ltr'><strong>qui</strong></span> <span class='ocrx_word' id='word_1_212' title='bbox 214 3250 361 3320; x_wconf 80' lang='lat' dir='ltr'><strong>perturbati</strong></span> <span class='ocrx_word' id='word_1_213' title='bbox 374 3249 456 3316; x_wconf 83' lang='lat' dir='ltr'><strong>ueris,</strong></span> <span class='ocrx_word' id='word_1_214' title='bbox 475 3267 569 3320; x_wconf 87' lang='lat' dir='ltr'><strong>repen·</strong></span> 
     </span>
     <span class='ocr_line' id='line_1_35' title="bbox 75 3326 571 3400; baseline -0.006 -22"><span class='ocrx_word' id='word_1_215' title='bbox 75 3329 280 3400; x_wconf 84' lang='lat' dir='ltr'><strong>tinorumqueac</strong></span> <span class='ocrx_word' id='word_1_216' title='bbox 292 3327 459 3398; x_wconf 62' lang='lat' dir='ltr'><strong>praecipitum</strong></span> <span class='ocrx_word' id='word_1_217' title='bbox 465 3326 571 3398; x_wconf 66' lang='lat' dir='ltr'><strong>pluvia,-</strong></span> 
     </span>
     <span class='ocr_line' id='line_1_36' title="bbox 75 3407 571 3477; baseline 0 -21"><span class='ocrx_word' id='word_1_218' title='bbox 75 3425 130 3456; x_wconf 85' lang='lat' dir='ltr'><strong>rum</strong></span> <span class='ocrx_word' id='word_1_219' title='bbox 148 3417 248 3458; x_wconf 79' lang='lat' dir='ltr'><strong>cnussae</strong></span> <span class='ocrx_word' id='word_1_220' title='bbox 266 3418 334 3456; x_wconf 87' lang='lat' dir='ltr'><strong>sunt.</strong></span> <span class='ocrx_word' id='word_1_221' title='bbox 347 3407 408 3477; x_wconf 78' lang='lat' dir='ltr'><strong>feta</strong></span> <span class='ocrx_word' id='word_1_222' title='bbox 419 3409 571 3476; x_wconf 87' lang='lat' dir='ltr'><strong>poeticum,</strong></span> 
     </span>
     <span class='ocr_line' id='line_1_37' title="bbox 75 3485 571 3556; baseline 0.004 -22"><span class='ocrx_word' id='word_1_223' title='bbox 75 3497 102 3534; x_wconf 88' lang='lat' dir='ltr'><strong>ut</strong></span> <span class='ocrx_word' id='word_1_224' title='bbox 111 3485 238 3556; x_wconf 69' lang='lat' dir='ltr'><strong>provicia,</strong></span> <span class='ocrx_word' id='word_1_225' title='bbox 249 3485 330 3554; x_wconf 85' lang='lat' dir='ltr'><strong>plena</strong></span> <span class='ocrx_word' id='word_1_226' title='bbox 339 3485 449 3549; x_wconf 85' lang='lat' dir='ltr'><strong>austris,</strong></span> <span class='ocrx_word' id='word_1_227' title='bbox 463 3486 571 3536; x_wconf 89' lang='lat' dir='ltr'><strong>omnino</strong></span> 
     </span>
     <span class='ocr_line' id='line_1_38' title="bbox 73 3564 571 3626; baseline 0.006 -13"><span class='ocrx_word' id='word_1_228' title='bbox 73 3565 172 3626; x_wconf 84' lang='lat' dir='ltr'><strong>ventis,</strong></span> <span class='ocrx_word' id='word_1_229' title='bbox 192 3564 239 3615; x_wconf 85' lang='lat' dir='ltr'><strong>sed</strong></span> <span class='ocrx_word' id='word_1_230' title='bbox 257 3564 340 3614; x_wconf 81' lang='lat' dir='ltr'><strong>austri</strong></span> <span class='ocrx_word' id='word_1_231' title='bbox 358 3575 420 3614; x_wconf 90' lang='lat' dir='ltr'><strong>sunt</strong></span> <span class='ocrx_word' id='word_1_232' title='bbox 436 3566 571 3616; x_wconf 85' lang='lat' dir='ltr'><strong>saevissimi</strong></span> 
     </span>
     <span class='ocr_line' id='line_1_39' title="bbox 75 3642 573 3714; baseline 0.004 -20"><span class='ocrx_word' id='word_1_233' title='bbox 75 3646 101 3694; x_wconf 92' lang='lat' dir='ltr'><strong>in</strong></span> <span class='ocrx_word' id='word_1_234' title='bbox 111 3644 179 3694; x_wconf 85' lang='lat' dir='ltr'><strong>mari</strong></span> <span class='ocrx_word' id='word_1_235' title='bbox 191 3642 403 3704; x_wconf 78' lang='lat' dir='ltr'><strong>Mediterraneo;</strong></span> <span class='ocrx_word' id='word_1_236' title='bbox 421 3645 502 3714; x_wconf 77' lang='lat' dir='ltr'><strong>igitur</strong></span> <span class='ocrx_word' id='word_1_237' title='bbox 517 3664 573 3696; x_wconf 90' lang='lat' dir='ltr'><strong>me·</strong></span> 
     </span>
     <span class='ocr_line' id='line_1_40' title="bbox 74 3722 572 3793; baseline -0.002 -20"><span class='ocrx_word' id='word_1_238' title='bbox 74 3723 123 3773; x_wconf 89' lang='lat' dir='ltr'><strong>lius</strong></span> <span class='ocrx_word' id='word_1_239' title='bbox 132 3722 185 3773; x_wconf 88' lang='lat' dir='ltr'><strong>hoc</strong></span> <span class='ocrx_word' id='word_1_240' title='bbox 195 3741 277 3793; x_wconf 79' lang='lat' dir='ltr'><strong>genus</strong></span> <span class='ocrx_word' id='word_1_241' title='bbox 287 3724 403 3793; x_wconf 89' lang='lat' dir='ltr'><strong>ponitur.</strong></span> <span class='ocrx_word' id='word_1_242' title='bbox 415 3722 449 3774; x_wconf 88' lang='lat' dir='ltr'><strong>ad</strong></span> <span class='ocrx_word' id='word_1_243' title='bbox 458 3722 572 3774; x_wconf 83' lang='lat' dir='ltr'><strong>insulam</strong></span> 
     </span>
     <span class='ocr_line' id='line_1_41' title="bbox 75 3800 574 3856; baseline 0 -4"><span class='ocrx_word' id='word_1_244' title='bbox 75 3800 191 3854; x_wconf 84' lang='lat' dir='ltr'><strong>AEoliam</strong></span> <span class='ocrx_word' id='word_1_245' title='bbox 202 3805 275 3854; x_wconf 85' lang='lat' dir='ltr'><strong>venit</strong></span> <span class='ocrx_word' id='word_1_246' title='bbox 288 3802 316 3853; x_wconf 91' lang='lat' dir='ltr'><strong>h.</strong></span> <span class='ocrx_word' id='word_1_247' title='bbox 335 3823 358 3856; x_wconf 92' lang='lat' dir='ltr'><strong>e.</strong></span> <span class='ocrx_word' id='word_1_248' title='bbox 371 3822 453 3855; x_wconf 86' lang='lat' dir='ltr'><strong>unam</strong></span> <span class='ocrx_word' id='word_1_249' title='bbox 469 3821 501 3854; x_wconf 87' lang='lat' dir='ltr'><strong>ex</strong></span> <span class='ocrx_word' id='word_1_250' title='bbox 512 3803 574 3854; x_wconf 83' lang='lat' dir='ltr'><strong>AEo-</strong></span> 
     </span>
     <span class='ocr_line' id='line_1_42' title="bbox 76 3881 574 3954; baseline 0.006 -23"><span class='ocrx_word' id='word_1_251' title='bbox 76 3882 116 3932; x_wconf 88' lang='lat' dir='ltr'><strong>liis</strong></span> <span class='ocrx_word' id='word_1_252' title='bbox 129 3883 326 3934; x_wconf 74' lang='lat' dir='ltr'><strong>seu‘Vulenniis</strong></span> <span class='ocrx_word' id='word_1_253' title='bbox 340 3895 365 3934; x_wconf 88' lang='lat' dir='ltr'><strong>et</strong></span> <span class='ocrx_word' id='word_1_254' title='bbox 374 3885 508 3954; x_wconf 80' lang='lat' dir='ltr'><strong>Liparaeis;</strong></span> <span class='ocrx_word' id='word_1_255' title='bbox 521 3881 574 3934; x_wconf 87' lang='lat' dir='ltr'><strong>Sed</strong></span> 
     </span>
     <span class='ocr_line' id='line_1_43' title="bbox 77 3966 572 4018; baseline 0.006 -5"><span class='ocrx_word' id='word_1_256' title='bbox 77 3981 155 4016; x_wconf 80' lang='lat' dir='ltr'><strong>unam</strong></span> <span class='ocrx_word' id='word_1_257' title='bbox 190 3976 295 4017; x_wconf 82' lang='lat' dir='ltr'><strong>tantum</strong></span> <span class='ocrx_word' id='word_1_258' title='bbox 329 3979 407 4017; x_wconf 80' lang='lat' dir='ltr'><strong>norat</strong></span> <span class='ocrx_word' id='word_1_259' title='bbox 442 3966 572 4018; x_wconf 86' lang='lat' dir='ltr'><strong>Homerus</strong></span> 
     </span>
    </p>
   </div>
   <div class='ocr_carea' id='block_1_5' title="bbox 615 1583 1188 3238">
    <p class='ocr_par' dir='ltr' id='par_1_8' title="bbox 615 1583 1165 2526">
     <span class='ocr_line' id='line_1_44' title="bbox 618 1583 1135 1656; baseline -0.004 -20"><span class='ocrx_word' id='word_1_260' title='bbox 618 1583 711 1656; x_wconf 76' lang='lat' dir='ltr'><strong>Odyss.</strong></span> <span class='ocrx_word' id='word_1_261' title='bbox 726 1608 751 1646; x_wconf 82' lang='grc' dir='ltr'><strong>κ,</strong></span> <span class='ocrx_word' id='word_1_262' title='bbox 769 1603 778 1635; x_wconf 86' lang='lat'>1</span> <span class='ocrx_word' id='word_1_263' title='bbox 794 1605 833 1656; x_wconf 89' lang='lat' dir='ltr'><strong>sq.</strong></span> <span class='ocrx_word' id='word_1_264' title='bbox 847 1604 871 1636; x_wconf 87' lang='lat' dir='ltr'><strong>v.</strong></span> <span class='ocrx_word' id='word_1_265' title='bbox 884 1586 991 1636; x_wconf 84' lang='lat' dir='ltr'><strong>Excurs.</strong></span> <span class='ocrx_word' id='word_1_266' title='bbox 1007 1584 1080 1635; x_wconf 89' lang='lat' dir='ltr'>adh.</span> <span class='ocrx_word' id='word_1_267' title='bbox 1094 1585 1112 1635; x_wconf 91' lang='lat' dir='ltr'><strong>l.</strong></span> <span class='ocrx_word' id='word_1_268' title='bbox 1133 1619 1135 1624; x_wconf 80' lang='lat'><em>·</em></span> 
     </span>
     <span class='ocr_line' id='line_1_45' title="bbox 654 1664 1114 1718; baseline -0.007 -1"><span class='ocrx_word' id='word_1_269' title='bbox 654 1666 685 1718; x_wconf 86' lang='lat'><strong>52</strong></span> <span class='ocrx_word' id='word_1_270' title='bbox 699 1694 732 1703; x_wconf 86' lang='lat'><strong>-—</strong></span> <span class='ocrx_word' id='word_1_271' title='bbox 745 1664 786 1716; x_wconf 88' lang='lat'><strong>56.</strong></span> <span class='ocrx_word' id='word_1_272' title='bbox 798 1665 892 1716; x_wconf 89' lang='lat' dir='ltr'><strong>Ornati</strong></span> <span class='ocrx_word' id='word_1_273' title='bbox 903 1681 993 1714; x_wconf 89' lang='lat' dir='ltr'><strong>versus</strong></span> <span class='ocrx_word' id='word_1_274' title='bbox 1004 1685 1009 1713; x_wconf 93' lang='lat'>:</span> <span class='ocrx_word' id='word_1_275' title='bbox 1022 1664 1114 1714; x_wconf 83' lang='lat' dir='ltr'><strong>AEolus</strong></span> 
     </span>
     <span class='ocr_line' id='line_1_46' title="bbox 618 1739 1165 1808; baseline -0.002 -13"><span class='ocrx_word' id='word_1_276' title='bbox 618 1745 733 1796; x_wconf 89' lang='lat' dir='ltr'><strong>inclusos</strong></span> <span class='ocrx_word' id='word_1_277' title='bbox 749 1757 820 1796; x_wconf 88' lang='lat' dir='ltr'><strong>tenet</strong></span> <span class='ocrx_word' id='word_1_278' title='bbox 831 1756 931 1794; x_wconf 89' lang='lat' dir='ltr'><strong>ventos.</strong></span> <span class='ocrx_word' id='word_1_279' title='bbox 945 1752 1013 1794; x_wconf 86' lang='lat' dir='ltr'><strong>vasto</strong></span> <span class='ocrx_word' id='word_1_280' title='bbox 1025 1739 1113 1808; x_wconf 85' lang='lat' dir='ltr'><strong>untro,</strong></span> <span class='ocrx_word' id='word_1_281' title='bbox 1163 1795 1165 1806; x_wconf 68' lang='grc'>,</span> 
     </span>
     <span class='ocr_line' id='line_1_47' title="bbox 618 1824 1113 1892; baseline -0.004 -18"><span class='ocrx_word' id='word_1_282' title='bbox 618 1824 738 1876; x_wconf 84' lang='lat' dir='ltr'><strong>naturale</strong></span> <span class='ocrx_word' id='word_1_283' title='bbox 749 1825 818 1874; x_wconf 90' lang='lat' dir='ltr'><strong>enim</strong></span> <span class='ocrx_word' id='word_1_284' title='bbox 828 1836 881 1886; x_wconf 89' lang='lat' dir='ltr'><strong>est,</strong></span> <span class='ocrx_word' id='word_1_285' title='bbox 891 1839 1017 1892; x_wconf 87' lang='lat' dir='ltr'><strong>vaporem</strong></span> <span class='ocrx_word' id='word_1_286' title='bbox 1027 1835 1053 1874; x_wconf 83' lang='lat' dir='ltr'><strong>et</strong></span> <span class='ocrx_word' id='word_1_287' title='bbox 1061 1825 1113 1892; x_wconf 92' lang='lat' dir='ltr'><strong>spi·</strong></span> 
     </span>
     <span class='ocr_line' id='line_1_48' title="bbox 619 1900 1115 1972; baseline -0.002 -19"><span class='ocrx_word' id='word_1_288' title='bbox 619 1905 699 1953; x_wconf 90' lang='lat' dir='ltr'><strong>ritum</strong></span> <span class='ocrx_word' id='word_1_289' title='bbox 714 1921 763 1972; x_wconf 91' lang='lat' dir='ltr'><strong>per</strong></span> <span class='ocrx_word' id='word_1_290' title='bbox 782 1903 841 1953; x_wconf 87' lang='lat' dir='ltr'><strong>loca</strong></span> <span class='ocrx_word' id='word_1_291' title='bbox 859 1920 977 1953; x_wconf 85' lang='lat' dir='ltr'><strong>concava</strong></span> <span class='ocrx_word' id='word_1_292' title='bbox 990 1900 1000 1972; x_wconf 93' lang='lat'>(</span> <span class='ocrx_word' id='word_1_293' title='bbox 1012 1901 1115 1954; x_wconf 82' lang='lat' dir='ltr'><strong>subter-</strong></span> 
     </span>
     <span class='ocr_line' id='line_1_49' title="bbox 617 1971 1113 2057; baseline 0 -25"><span class='ocrx_word' id='word_1_294' title='bbox 617 1983 829 2054; x_wconf 86' lang='lat' dir='ltr'><strong>ranea)motum</strong></span> <span class='ocrx_word' id='word_1_295' title='bbox 853 1971 995 2044; x_wconf 85' lang='lat' dir='ltr'><strong>concitari,</strong></span> <span class='ocrx_word' id='word_1_296' title='bbox 1020 1984 1113 2057; x_wconf 78' lang='lat' dir='ltr'><strong>sieque</strong></span> 
     </span>
     <span class='ocr_line' id='line_1_50' title="bbox 616 2059 1111 2124; baseline 0.002 -16"><span class='ocrx_word' id='word_1_297' title='bbox 616 2059 673 2111; x_wconf 92' lang='lat' dir='ltr'><strong>fieri</strong></span> <span class='ocrx_word' id='word_1_298' title='bbox 686 2071 800 2111; x_wconf 85' lang='lat' dir='ltr'><strong>ventum.</strong></span> <span class='ocrx_word' id='word_1_299' title='bbox 813 2060 866 2110; x_wconf 81' lang='lat' dir='ltr'><strong>vid.</strong></span> <span class='ocrx_word' id='word_1_300' title='bbox 880 2061 980 2110; x_wconf 86' lang='lat' dir='ltr'><strong>Seneca</strong></span> <span class='ocrx_word' id='word_1_301' title='bbox 991 2060 1042 2124; x_wconf 91' lang='lat' dir='ltr'><strong>Qu.</strong></span> <span class='ocrx_word' id='word_1_302' title='bbox 1055 2071 1111 2110; x_wconf 88' lang='lat' dir='ltr'><strong>nat.</strong></span> 
     </span>
     <span class='ocr_line' id='line_1_51' title="bbox 615 2138 1112 2206; baseline -0.01 -15"><span class='ocrx_word' id='word_1_303' title='bbox 615 2143 667 2205; x_wconf 82' lang='lat' dir='ltr'><strong>VI,</strong></span> <span class='ocrx_word' id='word_1_304' title='bbox 691 2141 729 2191; x_wconf 87' lang='lat'><strong>18.</strong></span> <span class='ocrx_word' id='word_1_305' title='bbox 751 2167 786 2177; x_wconf 91' lang='lat'>-</span> <span class='ocrx_word' id='word_1_306' title='bbox 804 2139 846 2203; x_wconf 77' lang='grc'><strong>54.</strong></span> <span class='ocrx_word' id='word_1_307' title='bbox 871 2139 980 2206; x_wconf 85' lang='lat' dir='ltr'><strong>imperio</strong></span> <span class='ocrx_word' id='word_1_308' title='bbox 997 2138 1112 2206; x_wconf 83' lang='lat' dir='ltr'><strong>premit,</strong></span> 
     </span>
     <span class='ocr_line' id='line_1_52' title="bbox 615 2215 1114 2290; baseline -0.01 -19"><span class='ocrx_word' id='word_1_309' title='bbox 615 2220 722 2290; x_wconf 74' lang='lat' dir='ltr'><strong>gravius</strong></span> <span class='ocrx_word' id='word_1_310' title='bbox 736 2236 816 2287; x_wconf 84' lang='lat' dir='ltr'><strong>quam</strong></span> <span class='ocrx_word' id='word_1_311' title='bbox 825 2219 906 2287; x_wconf 78' lang='lat' dir='ltr'><strong>regit,</strong></span> <span class='ocrx_word' id='word_1_312' title='bbox 919 2228 944 2266; x_wconf 90' lang='lat' dir='ltr'><strong>et</strong></span> <span class='ocrx_word' id='word_1_313' title='bbox 951 2219 1045 2284; x_wconf 61' lang='lat' dir='ltr'><strong>frenat</strong></span> <span class='ocrx_word' id='word_1_314' title='bbox 1053 2215 1114 2284; x_wconf 89' lang='lat' dir='ltr'><strong>plus</strong></span> 
     </span>
     <span class='ocr_line' id='line_1_53' title="bbox 618 2291 1114 2369; baseline -0.006 -21"><span class='ocrx_word' id='word_1_315' title='bbox 618 2317 698 2369; x_wconf 83' lang='lat' dir='ltr'><strong>quam</strong></span> <span class='ocrx_word' id='word_1_316' title='bbox 710 2309 796 2361; x_wconf 89' lang='lat' dir='ltr'><strong>tenet,</strong></span> <span class='ocrx_word' id='word_1_317' title='bbox 814 2295 929 2350; x_wconf 84' lang='lat' dir='ltr'><strong>cohibet.</strong></span> <span class='ocrx_word' id='word_1_318' title='bbox 944 2291 1050 2345; x_wconf 83' lang='lat' dir='ltr'><strong>vincula</strong></span> <span class='ocrx_word' id='word_1_319' title='bbox 1065 2313 1114 2364; x_wconf 89' lang='lat' dir='ltr'><strong>per</strong></span> 
     </span>
     <span class='ocr_line' id='line_1_54' title="bbox 617 2374 1115 2428; baseline -0.012 0"><span class='ocrx_word' id='word_1_320' title='bbox 617 2395 746 2428; x_wconf 85' lang='lat' dir='ltr'><strong>carcerem</strong></span> <span class='ocrx_word' id='word_1_321' title='bbox 767 2375 944 2428; x_wconf 80' lang='lat' dir='ltr'><strong>declarantur.</strong></span> <span class='ocrx_word' id='word_1_322' title='bbox 967 2390 1020 2422; x_wconf 88' lang='lat' dir='ltr'><strong>non</strong></span> <span class='ocrx_word' id='word_1_323' title='bbox 1044 2374 1115 2424; x_wconf 92' lang='lat' dir='ltr'><strong>enim</strong></span> 
     </span>
     <span class='ocr_line' id='line_1_55' title="bbox 619 2451 1114 2526; baseline -0.012 -18"><span class='ocrx_word' id='word_1_324' title='bbox 619 2456 760 2526; x_wconf 90' lang='lat' dir='ltr'><strong>compedes</strong></span> <span class='ocrx_word' id='word_1_325' title='bbox 769 2465 953 2526; x_wconf 89' lang='lat' dir='ltr'><strong>essepossunt.</strong></span> <span class='ocrx_word' id='word_1_326' title='bbox 962 2451 1114 2523; x_wconf 76' lang='lat' dir='ltr'><strong>Suntigitur</strong></span> 
     </span>
    </p>

    <p class='ocr_par' dir='ltr' id='par_1_9' title="bbox 618 2535 812 2606">
     <span class='ocr_line' id='line_1_56' title="bbox 618 2535 812 2606; baseline -0.01 -20"><span class='ocrx_word' id='word_1_327' title='bbox 618 2554 668 2606; x_wconf 92' lang='lat' dir='ltr'><strong>pro</strong></span> <span class='ocrx_word' id='word_1_328' title='bbox 682 2535 812 2587; x_wconf 85' lang='lat' dir='ltr'><strong>custodia.</strong></span> 
     </span>
    </p>

    <p class='ocr_par' dir='ltr' id='par_1_10' title="bbox 617 2611 1188 3238">
     <span class='ocr_line' id='line_1_57' title="bbox 654 2611 1188 2690; baseline -0.011 -24"><span class='ocrx_word' id='word_1_329' title='bbox 654 2613 694 2666; x_wconf 85' lang='grc'><strong>55.</strong></span> <span class='ocrx_word' id='word_1_330' title='bbox 703 2615 808 2684; x_wconf 91' lang='lat' dir='ltr'><strong>Optime</strong></span> <span class='ocrx_word' id='word_1_331' title='bbox 813 2617 920 2685; x_wconf 78' lang='lat' dir='ltr'><strong>junges:</strong></span> <span class='ocrx_word' id='word_1_332' title='bbox 927 2611 1115 2683; x_wconf 76' lang='lat' dir='ltr'><strong>fremuntcum</strong></span> <span class='ocrx_word' id='word_1_333' title='bbox 1186 2683 1188 2690; x_wconf 36' lang='grc' dir='ltr'>Ι</span> 
     </span>
     <span class='ocr_line' id='line_1_58' title="bbox 619 2692 1116 2744; baseline -0.01 0"><span class='ocrx_word' id='word_1_334' title='bbox 619 2711 753 2744; x_wconf 76' lang='lat' dir='ltr'><strong>munnere</strong></span> <span class='ocrx_word' id='word_1_335' title='bbox 773 2693 875 2743; x_wconf 88' lang='lat' dir='ltr'><strong>montis.</strong></span> <span class='ocrx_word' id='word_1_336' title='bbox 897 2692 973 2744; x_wconf 84' lang='lat' dir='ltr'><strong>Certe</strong></span> <span class='ocrx_word' id='word_1_337' title='bbox 995 2709 1116 2742; x_wconf 85' lang='lat' dir='ltr'><strong>murmur</strong></span> 
     </span>
     <span class='ocr_line' id='line_1_59' title="bbox 619 2775 1115 2844; baseline -0.004 -20"><span class='ocrx_word' id='word_1_338' title='bbox 619 2775 714 2824; x_wconf 81' lang='lat' dir='ltr'><strong>montis</strong></span> <span class='ocrx_word' id='word_1_339' title='bbox 735 2785 805 2825; x_wconf 87' lang='lat' dir='ltr'><strong>recte</strong></span> <span class='ocrx_word' id='word_1_340' title='bbox 824 2775 951 2844; x_wconf 78' lang='lat' dir='ltr'><strong>jungitur.</strong></span> <span class='ocrx_word' id='word_1_341' title='bbox 973 2791 1035 2824; x_wconf 81' lang='lat' dir='ltr'><strong>nam</strong></span> <span class='ocrx_word' id='word_1_342' title='bbox 1057 2789 1115 2841; x_wconf 80' lang='lat' dir='ltr'><strong>quae</strong></span> 
     </span>
     <span class='ocr_line' id='line_1_60' title="bbox 620 2852 1115 2903; baseline 0.002 -1"><span class='ocrx_word' id='word_1_343' title='bbox 620 2852 758 2903; x_wconf 88' lang='lat' dir='ltr'><strong>oculorum</strong></span> <span class='ocrx_word' id='word_1_344' title='bbox 782 2853 917 2902; x_wconf 81' lang='lat' dir='ltr'><strong>auriumve</strong></span> <span class='ocrx_word' id='word_1_345' title='bbox 941 2869 1020 2902; x_wconf 91' lang='lat' dir='ltr'><strong>sensu</strong></span> <span class='ocrx_word' id='word_1_346' title='bbox 1045 2852 1115 2903; x_wconf 85' lang='lat' dir='ltr'><strong>acci-</strong></span> 
     </span>
     <span class='ocr_line' id='line_1_61' title="bbox 618 2930 1116 3002; baseline -0.004 -20"><span class='ocrx_word' id='word_1_347' title='bbox 618 2935 728 3002; x_wconf 87' lang='lat' dir='ltr'><strong>piuntur</strong></span> <span class='ocrx_word' id='word_1_348' title='bbox 751 2931 841 2999; x_wconf 79' lang='lat' dir='ltr'><strong>aliquo</strong></span> <span class='ocrx_word' id='word_1_349' title='bbox 863 2931 890 2980; x_wconf 90' lang='lat' dir='ltr'><strong>in</strong></span> <span class='ocrx_word' id='word_1_350' title='bbox 912 2930 987 2992; x_wconf 81' lang='lat' dir='ltr'><strong>loce,</strong></span> <span class='ocrx_word' id='word_1_351' title='bbox 1009 2948 1041 2980; x_wconf 91' lang='lat' dir='ltr'><strong>ea</strong></span> <span class='ocrx_word' id='word_1_352' title='bbox 1063 2930 1116 2997; x_wconf 88' lang='lat' dir='ltr'><strong>ipsi</strong></span> 
     </span>
     <span class='ocr_line' id='line_1_62' title="bbox 617 3005 1116 3071; baseline -0.014 -8"><span class='ocrx_word' id='word_1_353' title='bbox 617 3012 678 3063; x_wconf 83' lang='lat' dir='ltr'><strong>loeo</strong></span> <span class='ocrx_word' id='word_1_354' title='bbox 691 3009 850 3060; x_wconf 86' lang='lat' dir='ltr'><strong>tribuuntur.</strong></span> <span class='ocrx_word' id='word_1_355' title='bbox 863 3009 897 3058; x_wconf 85' lang='lat' dir='ltr'><strong>cf.</strong></span> <span class='ocrx_word' id='word_1_356' title='bbox 910 3008 961 3056; x_wconf 73' lang='lat' dir='ltr'><strong>inf:</strong></span> <span class='ocrx_word' id='word_1_357' title='bbox 971 3005 1026 3071; x_wconf 68' lang='lat'><strong>124.</strong></span> <span class='ocrx_word' id='word_1_358' title='bbox 1038 3007 1116 3056; x_wconf 83' lang='lat' dir='ltr'><strong>Praei-</strong></span> 
     </span>
     <span class='ocr_line' id='line_1_63' title="bbox 618 3077 1115 3152; baseline -0.012 -10"><span class='ocrx_word' id='word_1_359' title='bbox 618 3092 655 3142; x_wconf 90' lang='lat' dir='ltr'><strong>vit</strong></span> <span class='ocrx_word' id='word_1_360' title='bbox 670 3103 757 3142; x_wconf 84' lang='lat' dir='ltr'><strong>autem</strong></span> <span class='ocrx_word' id='word_1_361' title='bbox 775 3098 866 3136; x_wconf 87' lang='lat' dir='ltr'><strong>nostro</strong></span> <span class='ocrx_word' id='word_1_362' title='bbox 879 3079 982 3137; x_wconf 78' lang='lat' dir='ltr'><strong>Luc&#39;ret.</strong></span> <span class='ocrx_word' id='word_1_363' title='bbox 995 3085 1046 3148; x_wconf 84' lang='lat' dir='ltr'><strong>vl,</strong></span> <span class='ocrx_word' id='word_1_364' title='bbox 1067 3077 1115 3152; x_wconf 83' lang='lat' dir='ltr'><strong>i96</strong></span> 
     </span>
     <span class='ocr_line' id='line_1_64' title="bbox 617 3164 1117 3238; baseline -0.01 -19"><span class='ocrx_word' id='word_1_365' title='bbox 617 3165 803 3238; x_wconf 75' lang='lat' dir='ltr'><strong>Speluncas-</strong></span> <span class='ocrx_word' id='word_1_366' title='bbox 815 3164 886 3214; x_wconf 83' lang='lat' dir='ltr'><strong>uenti</strong></span> <span class='ocrx_word' id='word_1_367' title='bbox 908 3182 984 3226; x_wconf 86' lang='lat' dir='ltr'><strong>cum,</strong></span> <span class='ocrx_word' id='word_1_368' title='bbox 1005 3173 1117 3233; x_wconf 80' lang='lat' dir='ltr'><strong>tempes-</strong></span> 
     </span>
    </p>
   </div>
   <div class='ocr_carea' id='block_1_6' title="bbox 620 3240 1209 3312">
    <p class='ocr_par' dir='ltr' id='par_1_11' title="bbox 620 3240 1209 3312">
     <span class='ocr_line' id='line_1_65' title="bbox 620 3240 1209 3312; baseline -0.017 -14"><span class='ocrx_word' id='word_1_369' title='bbox 620 3258 673 3298; x_wconf 85' lang='lat' dir='ltr'><strong>tate</strong></span> <span class='ocrx_word' id='word_1_370' title='bbox 699 3255 803 3307; x_wconf 88' lang='lat' dir='ltr'><strong>coortu,</strong></span> <span class='ocrx_word' id='word_1_371' title='bbox 833 3240 995 3312; x_wconf 68' lang='lat' dir='ltr'><strong>implerunt,</strong></span> <span class='ocrx_word' id='word_1_372' title='bbox 1021 3258 1116 3311; x_wconf 72' lang='lat' dir='ltr'><strong>maqno</strong></span> <span class='ocrx_word' id='word_1_373' title='bbox 1206 3297 1209 3302; x_wconf 83' lang='lat'>.</span> 
     </span>
    </p>
   </div>
   <div class='ocr_carea' id='block_1_7' title="bbox 619 3319 1195 3626">
    <p class='ocr_par' dir='ltr' id='par_1_12' title="bbox 619 3319 1195 3626">
     <span class='ocr_line' id='line_1_66' title="bbox 620 3319 1119 3397; baseline -0.016 -19"><span class='ocrx_word' id='word_1_374' title='bbox 620 3327 794 3397; x_wconf 75' lang='lat' dir='ltr'><strong>indiqnantur</strong></span> <span class='ocrx_word' id='word_1_375' title='bbox 809 3340 944 3372; x_wconf 75' lang='lat' dir='ltr'><strong>munnere</strong></span> <span class='ocrx_word' id='word_1_376' title='bbox 955 3319 1045 3372; x_wconf 85' lang='lat' dir='ltr'><strong>clausi.</strong></span> <span class='ocrx_word' id='word_1_377' title='bbox 1059 3323 1119 3370; x_wconf 87' lang='lat' dir='ltr'><strong>Vir-</strong></span> 
     </span>
     <span class='ocr_line' id='line_1_67' title="bbox 619 3397 1116 3478; baseline -0.01 -21"><span class='ocrx_word' id='word_1_378' title='bbox 619 3407 697 3478; x_wconf 77' lang='lat' dir='ltr'><strong>gilius</strong></span> <span class='ocrx_word' id='word_1_379' title='bbox 704 3422 768 3455; x_wconf 88' lang='lat' dir='ltr'><strong>vero</strong></span> <span class='ocrx_word' id='word_1_380' title='bbox 776 3403 859 3454; x_wconf 86' lang='lat' dir='ltr'><strong>Statio</strong></span> <span class='ocrx_word' id='word_1_381' title='bbox 867 3400 949 3452; x_wconf 89' lang='lat' dir='ltr'><strong>Theb.</strong></span> <span class='ocrx_word' id='word_1_382' title='bbox 959 3401 983 3464; x_wconf 90' lang='lat' dir='ltr'><strong>l,</strong></span> <span class='ocrx_word' id='word_1_383' title='bbox 994 3397 1043 3467; x_wconf 71' lang='grc'><strong>347</strong></span> <span class='ocrx_word' id='word_1_384' title='bbox 1054 3401 1116 3452; x_wconf 85' lang='lat' dir='ltr'><strong>Jom</strong></span> 
     </span>
     <span class='ocr_line' id='line_1_68' title="bbox 620 3478 1195 3554; baseline -0.012 -18"><span class='ocrx_word' id='word_1_385' title='bbox 620 3484 732 3536; x_wconf 74' lang='lat' dir='ltr'><strong>claustra</strong></span> <span class='ocrx_word' id='word_1_386' title='bbox 756 3480 861 3554; x_wconf 73' lang='lat' dir='ltr'><strong>riqentis</strong></span> <span class='ocrx_word' id='word_1_387' title='bbox 881 3478 1117 3550; x_wconf 23' lang='lat' dir='ltr'><strong>AEolireqpercussu</strong></span> <span class='ocrx_word' id='word_1_388' title='bbox 1193 3537 1195 3542; x_wconf 84' lang='lat'><em>.</em></span> 
     </span>
     <span class='ocr_line' id='line_1_69' title="bbox 619 3558 1118 3626; baseline -0.014 -10"><span class='ocrx_word' id='word_1_389' title='bbox 619 3574 715 3616; x_wconf 83' lang='lat' dir='ltr'><strong>sonant</strong></span> <span class='ocrx_word' id='word_1_390' title='bbox 727 3574 776 3614; x_wconf 89' lang='lat' dir='ltr'><strong>etc.</strong></span> <span class='ocrx_word' id='word_1_391' title='bbox 791 3563 854 3612; x_wconf 87' lang='lat' dir='ltr'><strong>item</strong></span> <span class='ocrx_word' id='word_1_392' title='bbox 863 3559 969 3610; x_wconf 84' lang='lat' dir='ltr'><strong>Valerio</strong></span> <span class='ocrx_word' id='word_1_393' title='bbox 979 3559 1017 3608; x_wconf 89' lang='lat' dir='ltr'><strong>Fl.</strong></span> <span class='ocrx_word' id='word_1_394' title='bbox 1029 3558 1118 3626; x_wconf 71' lang='grc'>1,,574</span> 
     </span>
    </p>
   </div>
   <div class='ocr_carea' id='block_1_8' title="bbox 608 3636 1115 3714">
    <p class='ocr_par' dir='ltr' id='par_1_13' title="bbox 608 3636 1115 3714">
     <span class='ocr_line' id='line_1_70' title="bbox 608 3636 1115 3714; baseline -0.002 -25"><span class='ocrx_word' id='word_1_395' title='bbox 608 3661 678 3714; x_wconf 75' lang='lat' dir='ltr'><strong>sqq.</strong></span> <span class='ocrx_word' id='word_1_396' title='bbox 698 3643 744 3711; x_wconf 92' lang='lat' dir='ltr'><strong>qui</strong></span> <span class='ocrx_word' id='word_1_397' title='bbox 767 3652 852 3690; x_wconf 91' lang='lat' dir='ltr'><strong>totum</strong></span> <span class='ocrx_word' id='word_1_398' title='bbox 872 3636 960 3689; x_wconf 86' lang='lat' dir='ltr'><strong>locum</strong></span> <span class='ocrx_word' id='word_1_399' title='bbox 975 3637 1115 3714; x_wconf 71' lang='lat' dir='ltr'><strong>illustrat,</strong></span> 
     </span>
    </p>
   </div>
   <div class='ocr_carea' id='block_1_9' title="bbox 620 3719 1116 3794">
    <p class='ocr_par' dir='ltr' id='par_1_14' title="bbox 620 3719 1116 3794">
     <span class='ocr_line' id='line_1_71' title="bbox 620 3719 1116 3794; baseline -0.02 -18"><span class='ocrx_word' id='word_1_400' title='bbox 620 3725 740 3794; x_wconf 88' lang='lat' dir='ltr'><strong>inprimis</strong></span> <span class='ocrx_word' id='word_1_401' title='bbox 753 3723 800 3792; x_wconf 85' lang='lat'><strong>591</strong></span> <span class='ocrx_word' id='word_1_402' title='bbox 823 3738 881 3790; x_wconf 89' lang='lat' dir='ltr'><strong>sqq.</strong></span> <span class='ocrx_word' id='word_1_403' title='bbox 894 3747 927 3760; x_wconf 87' lang='lat'><em>-</em></span> <span class='ocrx_word' id='word_1_404' title='bbox 934 3719 1059 3789; x_wconf 84' lang='lat' dir='ltr'><strong>fremunt</strong></span> <span class='ocrx_word' id='word_1_405' title='bbox 1069 3736 1116 3768; x_wconf 83' lang='lat' dir='ltr'><strong>au-</strong></span> 
     </span>
    </p>
   </div>
   <div class='ocr_carea' id='block_1_10' title="bbox 612 3796 1117 3865">
    <p class='ocr_par' dir='ltr' id='par_1_15' title="bbox 612 3796 1117 3865">
     <span class='ocr_line' id='line_1_72' title="bbox 612 3796 1117 3865; baseline -0.03 -7"><span class='ocrx_word' id='word_1_406' title='bbox 612 3815 674 3858; x_wconf 80' lang='lat' dir='ltr'><strong>tem</strong></span> <span class='ocrx_word' id='word_1_407' title='bbox 689 3803 761 3854; x_wconf 89' lang='lat' dir='ltr'><strong>venti</strong></span> <span class='ocrx_word' id='word_1_408' title='bbox 774 3803 873 3852; x_wconf 82' lang='lat' dir='ltr'><strong>circum</strong></span> <span class='ocrx_word' id='word_1_409' title='bbox 888 3796 1018 3862; x_wconf 85' lang='lat' dir='ltr'><strong>claustra,</strong></span> <span class='ocrx_word' id='word_1_410' title='bbox 1032 3799 1117 3865; x_wconf 82' lang='lat' dir='ltr'><strong>spiru-</strong></span> 
     </span>
    </p>
   </div>
   <div class='ocr_carea' id='block_1_11' title="bbox 621 3878 1115 4033">
    <p class='ocr_par' dir='ltr' id='par_1_16' title="bbox 621 3878 1115 4033">
     <span class='ocr_line' id='line_1_73' title="bbox 621 3878 981 3950; baseline -0.025 -16"><span class='ocrx_word' id='word_1_411' title='bbox 621 3882 695 3945; x_wconf 85' lang='lat' dir='ltr'><strong>culn,</strong></span> <span class='ocrx_word' id='word_1_412' title='bbox 708 3898 846 3950; x_wconf 87' lang='lat' dir='ltr'><strong>erumpere</strong></span> <span class='ocrx_word' id='word_1_413' title='bbox 855 3878 981 3930; x_wconf 75' lang='lat' dir='ltr'><strong>volentes.</strong></span> 
     </span>
     <span class='ocr_line' id='line_1_74' title="bbox 658 3957 1115 4033; baseline -0.022 -19"><span class='ocrx_word' id='word_1_414' title='bbox 658 3961 699 4015; x_wconf 83' lang='lat'><strong>56.</strong></span> <span class='ocrx_word' id='word_1_415' title='bbox 714 3959 755 4033; x_wconf 68' lang='lat'><strong>57.</strong></span> <span class='ocrx_word' id='word_1_416' title='bbox 771 3957 842 4013; x_wconf 83' lang='lat' dir='ltr'><strong>Celsa</strong></span> <span class='ocrx_word' id='word_1_417' title='bbox 854 3959 882 4010; x_wconf 86' lang='lat' dir='ltr'><strong>in</strong></span> <span class='ocrx_word' id='word_1_418' title='bbox 896 3974 970 4020; x_wconf 88' lang='lat' dir='ltr'><strong>arce,</strong></span> <span class='ocrx_word' id='word_1_419' title='bbox 980 3966 1054 4008; x_wconf 81' lang='lat' dir='ltr'><strong>extra</strong></span> <span class='ocrx_word' id='word_1_420' title='bbox 1067 3968 1115 4004; x_wconf 67' lang='lat' dir='ltr'><strong>au*</strong></span> 
     </span>
    </p>
   </div>
   <div class='ocr_carea' id='block_1_12' title="bbox 0 0 1360 4574">
    <p class='ocr_par' dir='ltr' id='par_1_17' title="bbox 0 0 1360 4574">
     <span class='ocr_line' id='line_1_75' title="bbox 0 0 1360 4574; baseline 0 0"><span class='ocrx_word' id='word_1_421' title='bbox 0 0 1360 4574; x_wconf 95' lang='lat' dir='ltr'><strong> </strong></span> 
     </span>
    </p>
   </div>
  </div>
 </body>
</html>
