2690 4594
232 275 297 353 420
480 271 514 334 r.
538 268 769 335 vracrurt
792 267 1023 338 urnours

232 393 393 460 Cernitur.
407 390 543 460 Adtollit
555 415 590 459 se
603 391 678 459 diva
690 395 824 460 Lacinia
835 407 963 474 contra,

232 499 453 589 Caulonisque
465 521 570 578 arces,
584 515 617 563 et
629 500 834 590 navifragum
845 501 1045 590 Scylaceum.

231 607 319 672 Tum
330 605 447 696 procul
459 627 478 670 e
489 603 592 670 fluctu
603 606 773 670 Trinacria
784 607 930 672 cernitur
941 609 1050 686 AEtna3

191 765 225 782 ’
273 776 325 822 55ι.
342 778 363 820 si
372 771 441 837 sama
456 783 492 819 est
505 788 559 820 vera
574 773 635 821 Ven.
644 798 676 812 -·
686 773 737 821 553.
750 773 896 840 Callonesque
909 774 980 822 wall.
994 776 1103 821 Servius:
1118 793 1130 815 ι
1140 773 1280 838 Auloanm

232 859 322 892 «arces.
332 843 409 891 Aulon
418 859 484 890 mons
494 855 528 891 est
539 845 663 902 Calabriae,
678 857 705 890 ut
716 846 795 891 Horat.
805 847 828 890 ll
837 845 883 892 Od.
894 846 909 892 6
918 855 941 892 et
946 848 1032 891 amicus
1042 842 1124 891 Aulon
1134 843 1228 890 Fertilis
1237 847 1279 902 (its

231 918 350 980 elegitur)
363 915 464 971 Bacelrm
481 918 507 962 in
522 933 570 979 quo
586 917 701 980 oppidum
716 918 775 973 luit,
791 933 804 981 a
820 919 900 982 licta-is
917 919 1051 972 condimur,
1067 916 1135 980 quod
1150 915 1279 972 secundum

231 1009 242 1030 u
251 989 380 1052 Hyginum,
396 989 438 1049 qui
450 988 541 1049 scripsit
550 986 580 1032 de
592 989 638 1032 situ
651 987 744 1033 urbium
756 987 900 1043 Italicarum,
913 987 989 1033 Arrlou
1001 998 1035 1032 est
1044 1006 1054 1026 n
1072 988 1132 1044 (etti
1142 989 1167 1030 in
1181 985 1218 1030 bis
1227 1001 1277 1047 pos·

228 1060 309 1104 usmis
317 1073 368 1104 voc.
384 1056 454 1102 dubia
464 1055 558 1114 lectio).
578 1057 656 1102 Potest
672 1056 721 1102 haec
734 1059 843 1102 Serviana
855 1055 926 1103 lectio
935 1055 1047 1102 doctrinae
1058 1057 1164 1118 speciem
1178 1053 1277 1108 bahem

227 1143 282 1176 nam
298 1128 403 1174 similiter
414 1126 554 1190 Aulom'syue
566 1126 660 1174 exhibea
674 1127 750 1174 Acron
762 1128 792 1173 ad
805 1129 884 1174 Horat.
896 1129 907 1172 l
923 1127 967 1174 Od.
981 1126 1008 1173 16
1025 1126 1082 1186 (sed
1097 1127 1191 1189 Cruqu.
1208 1127 1276 1171 Com-

227 1211 299 1246 meat.
313 1198 432 1258 Οαιιὶοηίς)
443 1213 466 1245 et
475 1197 619 1261 Aulonesque
630 1214 694 1245 arces
705 1215 740 1262 pr.
751 1200 860 1246 Rottend.
871 1201 965 1262 Legitur
974 1211 1052 1245 autem
1062 1215 1100 1260 ap.
1111 1189 1223 1244 strabon.
1232 1199 1275 1252 vl,

225 1287 250 1333 p.
264 1271 306 1317 261
318 1261 344 1315 lt.
355 1271 392 1317 ed.
404 1271 456 1316 Par.
469 1265 603 1323 seusam,
619 1267 722 1333 rrpirsyor
739 1269 762 1316 d*
777 1265 883 1318 Atlantis
894 1268 1003 1332 λεγομένη
1015 1266 1054 1316 ltu
1065 1267 1104 1316 ‘tls
1116 1266 1276 1331 mponsr'ymer

226 1337 334 1393 ellare,
346 1339 371 1384 h.
382 1356 403 1386 e.
418 1337 555 1386 convallem.
570 1341 645 1388 Etiam
656 1339 737 1403 Steph.
750 1341 804 1404 Rye.
814 1339 838 1385 h.
848 1357 870 1385 v.
882 1339 910 1384 ab
920 1340 1026 1385 Hecataeo
1036 1338 1162 1385 Aulorsiem
1172 1351 1275 1385 vocatam

225 1423 351 1468 memorat,
368 1406 403 1458 ul
420 1407 447 1458 ‘ri
464 1408 535 1471 plen
551 1408 649 1462 eisdem
668 1399 723 1458 sim
742 1411 820 1471 (addit
832 1410 895 1458 idem
911 1411 940 1456 ab
956 1411 1028 1457 beroe
1045 1409 1147 1457 &alone
1162 1422 1275 1456 mutatum

225 1498 327 1540 nomen;
339 1486 381 1546 qui
392 1484 452 1530 forte
462 1481 547 1528 Certim
561 1481 601 1528 ille
611 1494 645 1528 est
659 1483 723 1545 apud
734 1485 851 1539 Servium,
863 1483 929 1528 Clitte
940 1483 1062 1529 Amazonis
1071 1482 1135 1529 lilius
1142 1500 1150 1539 ;
1164 1482 1209 1530 scd
1219 1499 1274 1545 pro-

224 1553 326 1598 babilius
338 1565 384 1609 est,
397 1552 491 1600 dialecti
500 1552 578 1615 aliqua
590 1554 676 1600 duritie
687 1553 828 1615 gutturalem
840 1556 972 1608 accessisse,
988 1569 1043 1600 nam
1052 1556 1077 1599 in
1086 1554 1205 1600 Maaochii
1215 1569 1274 1600 som·

225 1625 270 1668 niis
277 1622 307 1668 ad
312 1623 385 1668 Tabh.
393 1622 541 1669 Heracleens.
552 1639 575 1685 p.
588 1625 631 1686 527
641 1639 693 1686 sqq.
703 1659 710 1680 ,
721 1623 762 1669 ubi
772 1639 800 1669 ex
809 1622 880 1669 llebr.
893 1621 954 1678 sot,
964 1623 994 1669 de
1003 1639 1061 1669 voce
1071 1625 1162 1669 tonitru
1172 1636 1273 1685 accepta,

225 1691 302 1748 ducit,
315 1708 363 1738 non
375 1695 516 1751 moramur).
529 1694 562 1738 Ex
570 1691 643 1739 altera
654 1706 732 1739 tamen
743 1705 809 1756 parte
821 1695 919 1755 primam
930 1691 1021 1739 literam
1031 1694 1057 1737 in
1066 1695 1188 1755 principio
1197 1706 1274 1740 versus

225 1762 338 1808 excidisse
351 1765 375 1808 in
388 1777 435 1808 uno
448 1761 486 1808 vel
502 1761 575 1808 altero
589 1763 684 1818 codice,
696 1779 744 1827 quo
756 1765 848 1810 Servius
862 1763 982 1819 utebatur,
999 1778 1047 1808 uon
1060 1765 1139 1808 minus
1152 1761 1274 1824 probabile

225 1842 266 1876 est.
277 1830 347 1888 Quod
356 1846 394 1893 ap.
407 1832 486 1876 Horat.
499 1832 521 1875 ll
529 1831 643 1887 Carmeli,
659 1831 686 1878 18
698 1835 800 1879 occurrit
809 1841 833 1878 et
840 1836 926 1878 amum
938 1830 1015 1878 Aulon
1027 1830 1107 1877 Ferat·
1117 1830 1221 1887 Baccho,
1235 1831 1274 1876 uhi

223 1901 276 1948 Vet.
289 1901 367 1947 Schol.
378 1915 481 1948 montem
491 1917 540 1949 esse
550 1901 663 1948 Calabriae
677 1905 722 1960 ait,
735 1920 747 1950 e
773 1906 850 1967 lntpp.
864 1904 961 1951 laudant
969 1902 1082 1950 Martialis
1094 1903 1169 1949 illud:
1188 1901 1274 1950 Nobilis

222 1981 246 2018 et
259 1970 318 2018 unu
330 1981 354 2024 et
364 1972 425 2036 felix
440 1973 520 2020 vitibus
535 1973 625 2030 Aulon,
641 1973 667 2021 id
683 1975 713 2021 ad
751 1978 882 2027 arelatinum
898 1992 978 2038 agrum
994 1988 1097 2038 spectat,
1110 1989 1159 2020 non
1171 1973 1274 2020 adhunc

222 2043 350 2088 lsocrorum
362 2043 581 2108 Epizephyriorum,
591 2057 618 2090 ut
625 2048 673 2107 jam
683 2047 737 2091 satis
747 2045 811 2091 docti
822 2048 866 2092 viri
877 2045 1024 2099 docuerunt,
1033 2044 1142 2108 adeoque
1152 2043 1189 2088 nil
1196 2046 1274 2106 juvat,

222 2113 288 2175 quod
297 2113 321 2161 h.
333 2113 349 2158 l.
361 2113 466 2161 Caulonis
475 2115 572 2180 arcesb¹
586 2132 606 2162 e.
619 2131 685 2162 mons
695 2116 733 2163 vel
741 2118 928 2179 promontorium
938 2127 1088 2164 memoratur.
1105 2115 1159 2182 eod.
1173 2133 1198 2163 v.
1209 2119 1274 2160 nevi-

215 2184 312 2249 fmyum
320 2185 460 2246 Scylaceum.
473 2183 623 2235 seusana.
642 2187 744 2234 Multum
756 2187 889 2234 aberratum
898 2200 933 2234 est
941 2190 967 2233 in
978 2187 1015 2233 his
1023 2187 1121 2234 vocibus
1132 2202 1144 2232 a
1156 2185 1274 2232 librariis:

220 2255 369 2322 naufinqum,
378 2258 520 2323 naufrnqium
529 2283 561 2294 -
569 2256 721 2314 mamaeam,
731 2255 891 2317 Scyllecoeum,
905 2255 1049 2312 Scillaceum,
1064 2256 1194 2312 siliceum,
1211 2253 1274 2314 Scyl·

223 2324 289 2372 leum.
303 2325 350 2375 rid.
361 2331 423 2376 Pier.
434 2343 458 2378 et
466 2331 593 2378 Burmann.
602 2356 634 2367 —
644 2329 696 2387 ⁵54.
707 2328 764 2377 Cum
776 2330 887 2377 Rottend.
904 2345 950 2376 sec.
966 2341 989 2376 et
1005 2329 1088 2376 llamb.
1101 2344 1148 2376 sec.
1166 2330 1275 2373 Tn'rraerb

256 2464 591 2523 552.Tarentinumsinum
604 2471 721 2525 adextra
768 2472 831 2538 lon,
846 2471 887 2524 vel
903 2470 1051 2537 Caulonis,
1062 2467 1096 2542 [in
1118 2467 1173 2522 alto
1194 2467 1273 2519 liture
1322 2479 1323 2493 ¹

218 2537 412 2615 praetergressis
436 2550 465 2599 in
494 2564 639 2622 prospectu
662 2564 721 2604 erat
768 2551 811 2603 vel
824 2550 891 2604 colle
904 2550 1029 2616 condita,
1049 2547 1211 2600 Achaeorum
1229 2566 1273 2599 co·
1321 2595 1322 2607 .

219 2625 430 2694 promontorium
460 2628 630 2696 Lacinium,
664 2643 721 2682 tum
770 2630 851 2682 lonia.
865 2649 890 2682 v.
900 2629 986 2682 Strab.
999 2631 1090 2700 Vl‚p.
1104 2629 1151 2682 261
1165 2630 1196 2679 B.
1206 2629 1273 2679 Pau·

222 2701 352 2754 Caulonis
364 2706 392 2756 in
404 2720 494 2760 monte
507 2711 574 2775 sita,
591 2725 617 2763 et
630 2709 721 2781 Scyla-
770 2727 827 2760 san.
849 2710 899 2774 Vl,
920 2708 935 2760 3
956 2728 983 2780 p.
1005 2706 1057 2779 459
1078 2720 1105 2760 et
1125 2709 1218 2778 lntpp.
1239 2704 1272 2757 ad
1320 2709 1321 2719 ¹

218 2781 299 2833 ciram.
322 2785 380 2846 Liv.
402 2787 496 2852 XXIV,
517 2789 542 2841 3.
561 2789 611 2841 Sex
629 2788 719 2840 millia
767 2787 858 2859 Steph.
892 2791 996 2861 Byzant.
1030 2786 1057 2838 h.
1088 2804 1113 2836 v·
1143 2785 1273 2838 Serviana

218 2861 310 2912 alterat
323 2863 357 2914 ab
376 2865 438 2917 urbe
453 2864 608 2940 (Crotone)
630 2866 719 2921 nobile
767 2869 848 2940 plane
866 2869 1008 2940 ineptiunt.
1028 2869 1092 2918 Mox
1113 2864 1272 2936 Scylaceum

219 2937 365 3011 templum,
383 2944 438 3015 ipsa
449 2947 511 2997 urbe
523 2944 638 2999 nobilius
643 2985 653 3013 ‚
664 2948 718 2999 ἱα-
767 2948 810 3000 vel
825 2945 992 3018 Scylaeium,
1012 2946 1077 2998 olim
1094 2943 1272 3016 Scylletium,

217 3019 296 3071 cinioe
313 3021 579 3086 Junonr's,·'sanctum
597 3027 718 3080 omnibus
768 3029 982 3099 inconspectum
1001 3028 1089 3092 venit,
1102 3028 1130 3078 in
1143 3028 1272 3078 interiore
1317 3037 1318 3058 l

217 3098 286 3150 circa
302 3100 418 3171 populis.
436 3123 460 3155 v.
475 3105 513 3156 ibi
533 3106 619 3176 plura.
639 3105 717 3158 Adde
767 3109 845 3174 sinu,
868 3107 1040 3180 navifraqum
1062 3106 1090 3158 h·
1122 3107 1141 3158 l·
1167 3105 1272 3159 dictum
1316 3125 1317 3171 l

217 3177 303 3260 Strab.
325 3182 376 3246 Vl,
396 3201 422 3253 p.
446 3184 494 3237 261
517 3183 542 3236 D
563 3199 603 3250 et,
621 3199 717 3257 prater
767 3188 821 3239 sive
842 3198 954 3258 propter
980 3173 1155 3258 scopulosum
1189 3186 1271 3250 litus¹

216 3255 393 3328 Cluverium,
423 3261 494 3315 Serv.
522 3276 553 3332 et
581 3264 716 3332 ilerdam,
767 3266 803 3319 ad
815 3267 889 3337 quod
900 3267 965 3318 urbs
975 3267 1022 3319 illa
1041 3253 1217 3336 sit⁴a‚(qu0d
1229 3278 1271 3317 ta-

215 3335 326 3388 Ariston,
348 3339 382 3392 de
402 3341 463 3394 Μὴ,
488 3343 578 3396 Audit.
598 3363 626 3416 p.
647 3345 717 3415 726,
766 3365 828 3399 men
840 3359 920 3418 negat
932 3364 989 3399 esse
1000 3343 1272 3416 Swr'uburrre)Athe-
1314 3311 1315 3398 i

216 3413 304 3467 Schol.
326 3430 353 3469 et
375 3419 458 3473 Notas
483 3422 517 3474 ad
539 3422 669 3496 Lycophr.
689 3442 715 3474 v.
765 3428 898 3479 niensium
923 3426 1049 3488 colonia,
1073 3428 1129 3479 sire
1156 3438 1271 3498 propter

216 3494 278 3548 856.
299 3495 455 3566 attulisse,
479 3505 542 3572 quia
567 3505 716 3575 appropin-
765 3518 936 3578 tempestates
949 3507 1018 3559 inter
1036 3508 1090 3560 tria
1107 3519 1270 3578 promonto-

217 3575 361 3656 quantibus
384 3594 432 3632 aut
459 3581 583 3635 recedere
611 3596 714 3636 montes
763 3588 804 3639 ria
827 3589 955 3658 Iapygum
978 3598 1005 3640 et
1026 3583 1192 3652 Cocintum,
1219 3588 1271 3639 fre·
1311 3557 1313 3624 i

210 3654 394 3713 videaturaut
404 3663 598 3733 surgereSem.
607 3663 643 3715 cf.
654 3680 712 3735 sup.
765 3677 877 3736 quentes
908 3678 934 3716 et
967 3684 1071 3738 graves.
1103 3665 1176 3718 Nam
1207 3684 1272 3737 pro·

217 3733 324 3800 a'dlffl.
604 3761 609 3769 ·
764 3745 927 3796 montorium
955 3744 1111 3816 'Scylaeium
1146 3745 1269 3810 frustra,

241 3813 311 3868 ι553.
332 3815 430 3869 Versus
450 3828 568 3868 austrum
584 3821 715 3892 navigan·
763 3837 847 3895 puto,
866 3825 985 3896 ponitur.

214 3892 286 3944 tibus
305 3895 392 3965 primo
415 3894 476 3945 loco
501 3894 625 3949 Caulonis
639 3916 715 3953 crees
799 3901 959 3973 554-557.
994 3903 1145 3976 Scylaeium
1180 3906 1268 3955 sinum

218 3974 597 4047 apparentnevigantibumlr.
610 3975 714 4034 e-Cau·
762 3984 941 4056 prutervectis
972 3985 1029 4054 jam
1058 4003 1074 4038 e
1099 3983 1269 4058 longinquo,
