2718 4598
466 319 501 384 r.
525 320 757 386 vinorntt
780 287 1011 390 Minonis

216 445 423 536 Adfaturque
435 444 530 526 deos,
544 462 578 510 et
588 463 738 512 sanctum
750 443 840 510 sidus
852 445 976 512 adorat.
1221 471 1268 525 7⁰0

215 554 289 617 Jam
297 553 368 643 jam
379 553 470 617 nulla
481 568 645 618 moreest.
658 552 800 640 Sequor,
815 569 861 633 et,
875 576 941 642 qua
953 552 1083 632 ducitis,
1099 550 1232 619 adsum.

217 661 259 723 Di
271 660 383 749 patrii,
397 676 524 725 servate
540 656 691 738 domum,
705 676 832 724 servate
844 663 1018 748 nepotem!

214 767 370 830 Vestrum
382 765 447 831 hoc
458 767 648 854 augurium,
661 781 839 854 vestroque
852 765 886 829 in
898 767 1034 831 numine
1045 767 1146 858 Troja
1159 784 1221 833 est.

215 870 306 937 Cedo
320 870 489 961 equidem,
503 894 579 951 nec,
594 889 684 951 nate,
698 870 758 935 tibi
769 894 881 937 comes
894 872 941 937 ire
954 896 1082 940 recuso·
1173 893 1177 898 '

258 979 391 1043 Dixerat
403 979 476 1059 ille,
490 995 523 1042 et
530 978 598 1068 jam
610 1000 672 1066 per
683 979 804 1042 moenia
816 979 935 1045 clarior
946 979 1031 1066 ignis
1220 993 1267 1058 705¹

212 1083 369 1166 Auditur,
382 1086 587 1175 propiusque
600 1101 698 1149 aestus
711 1083 864 1150 incendia
875 1085 1024 1152 volvunt.

211 1193 299 1279 Ergo
311 1214 385 1280 age,
399 1215 473 1256 care
485 1206 592 1278 pater,
606 1187 726 1256 cervici
739 1193 911 1280 imponere
923 1207 1060 1256 nostrae:
1155 1185 1157 1192 ‘

211 1300 287 1386 lpse
300 1297 419 1362 subibo
431 1297 592 1376 humeris,
607 1320 668 1362 nec
681 1320 734 1360 me
746 1296 841 1362 labor
852 1297 913 1362 iste
926 1297 1091 1385 gravabit3

209 1405 285 1486 Quo
297 1425 349 1468 res
362 1425 506 1493 cumque
518 1402 652 1483 cadent,
665 1427 771 1468 unum
784 1421 817 1469 et
829 1426 1006 1470 commune
1018 1403 1197 1493 periclum,

219 341 281 407 292

240 1577 293 1623 7⁰⁰·
313 1572 417 1608 sanctum
433 1561 515 1608 lumen.
531 1562 621 1609 Zulich.
634 1588 665 1599 -
677 1578 730 1625 701.
747 1580 792 1628 quo
810 1561 901 1626 aliquot
917 1564 980 1610 Pier.
999 1563 1064 1609 Leid.
1078 1575 1102 1609 et
1112 1564 1184 1610 Goth.
1202 1579 1264 1621 sec,

208 1634 250 1680 sed
268 1634 316 1681 vid.
333 1635 374 1680 lib.
388 1636 413 1692 l,
427 1635 480 1693 lot.
496 1634 544 1680 Ecl.
563 1635 609 1691 tx,
628 1635 651 1692 l.
664 1660 695 1671 -
707 1651 760 1698 7⁰²·
778 1645 868 1700 nepotes
887 1651 933 1682 sec.
945 1637 1030 1683 Moret.
1039 1669 1046 1692 ,
1063 1636 1106 1681 sed
1121 1634 1169 1684 vid.
1182 1638 1261 1682 Bmm.

207 1727 239 1742 ν·
250 1704 302 1766 703.
316 1707 445 1751 Vestrumo
460 1709 582 1770 ouqurr'um
598 1722 639 1751 un.
653 1705 719 1751 Leid.
729 1723 752 1752 r.
764 1707 842 1752 Burm.
856 1706 886 1751 ad
898 1707 991 1754 Ovidl
1007 1709 1050 1768 Ep.
1060 1711 1122 1768 pot.
1141 1709 1264 1770 ruptarium

207 1784 242 1820 est
256 1776 349 1839 Menag.
362 1786 396 1822 est
409 1777 456 1822 line
475 1777 540 1822 deest
551 1779 636 1823 Moret.
654 1792 700 1822 sec.
711 1803 742 1812 -
753 1777 806 1839 704.
817 1786 885 1842 quote
900 1776 1014 1824 Montalh.
1026 1802 1057 1814 -
1070 1779 1122 1838 7⁰5·
1144 1775 1264 1822 illectione

206 1847 308 1893 Wlttset
317 1848 386 1894 Goth.
400 1863 446 1894 sec.
457 1845 619 1912 illeeqm'dem,
632 1863 675 1910 per
688 1848 725 1894 ed.
738 1849 831 1894 Ven—
843 1849 896 1910 706.
908 1865 953 1913 que
962 1851 1027 1896 abest
1035 1850 1103 1894 Voss.
1119 1846 1194 1894 voluit
1201 1849 1262 1894 Ven.

206 1941 238 1953 -
250 1917 302 1980 708.
313 1919 386 1966 subito
396 1937 432 1982 pr.
442 1920 535 1982 Menag.
550 1932 573 1966 ct
589 1921 649 1965 Ven.
659 1954 666 1976 ,
676 1919 744 1965 male.
759 1919 789 1964 sf.
802 1920 845 1965 inf.
863 1921 903 1977 w,
917 1923 969 1983 599.
982 1923 1061 1967 Heins.
1074 1945 1106 1956 -
1115 1935 1169 1982 709.
1179 1919 1264 1964 todoat

206 1988 302 2051 quidam
314 2005 351 2052 ap,
362 1990 423 2036 Pier.
433 1991 517 2036 cadent
526 1989 597 2035 walt.
607 1991 673 2036 cadet
685 1990 733 2036 duo
749 1990 828 2035 Burni.
840 1991 908 2036 cadot
918 1991 987 2037 Witt.
997 1991 1059 2037 cudit
1067 1989 1150 2035 llamb.
1164 2004 1210 2035 seo.
1222 2002 1263 2050 pe-

206 2121 298 2190 surgit.
325 2120 431 2192 affatur
459 2122 542 2187 deos,
570 2134 705 2192 precatur.

204 2209 337 2272 vestroque
359 2201 387 2252 in
408 2202 519 2253 numine
542 2201 621 2272 Troja
644 2213 706 2257 est:
733 2205 735 2210 ’

206 2295 318 2330 acumen
335 2282 479 2352 tragicum:
503 2279 576 2350 quod
597 2279 707 2331 dubiam

206 2359 351 2411 admodum
360 2362 607 2431 interpretationem
614 2360 706 2427 habet,

205 2452 231 2490 et
255 2439 371 2492 insolens
388 2454 446 2504 est,
467 2441 494 2490 in
516 2441 625 2492 numine
647 2458 705 2491 esse.

204 2517 273 2570 Cum
294 2518 350 2570 haec
379 2521 462 2571 verba
484 2521 627 2589 conjuncta
652 2521 706 2570 sint

205 2615 267 2650 oum
278 2597 345 2648 illis:
361 2597 479 2651 Vestrum
490 2597 538 2650 hoc
549 2599 705 2671 auqurt'um,

204 2690 287 2748 poeta
302 2676 452 2730 declarasse
467 2679 588 2743 ridetur,
606 2697 705 2730 numen

205 2758 256 2826 ipsi
267 2756 345 2808 simili
358 2757 506 2829 significatu
519 2777 576 2812 esse
587 2759 703 2824 dictum,

203 2835 231 2888 h.
245 2857 267 2889 e.
281 2856 331 2908 pro
346 2840 479 2912 auqurt'o,
492 2839 598 2904 omine,
612 2853 642 2890 ut
654 2842 701 2891 inf.

204 2915 267 2981 Vll,
285 2933 342 2986 119.
355 2920 385 2968 ln
398 2917 451 2970 hoc
464 2922 551 2970 omine
564 2928 600 2969 est
610 2918 702 2989 ijo,

204 2993 231 3046 h.
254 3015 278 3048 e.
297 2997 382 3048 fatum
399 2998 499 3066 Trojae,
519 3010 558 3062 et,
576 2996 649 3067 quod
671 3017 703 3049 ex

203 3076 297 3128 ceteris
315 3077 419 3143 elicias,
436 3077 565 3129 indicium
580 3077 702 3128 Anchise

201 3154 235 3206 de
247 3154 300 3207 hoc
316 3159 390 3208 fato:
403 3158 489 3226 Trojae
506 3155 637 3208 excidium
649 3157 702 3208 ins·

201 3247 258 3287 tare
271 3250 297 3288 et
309 3239 404 3290 urbem
416 3240 440 3289 ei
448 3256 504 3290 esse
518 3236 700 3292 deserendam.

200 3314 401 3387 simplicissima
407 3319 498 3388 itaque
503 3317 571 3370 ratio
577 3317 633 3370 haec
644 3332 698 3371 est:

199 3395 282 3465 Troja
299 3395 371 3463 haec,
392 3415 473 3466 quam
489 3416 538 3468 ego
558 3397 698 3464 deserere,

199 3476 243 3526 cui
260 3494 309 3547 ego
324 3488 457 3546 superstes
470 3494 526 3529 esse
539 3476 613 3527 nolui
622 3475 696 3546 (sup.

135 3607 142 3627 Ι
199 3554 283 3625 637),
294 3569 381 3608 vestro
391 3557 443 3608 hoc
457 3559 567 3628 augurio
577 3556 699 3609 declara-

197 3645 242 3683 tur
254 3634 319 3685 mihi
328 3635 476 3688 deserenda
488 3653 557 3706 esse„
564 3636 642 3706 Troja
651 3645 697 3701 est,

167 3744 169 3746 -
197 3713 280 3782 'l'roja
298 3714 364 3765 mihi
384 3717 448 3783 erit,
470 3732 524 3765 non
544 3713 618 3778 haec,
640 3733 698 3784 quae

197 3809 269 3844 nunc
277 3796 386 3846 incensa
395 3807 450 3859 est,
461 3794 522 3859 sed,
536 3811 696 3864 quocunque

196 3884 314 3940 uestrum
333 3873 487 3942 augurium,
508 3891 523 3922 o
545 3872 599 3938 dii,
617 3873 697 3926 ducet

198 3969 255 4002 nos.
269 3952 354 4016 Nam,
366 3963 396 4001 ut
405 3969 504 4002 novum
513 3953 598 4022 Trojae
609 3966 697 4006 ortum

197 4031 303 4084 ostendi
316 4031 367 4083 sibi
378 4029 506 4085 Anchises
517 4045 603 4106 putet,
612 4033 696 4086 multo

757 2124 876 2195 argutius
890 2141 970 2193 quam
984 2121 1065 2186 illud,
1074 2139 1132 2172 csse
1143 2119 1263 2184 videtur,

757 2204 834 2272 quasi
851 2203 902 2252 sit:
922 2202 1001 2272 Troja
1017 2211 1054 2252 est
1073 2201 1102 2250 in
1119 2210 1201 2251 vestro
1214 2218 1263 2249 nu·

757 2282 844 2347 mine,
856 2281 884 2333 h.
897 2301 921 2333 e.
936 2283 1018 2351 'l'roja
1031 2281 1115 2333 altera
1126 2280 1264 2350 promitti·

756 2375 800 2414 tur
811 2362 864 2414 hoc
877 2364 976 2427 omine,
991 2374 1021 2412 ut
1031 2363 1076 2427 111,
1091 2361 1124 2414 86
1133 2359 1213 2413 Serva
1222 2357 1262 2408 al·
1342 2365 1343 2385 l

757 2453 810 2494 tera
836 2443 920 2514 Trojoe
941 2443 1081 2514 Pergama.
1108 2442 1150 2492 Ita
1169 2453 1262 2512 tamen
1341 2449 1342 2452 ’

754 2521 860 2574 videtur
883 2523 1035 2591 accepisse,
1055 2521 1176 2590 quisquis
1200 2518 1261 2570 Ser·

753 2605 838 2655 vianis
862 2602 918 2653 htec
949 2603 1080 2654 attexuit:
1105 2601 1260 2672 Aupurt'um

754 2695 905 2753 numenque
915 2691 1026 2732 vestrum
1036 2677 1139 2751 efficiat
1150 2680 1258 2748 (immo,

753 2759 852 2832 efficit)
872 2779 905 2810 ne
924 2769 1015 2831 putem
1037 2758 1257 2829 Trojam.pert'sse.
1338 2823 1339 2826 Ἴ

752 2841 787 2890 At
796 2840 902 2892 Servius
913 2841 970 2909 ipse
980 2838 1032 2889 hoc
1039 2836 1122 2888 habet
1132 2858 1138 2886 ε
1148 2838 1177 2887 t'rt
1188 2837 1258 2889 vobis

753 2920 834 2971 habeo
858 2920 963 2990 Trojam
978 2927 1087 2989 propter
1111 2914 1182 2968 illud
1198 2933 1255 2985 sup.

751 2999 826 3066 642.-
849 2999 905 3050 Has
927 2996 996 3048 milri
1018 3006 1158 3048 servassent
1177 2996 1253 3047 sedes.

752 3078 826 3150 quod
838 3081 907 3130 forte
918 3080 945 3129 in
957 3078 1075 3148 priorem
1086 3088 1207 3127 nostram
1214 3093 1255 3126 ra·

751 3161 851 3211 tionem
870 3157 1039 3228 interpretari
1058 3157 1161 3226 possis;
1181 3173 1253 3206 nam·

752 3256 803 3308 que
827 3238 892 3290 alias
914 3236 970 3288 htec
995 3253 1055 3287 cum
1079 3235 1175 3286 ceteris
1198 3251 1252 3284 non

751 3319 814 3369 satis
825 3317 894 3368 bene
908 3315 1049 3367 convenire
1061 3310 1203 3377 videntur,
1212 3315 1265 3364 uti·

748 3415 798 3448 nec
808 3396 854 3450 illa
866 3396 1060 3466 interpretatio,
1070 3411 1153 3463 quam
1162 3395 1249 3469 Burm.

721 3509 724 3516 ·
748 3479 883 3546 sequitur:
905 3476 933 3525 in
951 3484 1033 3527 vestra
1047 3482 1193 3544 potestate,
1213 3482 1252 3523 tu·
1331 3513 1332 3548 3

748 3554 815 3620 tela,
831 3556 908 3626 Troja
919 3565 962 3606 est.

783 3635 842 3705 705.
865 3632 968 3686 Glorior
985 3631 1053 3704 ἐμπίς
1068 3630 1096 3681 h.
1116 3630 1134 3680 l.
1153 3629 1250 3684 clarior

747 3716 872 3785 strepitus
892 3715 973 3786 ignis,
984 3711 1146 3784 propiusque
1164 3711 1251 3760 incen-

747 3795 791 3846 dia
805 3793 914 3846 volvunt
930 3803 1022 3857 tostus,
1035 3791 1061 3843 h.
1076 3810 1099 3843 e.
1114 3791 1247 3852 calorem,

746 3876 928 3939 ornatissime,
947 3890 997 3944 pro
1016 3871 1139 3937 flamma,
1160 3873 1248 3922 incen-

746 3953 836 4020 dium,
848 3952 961 4025 pr‘opius
976 3951 1104 4023 adserpit.
