2694 4574
200 245 204 252 “
232 293 273 358 7⁰
465 269 512 358 r.
537 265 768 332 vinorum
790 262 1021 334 trunonis

231 393 363 480 Sceptra
375 401 504 469 tenens,
517 391 689 479 mollitque
702 391 842 470 animos,
857 407 889 454 et
902 407 1063 480 temperat
1074 381 1154 458 irus.¹

231 501 272 563 Ni
285 491 399 576 faciat,
409 499 510 562 marie
521 521 558 563 ec
570 515 671 562 terras
684 499 870 586 coelumque
883 497 1087 586 profundum
1121 532 1124 538 Δ

231 607 361 694 Quippe
374 607 480 670 ferent
493 605 598 694 rapidi
610 629 736 686 secum,
750 622 947 696 verrantque
959 629 1020 695 per
1030 631 1138 686 auree,

199 753 201 764 ·
232 711 296 777 Sed
310 729 403 800 pater
414 713 623 799 omnipotens
636 713 801 800 speluncis
813 711 940 776 abdidit
951 713 1042 791 atris,
1240 727 1274 773 σ..

227 821 305 884 Hoc
316 836 484 899 metuens3
497 820 687 908 molemque
699 836 731 884 et
742 820 863 884 montis
875 821 1011 906 insuper
1020 820 1104 885 altos

232 927 408 1014 lmpvosuit5
421 948 599 1015 regemque
612 925 717 1008 dedit,
732 928 788 1016 qui
801 925 925 991 foedere
938 939 1029 990 certo

232 1034 274 1096 Et
285 1056 449 1121 premere,
463 1050 496 1098 et
507 1035 593 1100 lexas
606 1035 702 1099 sciret
714 1033 791 1098 dere
800 1033 910 1123 jussus
924 1033 1077 1098 habenas.
1093 1049 1095 1054 '

232 1137 282 1204 Ad
296 1161 394 1227 quem
407 1155 478 1204 tum
489 1141 577 1203 June
590 1140 727 1226 supplex
739 1138 790 1202 his
803 1138 939 1204 vocibus
951 1161 1010 1203 usn
1019 1154 1089 1203 eet:

275 1243 381 1323 AEole,
395 1249 538 1332 ua'mque
551 1243 610 1308 tibi
623 1243 734 1308 divom
746 1261 840 1331 pater
850 1261 950 1332 etque
962 1243 1136 1308 hominum
1147 1266 1204 1308 rer
1243 1257 1275 1304 os

230 1350 272 1414 Et
283 1349 429 1414 mulcere
441 1347 533 1413 dedit
544 1349 663 1415 fluctus
676 1366 709 1414 et
721 1351 836 1414 tollere
848 1366 965 1429 vento,

263 1509 299 1568 57.
312 1506 477 1554 tenetllorvill.
489 1506 604 1572 nullisque
615 1523 676 1554 unus
687 1509 765 1554 Heius.
775 1533 806 1543 -
819 1507 856 1554 58.
868 1509 900 1553 Ni
908 1507 999 1570 fuorunt
1013 1507 1123 1552 Priscian.
1143 1519 1167 1552 et
1183 1506 1271 1552 Medio.

222 1577 304 1626 Etiam
322 1581 464 1640 Pomponius
481 1579 587 1625 Sabinum
599 1604 630 1614 -
642 1581 678 1640 59.
693 1578 858 1625 rabidiMoret.
875 1595 920 1625 sec.
939 1578 1173 1640 verruntqueMeuag.
1192 1592 1229 1638 pr.
1249 1589 1275 1621 et

233 1647 271 1694 ed.
284 1648 343 1692 Ven.
359 1647 424 1708 1472.
440 1659 573 1714 versantque
585 1649 678 1695 Vratisl.
693 1648 847 1720 traherentque
856 1649 953 1695 Oudart.
972 1656 1115 1710 maerentque
1124 1646 1189 1694 Leid.
1203 1661 1274 1691 unus.

231 1727 365 1781 ruerentque
380 1720 470 1780 llugen.
487 1720 528 1766 sed
542 1729 634 1765 verrant
649 1723 739 1782 egregie
752 1736 795 1782 pro
807 1719 932 1782 diripiant,
949 1730 1072 1781 spargam
1088 1729 1111 1764 et
1123 1729 1156 1764 eut
1174 1719 1276 1763 omnino

228 1805 281 1847 joc.
291 1802 421 1835 ventorum.
428 1807 470 1854 por
480 1807 547 1838 aures
555 1795 620 1837 Junt.
631 1792 668 1838 ed.
676 1791 756 1839 -6o.
764 1791 851 1837 addidit
861 1804 907 1839 tret
918 1793 996 1836 Burm.
1007 1793 1068 1836 inter
1077 1805 1136 1853 quos
1147 1789 1278 1850 llamburg.

229 1875 265 1921 pr.
284 1860 371 1904 addidit
384 1863 434 1907 imis
450 1878 494 1924 pro
508 1879 556 1908 var.
576 1862 630 1908 lect.
642 1888 674 1898 -
685 1861 722 1907 61.
742 1863 771 1908 Id
786 1871 885 1907 metuens
897 1873 943 1908 tres
960 1878 997 1924 ap.
1013 1862 1092 1905 Burm.
1108 1876 1136 1904 ex
1152 1877 1174 1910 u.
1188 1859 1225 1904 23.
1242 1885 1275 1894 -
1342 1863 1343 1866 ’

229 1929 267 1974 63,
281 1929 355 1992 lapsus
370 1943 393 1977 et
403 1935 484 1995 jussus
495 1933 548 1980 dare
557 1935 625 1979 seim
634 1934 714 1979 iidem.
726 1957 757 1970 -
768 1933 806 1980 66.
818 1932 928 1980 emulcere
941 1931 1018 1978 Mead.
1030 1939 1106 1976 uentos
1118 1932 1280 1979 nouantem

230 2011 254 2048 et
264 2002 318 2049 edd.
328 2002 462 2061 nonnullee5
474 2007 543 2051 etiam
552 2005 677 2068 llamburqt
688 2020 733 2053 see.
743 2007 821 2061 minus
833 2005 909 2050 docte.
920 2005 951 2050 ol.
962 2004 1042 2049 Burm.

230 2154 314 2207 trum,
331 2143 385 2194 alto
406 2145 435 2195 in
455 2146 554 2196 montis
572 2147 727 2210 cacumine,
774 2155 883 2216 prestat
896 2143 1002 2214 insuper
1013 2143 1047 2195 ad
1060 2142 1277 2215 imposuitrefer*

229 2223 301 2276 infra
315 2222 364 2288 140
376 2219 439 2273 nula
455 2223 527 2276 diota
545 2243 566 2276 s.
586 2227 666 2296 regia.
684 2227 727 2277 ste
775 2241 820 2289 re,
831 2225 1038 2294 superimposuit
1051 2237 1167 2288 montem
1180 2221 1274 2280 altum.

230 2301 303 2371 apud
313 2303 457 2352 Homerum
468 2302 563 2374 Odyss.
572 2323 634 2374 upr.
644 2303 727 2355 habet
770 2302 871 2373 foedere
884 2313 969 2366 certo,
982 2314 1054 2353 certa
1068 2299 1140 2372 lege,
1153 2303 1256 2351 ratione
1267 2321 1276 2360 ς

228 2381 330 2450 regiam
348 2379 454 2444 AEolus,
472 2393 540 2433 utet
561 2381 633 2452 apud
646 2383 731 2448 Quin·
775 2399 831 2432 non
842 2393 942 2432 temere
953 2392 979 2432 et
991 2381 1274 2450 proeorumimpetu:

229 2469 286 2510 tum
297 2457 315 2508 l.
329 2477 352 2509 o.
366 2458 425 2528 475.
443 2457 532 2510 mollit
541 2461 656 2524 animos,
675 2462 726 2510 roi·
773 2477 907 2530 premere:
917 2457 1036 2510 habenas
1047 2458 1181 2523 inhibere,
1192 2470 1278 2509 retra-

229 2536 350 2610 tigat,h.
364 2559 386 2589 e.
401 2537 504 2602 domat,
517 2540 593 2606 depqi.
606 2539 727 2609 reprimit
774 2536 838 2594 here
859 2559 864 2588 ι
888 2555 952 2608 opp.
978 2535 1049 2589 laxas
1069 2539 1148 2602 dare,
1173 2537 1275 2589 laxare.

231 2635 262 2668 ac
271 2629 375 2668 coercet
387 2635 478 2668 eorum
489 2619 613 2690 impetus,
623 2630 650 2670 et
665 2618 728 2683 iras,
774 2615 859 2668 modo
867 2634 989 2672 eoeroere
1008 2614 1054 2684 (v.
1073 2615 1107 2682 54
1120 2615 1277 2687 frenare),

186 2735 195 2752 .
230 2697 343 2750 furores.
561 2709 562 2712 ’
775 2695 858 2747 modo
870 2695 1024 2749 liberiorem
1035 2697 1164 2765 impetum
1176 2713 1275 2746 eonce-

267 2773 310 2826 58.
326 2773 366 2825 Ni
375 2773 510 2843 faeiat-
521 2775 620 2847 quippe
635 2775 730 2846 sterant
776 2773 856 2840 dere,
867 2775 1030 2845 omninoque
1041 2773 1182 2828 moderari.
1186 2777 1277 2845 jussus

230 2853 385 2923 exquisitius
394 2871 473 2922 quam
483 2853 606 2924 vulgare,
619 2850 729 2926 quodni
777 2871 794 2906 a
803 2855 879 2906 Jove.
891 2857 926 2906 ef.
941 2871 982 2925 77.

225 2930 316 3002 faeiat
332 2931 440 2998 AEolus,
453 2933 548 3004 ferunt
567 2926 726 3004 aliquamdi,
811 2931 845 2986 65
869 2963 903 2972 -·-
923 2935 965 3004 69.
987 2931 1083 2999 AE'ole,
1107 2951 1221 3006 namque
1239 2963 1273 2974 -

229 3007 259 3066 di
271 3011 310 3078 iu.
322 3012 408 3064 Etiam
419 3011 550 3082 pedestris
567 3013 728 3081 oratio-pos·
775 3014 883 3084 poetice
892 3014 975 3077 ratio,
986 3031 1039 3084 qua
1051 3011 1061 3082 (
1071 3013 1178 3064 Homeri
1188 3031 1279 3064 exem-

230 3091 341 3144 tularet:
354 3091 474 3162 Quippe,
484 3090 726 3160 nifaciat,ferant.
776 3092 822 3163 plo
834 3088 880 3160 peip
892 3111 917 3144 v.
931 3110 954 3142 o.
966 3091 1042 3143 lliad.
1054 3111 1088 3152 u,
1103 3091 1164 3156 103,
1177 3089 1225 3142 ubi
1236 3092 1276 3142 of.

231 3171 285 3226 alio
306 3170 408 3223 ordine.
431 3171 596 3242 profundum
612 3167 726 3234 coelum,
774 3171 836 3223 Em.
850 3171 987 3242 lformam
998 3169 1128 3241 pedestris
1140 3171 1273 3220 orationis

231 3251 328 3315 altum,
339 3267 365 3303 v.
388 3250 423 3302 ad
441 3249 727 3321 Georg.11,288.lin-
774 3251 802 3303 in
826 3269 921 3304 caussa
943 3249 1081 3304 reddenda
1098 3249 1225 3318 relinquit
1246 3263 1275 3302 et

230 3329 290 3380 buit
301 3341 383 3399 poeta
399 3342 461 3380 ante
472 3327 563 3379 oeulos
581 3328 684 3380 Lucret.
698 3330 726 3395 l,
774 3331 854 3383 simul
861 3331 977 3383 orationi
985 3329 1178 3382 vehementium
1188 3329 1276 3382 eflec-

230 3423 291 3476 279·
311 3409 362 3459 280
378 3407 459 3460 Venti
467 3436 501 3444 —
513 3425 621 3478 corpora
640 3425 726 3472 σασα,
773 3423 817 3463 tus
834 3410 975 3462 conciliet:
993 3405 1086 3470 AE'ole,
1098 3405 1273 3478 quondoqui-

134 3493 136 3498 ’
233 3485 296 3555 Quor
307 3502 393 3548 maru,
405 3501 463 3556 quoe
475 3495 568 3550 terras,
585 3504 643 3558 quoe
653 3486 727 3538 deni-
775 3490 836 3543 dem
855 3489 902 3541 titt
917 3489 1039 3559 Jupiter,
1054 3480 1129 3552 uenis
1147 3484 1234 3554 irdpir'
1244 3507 1273 3540 ιη

143 3581 144 3587 ’
231 3581 283 3634 que
293 3560 386 3614 nubila
402 3560 462 3614 coett
477 3564 591 3616 Verrunt
600 3582 633 3616 ao
641 3565 728 3618 subito
774 3571 834 3622 ster
852 3587 896 3620 ‘rur
907 3567 979 3620 dedit
989 3564 1051 3628 lroc,
1067 3575 1096 3614 ut
1109 3564 1189 3634 possis
1201 3576 1270 3617 tem·

226 3639 466 3696 vexantiaturbine
479 3653 592 3714 raptant·
772 3657 881 3720 pertates
894 3645 1006 3696 excitare
1015 3653 1042 3693 et
1051 3643 1155 3707 sedare,
1167 3643 1271 3695 concita

244 3761 247 3768 .
267 3719 302 3772 60
313 3748 348 3758 -—
359 3719 402 3784 tit.
422 3722 537 3774 Primum
553 3734 646 3793 ventos
664 3740 726 3793 spe·
775 3716 863 3780 ventos
872 3765 880 3792 ‚
900 3737 930 3777 ut
946 3735 994 3777 aut
1010 3725 1137 3775 obruatur
1140 3723 1272 3799 fluetibus

148 3825 152 3831 ·
227 3797 317 3866 ¹innuis
329 3799 449 3863 inclusit,
460 3799 574 3871 insuper,
582 3813 725 3872 preterea,
775 3807 860 3860 classis
873 3805 942 3857 milri
950 3803 1049 3868 inuisa,
1059 3804 1271 3874 autdisjietatur„

231 3875 328 3929 molem
340 3874 386 3946 et(
398 3895 456 3949 quae
471 3877 546 3932 molis
558 3892 598 3932 est
614 3881 727 3952 explica·
775 3884 1011 3961 Mulcerejlnetur,
1021 3885 1179 3954 reprimere,
1189 3881 1273 3934 ottol-

233 3956 270 4011 tio
280 3957 398 4032 >monuo
408 3957 474 4016 altor
482 3961 514 4014 iis
523 3963 658 4035 imposuit.
668 3964 727 4024 Nisi
775 3964 828 4022 lere
840 3982 885 4020 eos
897 3975 971 4018 uento
980 4001 991 4031 ,
1001 3963 1030 4018 h.
1042 3983 1065 4018 e·
1078 3965 1228 4030 concitare,
1239 3975 1270 4014 ut
