2742 4586
227 310 289 376 270

475 297 508 356 P.
533 293 767 357 VIRGILII
789 297 1020 368 MARONlS

224 413 299 477 Una
311 415 426 502 ingens
438 417 608 505 Periphas,
624 435 656 482 et
668 441 830 508 equorum
842 423 982 508 agitator
992 425 1128 492 Achillis

224 521 374 608 Armiger
385 523 609 602 Automedon,
625 548 690 588 una
703 527 809 590 omnis
821 527 931 617 Scyria
943 529 1048 614 pubes

169 649 172 655 ·
225 625 413 691 Succedunt
425 644 526 708 tect0,
541 646 573 694 et
585 629 732 696 flammas
744 631 785 696 ad
799 635 941 698 culmina
950 637 1084 724 jactant.
1117 685 1121 692 -

226 731 301 818 Ipse
314 732 400 796 inter
411 736 704 826 primosconrepta
717 737 800 802 dura
812 739 949 828 bipenni

225 837 355 903 Limina
367 845 564 931 perrumpit,
578 862 757 935 postesque
770 870 789 910 a
801 847 934 912 cardine
946 851 1038 914 vellit

1228 863 1275 921 ἅθ’

225 946 365 1026 AEratos3
374 947 510 1038 jamque
523 951 628 1014 excisa
641 952 733 1016 trabe
746 952 839 1016 firma
852 957 978 1020 cavavit

225 1049 371 1130 Robora,
386 1070 418 1116 et
431 1055 598 1141 ingentem
610 1055 675 1119 lato
689 1054 782 1121 dedit
794 1082 850 1122 ore
863 1060 1052 1125 fenestram.

224 1152 371 1241 Adparet
384 1157 502 1223 domus
515 1161 616 1239 intus,
632 1179 664 1225 et
676 1163 756 1225 atria
769 1164 865 1251 longa
878 1182 1066 1252 patescunt,

227 1258 395 1348 Adparent
407 1266 527 1328 Priami
540 1283 572 1331 et
584 1285 734 1331 veterum
747 1271 927 1356 penetralia
941 1296 1071 1360 regum3

227 1369 444 1459 Armatasque
457 1371 570 1436 vident
583 1376 696 1438 stantis
709 1375 742 1438 in
755 1376 868 1440 limine
881 1379 999 1464 primo.
1230 1389 1273 1446 485

220 1549 223 1556 Ι
271 1477 312 1537 At
324 1475 443 1542 domus
456 1479 594 1562 interior
606 1482 730 1567 gemitu
742 1483 932 1570 miseroque
945 1484 1089 1547 tumultu

227 1579 401 1662 Miscetur3
414 1585 613 1674 penitusque
626 1609 714 1650 cavae
726 1587 940 1675 plangoribus
953 1588 1040 1654 aedes

260 1757 313 1820 476.
324 1761 452 1824 Peryphm,
469 1764 577 1829 Poryfus,
588 1767 688 1832 Perifus,
703 1765 763 1816 male
770 1769 795 1814 in
802 1766 868 1816 libris
875 1771 1033 1832 scriptum—
1041 1765 1094 1831 477-
1103 1765 1244 1814 Aclomedssn
1255 1776 1277 1810 ²²

228 1829 306 1884 Syria,
323 1830 420 1888 Soliirt'u,
439 1835 501 1880 Seria
515 1840 596 1883 vitiose
609 1839 633 1882 in
643 1838 717 1884 libris.
730 1840 875 1885 Aummrdon
881 1842 994 1902 Pompon.
1002 1841 1055 1885 Sab.
1063 1855 1139 1886 omnes
1149 1835 1236 1882 Medic.
1247 1859 1276 1870 -
1350 1901 1351 1912 ,

229 1898 284 1959 478.
294 1903 418 1950 succedunt
427 1921 491 1952 muro
500 1909 593 1954 Servius
603 1910 644 1954 int.
658 1907 717 1956 adv.
732 1913 789 1973 723,
802 1912 842 1957 ubi
851 1915 905 1958 etin
915 1910 978 1956 MSS.
989 1920 1012 1956 et
1018 1907 1137 1970 flammam
1149 1909 1277 1972 adfastiqit
1350 1919 1351 1928 ¹

226 1968 322 2028 jactant.
337 1996 369 2005 -
382 1971 436 2034 479.
452 1985 552 2020 correcto
571 1978 815 2037 nnusLeid.—Asso.
834 1983 961 2044 prorumpit
978 1981 1071 2040 Menaq.
1091 1996 1127 2040 pr.
1146 1977 1278 2041 proerumpt't
1350 2001 1351 2042 y

230 2035 334 2084 Venetus
351 2057 365 2084 o
381 2057 401 2086 c.
416 2047 500 2106 rumpit
514 2046 584 2092 Wall.
594 2065 608 2093 a
621 2063 651 2093 m.
664 2065 700 2110 pr.
712 2075 743 2085 —
755 2049 808 2106 481.
820 2060 913 2097 auratos
927 2068 962 2113 pr.
978 2049 1059 2094 Hamb.
1066 2047 1168 2111 ferratos
1180 2049 1246 2092 Voss.
1258 2053 1279 2089 et

225 2108 276 2168 J'am
287 2108 379 2172 Menag.
389 2128 425 2174 pr.
436 2117 523 2160 exct'ssa
531 2117 629 2163 Oudart.
639 2119 844 2183 cavabatLonyyob.
853 2147 884 2156 -
891 2119 944 2182 487.
955 2117 1097 2182 clanqorit'rus
1107 2129 1209 2180 quatuor
1218 2113 1278 2177 apud

230 2252 278 2302 sim
292 2254 346 2306 alii.
360 2257 562 2329 Comparandus
575 2263 642 2315 alter
653 2264 728 2318 locus

230 2329 326 2404 Georg.
340 2334 386 2385 lib.
400 2339 451 2405 Ill,
465 2340 525 2410 437.
542 2343 573 2407 8,
587 2362 617 2412 9,
635 2344 734 2396 iisdem-

229 2411 285 2463 fere
298 2415 426 2467 versibus.

266 2493 428 2564 476-478.
452 2499 575 2552 Occurrit
603 2505 729 2576 Periphas

231 2571 304 2640 apud
329 2575 491 2642 Homerum,
514 2580 561 2631 sed
587 2601 640 2634 non
664 2584 729 2646 hic;

230 2649 433 2705 Automedontis
458 2654 607 2721 tuentum,
633 2665 730 2734 aurigae

231 2727 357 2797 Achillis,
371 2736 466 2803 saepius
476 2735 505 2786 fit
517 2742 625 2791 mentio.
640 2742 729 2810 Scyro.

230 2809 319 2884 insula
331 2812 364 2864 de
376 2813 536 2886 Cycladibus
553 2837 622 2884 una,
638 2825 729 2892 copias

230 2889 378 2944 adduxerat
390 2895 519 2967 Pyrrhus,
537 2900 571 2950 ab
584 2920 633 2952 avo
646 2903 731 2973 Lyco-

231 2971 308 3022 mede
322 2989 459 3046 acceptas,
471 2980 544 3048 cnjus
555 2979 623 3047 filia,
637 2981 732 3032 Deida-

232 3053 299 3117 mia,
311 3056 404 3128 Pyrrhi
421 3072 506 3111 mater
518 3080 549 3111 ex
560 3061 680 3114 Achille:
695 3064 729 3112 cf.

231 3131 306 3184 Iliad.
319 3157 346 3196 rr,
360 3138 412 3188 326
422 3157 480 3209 sqq.
492 3141 586 3211 Odyss.
595 3157 621 3200 λ,
632 3141 682 3194 505
691 3160 730 3213 sq.

231 3211 284 3262 Sed
299 3217 420 3269 fabulum
432 3220 465 3272 de'
478 3221 582 3272 Achille
596 3223 668 3293 apud
681 3226 732 3295 Ly·

234 3295 372 3348 eomedem
396 3298 495 3352 latente
522 3303 653 3353 Homerus
677 3322 731 3354 non

231 3371 328 3425 habet:
343 3379 486 3430 succedunt
495 3391 575 3445 tecto,
585 3380 611 3432 h.
624 3401 647 3434 e.
662 3385 731 3435 fores

232 3445 397 3507 adoriuntur.

268 3533 319 3602 479
329 3565 362 3573 -
373 3538 433 3602 482.
447 3540 520 3609 Ipse,
533 3541 660 3612 Pyrrhus,
673 3545 731 3612 quis

231 3611 353 3665 dubitet:
367 3635 398 3667 ex
411 3618 475 3687 469,
490 3620 541 3689 470
556 3633 582 3672 et
595 3621 654 3690 491.
668 3622 731 3672 dum

233 3688 731 3766 limina,ipsasforeseduramateria,

231 3768 292 3822 ilice
304 3773 403 3835 factam
418 3795 461 3828 eas
475 3779 554 3828 etiam
566 3797 615 3849 per
630 3791 731 3849 postes,

232 3861 259 3900 et
273 3853 380 3920 quidem
393 3875 442 3906 aere
460 3856 606 3922 obductos,
625 3871 715 3911 oerotos
723 3899 732 3925 ,

232 3927 366 4003 intelligo,
384 3951 451 4004 quos
469 3932 557 4000 uellit,
576 3950 677 4003 movet,
696 3939 734 3991 la-

232 4007 364 4075 befactat,
376 4032 392 4062 a
409 4012 531 4080 cardine,
549 4030 579 4068 ut
596 4031 733 4084 amoveat,

780 2267 916 2318 annititur.
938 2268 1016 2317 Nunc
1043 2265 1114 2318 enim
1134 2261 1223 2312 adhuc
1245 2258 1275 2309 ds

766 2374 769 2382 =
780 2360 878 2398 conatu
886 2349 989 2417 agitur:
1001 2347 1035 2396 cl.
1050 2346 1115 2413 492,
1127 2341 1188 2412 493.
1198 2341 1278 2406 Quin·

779 2439 821 2478 tus
845 2426 902 2478 Cal.
927 2428 967 2490 X,
992 2425 1042 2476 388
1067 2422 1198 2474 similibus
1224 2421 1277 2470 fere
1350 2425 1351 2464 5

778 2506 883 2558 verbis:
895 2504 1011 2574 “sspyuyrar
1024 2499 1049 2554 A
1060 2499 1146 2570 misyos
1162 2494 1277 2564 Ssuperior
1350 2559 1351 2570 ,

780 2584 898 2654 Πριάμοιο
915 2581 1008 2653 Ἀθρόοι
1033 2577 1221 2651 ι”γχριμφθίντκ
1240 2576 1279 2628 ὑπ’

780 2663 920 2730 ἀμφιτόμοις
927 2662 1133 2728 πιλίκισσιῬιῗξαιι
1143 2659 1226 2724 τείχεα
1232 2678 1277 2722 μοι·

779 2741 838 2812 apul,
851 2741 927 2799 πύλαις
941 2745 964 2793 ‹l’
975 2743 1003 2797 tic
1015 2737 1083 2796 oddar
1094 2740 1178 2808 ipsium
1191 2737 1278 2806 Ourprir

782 2821 936 2888 ἱξιρύσκντις.
959 2822 1079 2874 Tandem
1101 2831 1234 2890 perrupta
1255 2830 1278 2868 et

781 2896 1278 2973 perforataelores,laxataasserum,vel

782 2985 916 3054 tignorum
941 2993 1188 3053 coagmentatorum
1213 2997 1278 3029 com-

781 3082 861 3134 page:
868 3065 977 3133 jamque
983 3061 1086 3111 curavit
1094 3061 1184 3110 roboro
1185 3056 1277 3130 firma,
1350 3075 1351 3080 ¹

781 3144 853 3193 fores
864 3143 1005 3204 roboreus,
1018 3141 1102 3192 excisa
1114 3141 1199 3203 trabe,
1213 3155 1279 3189 asse·

782 3241 827 3288 re,
851 3233 877 3272 et
894 3222 983 3285 dedit,
1002 3221 1109 3280 effecit,
1126 3217 1279 3280 fenestram,

782 3313 949 3370 aperturam,
965 3301 1098 3370 inpentom
1109 3296 1163 3347 loto
1174 3314 1231 3359 ore,
1241 3296 1279 3344 fo·

781 3383 901 3444 tamine,
933 3396 987 3450 quo
1023 3388 1182 3447 prospectus
1215 3376 1280 3424 intra

783 3460 878 3508 atrium
892 3458 1022 3510 eflicitur:
1036 3456 1096 3522 483.

818 3539 869 3605 483
883 3557 941 3608 sqq.
953 3537 995 3588 Ad
1009 3537 1136 3588 aflectum
1145 3535 1203 3586 haec
1216 3552 1280 3604 mug-

781 3639 817 3671 na
836 3639 896 3670 curn
917 3633 973 3670 arte
994 3618 1116 3670 traducta
1137 3635 1210 3683 esse,
1229 3619 1280 3686 jam

783 3700 827 3751 alii
847 3714 908 3770 post
924 3700 1086 3770 Scaligerum
1104 3698 1236 3749 viderunt.
1249 3726 1280 3734 -

785 3781 844 3846 485.
857 3779 964 3829 Armati
976 3789 1051 3842 sunt,
1063 3779 1109 3847 qui
1119 3795 1143 3825 v.
1155 3777 1222 3845 449,
1233 3773 1280 3840 4ὅό

783 3859 1008 3910 memorabantur.

820 3939 871 4004 486
888 3956 947 4008 sqq.
967 3940 1077 4008 Proprie
1104 3934 1223 3998 clamor,
1248 3930 1280 3982 la·

784 4019 886 4086 crimoe,
903 4019 1016 4091 yemitus
1032 4019 1174 4082 miscetur,
1197 4027 1280 4086 quate-
