<?xml version="1.0" encoding="UTF-8"?>
<!DOCTYPE html PUBLIC "-//W3C//DTD XHTML 1.0 Transitional//EN"
    "http://www.w3.org/TR/xhtml1/DTD/xhtml1-transitional.dtd">
<html xmlns="http://www.w3.org/1999/xhtml" xml:lang="en" lang="en">
 <head>
  <title>
</title>
<meta http-equiv="Content-Type" content="text/html;charset=utf-8" />
  <meta name='ocr-system' content='tesseract 3.04.00' />
  <meta name='ocr-capabilities' content='ocr_page ocr_carea ocr_par ocr_line ocrx_word'/>
</head>
<body>
  <div class='ocr_page' id='page_1' title='image "./pvirgiliusmaroq00barbgoog_0225.png"; bbox 0 0 2742 4586; ppageno 0'>
   <div class='ocr_carea' id='block_1_1' title="bbox 454 353 1140 444">
    <p class='ocr_par' dir='ltr' id='par_1_1' title="bbox 454 353 1140 444">
     <span class='ocr_line' id='line_1_1' title="bbox 454 353 1140 444; baseline 0.006 -23"><span class='ocrx_word' id='word_1_1' title='bbox 454 353 517 444; x_wconf 70' lang='lat' dir='ltr'><strong>so</strong></span> <span class='ocrx_word' id='word_1_2' title='bbox 539 357 739 423; x_wconf 78' lang='lat' dir='ltr'><strong>nrauuu</strong></span> <span class='ocrx_word' id='word_1_3' title='bbox 763 359 788 422; x_wconf 88' lang='lat'><strong>1.</strong></span> <span class='ocrx_word' id='word_1_4' title='bbox 1078 363 1140 425; x_wconf 79' lang='lat'><strong>213</strong></span> 
     </span>
    </p>
   </div>
   <div class='ocr_carea' id='block_1_2' title="bbox 96 475 1145 946">
    <p class='ocr_par' dir='ltr' id='par_1_2' title="bbox 96 475 1145 946">
     <span class='ocr_line' id='line_1_2' title="bbox 96 475 1142 551; baseline 0.002 -19"><span class='ocrx_word' id='word_1_5' title='bbox 96 479 208 532; x_wconf 83' lang='lat' dir='ltr'><strong>nurnine</strong></span> <span class='ocrx_word' id='word_1_6' title='bbox 224 481 291 541; x_wconf 81' lang='lat' dir='ltr'><strong>iuit;</strong></span> <span class='ocrx_word' id='word_1_7' title='bbox 304 489 331 530; x_wconf 85' lang='lat' dir='ltr'><strong>et</strong></span> <span class='ocrx_word' id='word_1_8' title='bbox 346 475 420 529; x_wconf 81' lang='lat' dir='ltr'><strong>Accii</strong></span> <span class='ocrx_word' id='word_1_9' title='bbox 432 477 538 531; x_wconf 77' lang='lat' dir='ltr'><strong>Ilionea</strong></span> <span class='ocrx_word' id='word_1_10' title='bbox 552 498 584 532; x_wconf 86' lang='lat' dir='ltr'><strong>ex</strong></span> <span class='ocrx_word' id='word_1_11' title='bbox 594 481 682 532; x_wconf 87' lang='lat' dir='ltr'><strong>Nonio</strong></span> <span class='ocrx_word' id='word_1_12' title='bbox 692 479 798 533; x_wconf 82' lang='lat' dir='ltr'><strong>laudari</strong></span> <span class='ocrx_word' id='word_1_13' title='bbox 815 478 920 545; x_wconf 85' lang='lat' dir='ltr'><strong>rideas,</strong></span> <span class='ocrx_word' id='word_1_14' title='bbox 933 481 1002 533; x_wconf 87' lang='lat' dir='ltr'><strong>male</strong></span> <span class='ocrx_word' id='word_1_15' title='bbox 1014 481 1048 533; x_wconf 85' lang='lat' dir='ltr'><strong>ab</strong></span> <span class='ocrx_word' id='word_1_16' title='bbox 1066 482 1142 551; x_wconf 86' lang='lat' dir='ltr'><strong>aliis,</strong></span> 
     </span>
     <span class='ocr_line' id='line_1_3' title="bbox 97 559 1140 624; baseline 0.001 -11"><span class='ocrx_word' id='word_1_17' title='bbox 97 562 180 613; x_wconf 86' lang='lat' dir='ltr'><strong>etiam</strong></span> <span class='ocrx_word' id='word_1_18' title='bbox 196 578 213 612; x_wconf 88' lang='lat' dir='ltr'><strong>a</strong></span> <span class='ocrx_word' id='word_1_19' title='bbox 224 559 373 624; x_wconf 81' lang='lat' dir='ltr'>Columna,</span> <span class='ocrx_word' id='word_1_20' title='bbox 391 561 460 612; x_wconf 88' lang='lat' dir='ltr'><strong>inter</strong></span> <span class='ocrx_word' id='word_1_21' title='bbox 472 560 605 612; x_wconf 80' lang='lat' dir='ltr'><strong>Ennianus</strong></span> <span class='ocrx_word' id='word_1_22' title='bbox 619 561 725 614; x_wconf 87' lang='lat' dir='ltr'><strong>fabulas</strong></span> <span class='ocrx_word' id='word_1_23' title='bbox 738 573 978 613; x_wconf 79' lang='lat' dir='ltr'><strong>commemoratam.</strong></span> <span class='ocrx_word' id='word_1_24' title='bbox 993 561 1031 613; x_wconf 84' lang='lat' dir='ltr'><strong>Ex</strong></span> <span class='ocrx_word' id='word_1_25' title='bbox 1043 581 1076 614; x_wconf 86' lang='lat' dir='ltr'><strong>ea</strong></span> <span class='ocrx_word' id='word_1_26' title='bbox 1087 561 1140 614; x_wconf 88' lang='lat' dir='ltr'><strong>dic·</strong></span> 
     </span>
     <span class='ocr_line' id='line_1_4' title="bbox 96 635 1145 712; baseline 0.001 -21"><span class='ocrx_word' id='word_1_27' title='bbox 96 653 156 690; x_wconf 88' lang='lat' dir='ltr'><strong>tum</strong></span> <span class='ocrx_word' id='word_1_28' title='bbox 168 640 236 692; x_wconf 90' lang='lat' dir='ltr'><strong>illud</strong></span> <span class='ocrx_word' id='word_1_29' title='bbox 248 665 253 692; x_wconf 91' lang='lat'><strong>:</strong></span> <span class='ocrx_word' id='word_1_30' title='bbox 270 642 392 692; x_wconf 82' lang='lat' dir='ltr'><strong>Materte</strong></span> <span class='ocrx_word' id='word_1_31' title='bbox 403 639 509 712; x_wconf 83' lang='lat' dir='ltr'><strong>appello</strong></span> <span class='ocrx_word' id='word_1_32' title='bbox 523 635 603 694; x_wconf 73' lang='lat' dir='ltr'><strong>eCic.</strong></span> <span class='ocrx_word' id='word_1_33' title='bbox 621 641 704 694; x_wconf 77' lang='lat' dir='ltr'><strong>dead.</strong></span> <span class='ocrx_word' id='word_1_34' title='bbox 716 643 767 710; x_wconf 88' lang='lat' dir='ltr'><strong>Qu.</strong></span> <span class='ocrx_word' id='word_1_35' title='bbox 781 644 826 705; x_wconf 86' lang='lat' dir='ltr'><strong>IV,</strong></span> <span class='ocrx_word' id='word_1_36' title='bbox 840 660 871 712; x_wconf 83' lang='lat'><strong>²7</strong></span> <span class='ocrx_word' id='word_1_37' title='bbox 885 655 911 694; x_wconf 89' lang='lat' dir='ltr'><strong>et</strong></span> <span class='ocrx_word' id='word_1_38' title='bbox 922 645 1014 695; x_wconf 83' lang='lat' dir='ltr'><strong>Horat.</strong></span> <span class='ocrx_word' id='word_1_39' title='bbox 1026 645 1051 695; x_wconf 92' lang='lat' dir='ltr'><strong>ll</strong></span> <span class='ocrx_word' id='word_1_40' title='bbox 1060 641 1145 700; x_wconf 57' lang='lat' dir='ltr'><strong>Serme</strong></span> 
     </span>
     <span class='ocr_line' id='line_1_5' title="bbox 97 718 1141 784; baseline 0 -15"><span class='ocrx_word' id='word_1_41' title='bbox 97 718 131 784; x_wconf 86' lang='lat'><strong>3,</strong></span> <span class='ocrx_word' id='word_1_42' title='bbox 153 719 184 771; x_wconf 84' lang='lat'><strong>61</strong></span> <span class='ocrx_word' id='word_1_43' title='bbox 203 733 305 772; x_wconf 86' lang='lat' dir='ltr'><strong>notum.</strong></span> <span class='ocrx_word' id='word_1_44' title='bbox 319 719 388 772; x_wconf 84' lang='lat' dir='ltr'><strong>adde</strong></span> <span class='ocrx_word' id='word_1_45' title='bbox 408 719 479 772; x_wconf 88' lang='lat' dir='ltr'><strong>Serv.</strong></span> <span class='ocrx_word' id='word_1_46' title='bbox 498 719 575 772; x_wconf 88' lang='lat' dir='ltr'><strong>adh.</strong></span> <span class='ocrx_word' id='word_1_47' title='bbox 595 720 613 771; x_wconf 94' lang='lat' dir='ltr'><strong>l.</strong></span> <span class='ocrx_word' id='word_1_48' title='bbox 635 733 660 772; x_wconf 90' lang='lat' dir='ltr'><strong>et</strong></span> <span class='ocrx_word' id='word_1_49' title='bbox 680 722 732 784; x_wconf 91' lang='lat' dir='ltr'><strong>Ill,</strong></span> <span class='ocrx_word' id='word_1_50' title='bbox 760 719 798 772; x_wconf 80' lang='lat'><strong>15.</strong></span> <span class='ocrx_word' id='word_1_51' title='bbox 820 719 954 773; x_wconf 84' lang='lat' dir='ltr'><strong>Laodicen</strong></span> <span class='ocrx_word' id='word_1_52' title='bbox 972 723 1071 774; x_wconf 86' lang='lat' dir='ltr'><strong>frustra</strong></span> <span class='ocrx_word' id='word_1_53' title='bbox 1087 720 1141 771; x_wconf 89' lang='lat' dir='ltr'><strong>huc</strong></span> 
     </span>
     <span class='ocr_line' id='line_1_6' title="bbox 96 799 1142 874; baseline 0.002 -24"><span class='ocrx_word' id='word_1_54' title='bbox 96 811 177 851; x_wconf 80' lang='lat' dir='ltr'><strong>vocnt</strong></span> <span class='ocrx_word' id='word_1_55' title='bbox 194 800 302 865; x_wconf 86' lang='lat' dir='ltr'><strong>Cerda,</strong></span> <span class='ocrx_word' id='word_1_56' title='bbox 319 801 352 852; x_wconf 89' lang='lat' dir='ltr'><strong>de</strong></span> <span class='ocrx_word' id='word_1_57' title='bbox 372 819 425 872; x_wconf 84' lang='lat' dir='ltr'><strong>qua</strong></span> <span class='ocrx_word' id='word_1_58' title='bbox 436 819 461 852; x_wconf 85' lang='lat' dir='ltr'><strong>v.</strong></span> <span class='ocrx_word' id='word_1_59' title='bbox 479 801 570 868; x_wconf 85' lang='lat' dir='ltr'><strong>Quint.</strong></span> <span class='ocrx_word' id='word_1_60' title='bbox 588 800 644 854; x_wconf 85' lang='lat' dir='ltr'><strong>Gal.</strong></span> <span class='ocrx_word' id='word_1_61' title='bbox 658 803 734 863; x_wconf 89' lang='lat' dir='ltr'><strong>Xlll;</strong></span> <span class='ocrx_word' id='word_1_62' title='bbox 749 801 798 869; x_wconf 85' lang='grc'><strong>544</strong></span> <span class='ocrx_word' id='word_1_63' title='bbox 813 819 870 873; x_wconf 87' lang='lat' dir='ltr'>sqq.</span> <span class='ocrx_word' id='word_1_64' title='bbox 890 801 1034 874; x_wconf 78' lang='lat' dir='ltr'><strong>Trypbiod.</strong></span> <span class='ocrx_word' id='word_1_65' title='bbox 1052 821 1077 852; x_wconf 88' lang='lat' dir='ltr'><strong>v.</strong></span> <span class='ocrx_word' id='word_1_66' title='bbox 1090 799 1142 865; x_wconf 86' lang='grc'><strong>648</strong></span> 
     </span>
     <span class='ocr_line' id='line_1_7' title="bbox 97 879 372 946; baseline 0.015 -18"><span class='ocrx_word' id='word_1_67' title='bbox 97 889 125 928; x_wconf 89' lang='lat' dir='ltr'><strong>ct</strong></span> <span class='ocrx_word' id='word_1_68' title='bbox 143 879 256 932; x_wconf 82' lang='lat' dir='ltr'><strong>Pausan.</strong></span> <span class='ocrx_word' id='word_1_69' title='bbox 275 881 317 946; x_wconf 83' lang='lat' dir='ltr'><strong>X,</strong></span> <span class='ocrx_word' id='word_1_70' title='bbox 331 880 372 934; x_wconf 85' lang='lat'><strong>26.</strong></span> 
     </span>
    </p>
   </div>
   <div class='ocr_carea' id='block_1_3' title="bbox 554 1047 694 1062">
    <p class='ocr_par' dir='ltr' id='par_1_3' title="bbox 554 1047 694 1062">
     <span class='ocr_line' id='line_1_8' title="bbox 554 1047 694 1062; baseline -0.021 1"><span class='ocrx_word' id='word_1_71' title='bbox 554 1047 694 1062; x_wconf 76' lang='grc' dir='ltr'><strong>υ--ι--ι</strong></span> 
     </span>
    </p>
   </div>
   <div class='ocr_carea' id='block_1_4' title="bbox 339 1186 902 1276">
    <p class='ocr_par' dir='ltr' id='par_1_4' title="bbox 339 1186 902 1276">
     <span class='ocr_line' id='line_1_9' title="bbox 339 1186 902 1276; baseline 0.004 -4"><span class='ocrx_word' id='word_1_72' title='bbox 339 1186 706 1276; x_wconf 88' lang='lat' dir='ltr'>EXCURSUS</span> <span class='ocrx_word' id='word_1_73' title='bbox 740 1188 902 1276; x_wconf 87' lang='lat' dir='ltr'>XXV.</span> 
     </span>
    </p>
   </div>
   <div class='ocr_carea' id='block_1_5' title="bbox 385 1359 856 1450">
    <p class='ocr_par' dir='ltr' id='par_1_5' title="bbox 385 1359 856 1450">
     <span class='ocr_line' id='line_1_10' title="bbox 385 1359 856 1450; baseline 0.004 -27"><span class='ocrx_word' id='word_1_74' title='bbox 385 1359 527 1446; x_wconf 78' lang='lat' dir='ltr'><strong>Implere</strong></span> <span class='ocrx_word' id='word_1_75' title='bbox 540 1385 684 1427; x_wconf 84' lang='lat' dir='ltr'><strong>aurorem</strong></span> <span class='ocrx_word' id='word_1_76' title='bbox 694 1365 856 1450; x_wconf 75' lang='lat' dir='ltr'><strong>genz&#39;toris.</strong></span> 
     </span>
    </p>
   </div>
   <div class='ocr_carea' id='block_1_6' title="bbox 91 1516 1186 3031">
    <p class='ocr_par' dir='ltr' id='par_1_6' title="bbox 91 1516 1186 3031">
     <span class='ocr_line' id='line_1_11' title="bbox 130 1516 1146 1592; baseline -0.001 -21"><span class='ocrx_word' id='word_1_77' title='bbox 130 1521 158 1583; x_wconf 95' lang='lat' dir='ltr'><strong>l,</strong></span> <span class='ocrx_word' id='word_1_78' title='bbox 171 1519 231 1590; x_wconf 86' lang='lat'><strong>716.</strong></span> <span class='ocrx_word' id='word_1_79' title='bbox 245 1519 284 1568; x_wconf 86' lang='lat' dir='ltr'><strong>Et</strong></span> <span class='ocrx_word' id='word_1_80' title='bbox 290 1534 418 1590; x_wconf 65' lang='lat' dir='ltr'><strong>magnum</strong></span> <span class='ocrx_word' id='word_1_81' title='bbox 425 1516 493 1588; x_wconf 78' lang='lat' dir='ltr'><strong>falsi</strong></span> <span class='ocrx_word' id='word_1_82' title='bbox 503 1516 614 1588; x_wconf 75' lang='lat' dir='ltr'><strong>inplevit</strong></span> <span class='ocrx_word' id='word_1_83' title='bbox 622 1519 749 1592; x_wconf 68' lang='lat' dir='ltr'><strong>perituris</strong></span> <span class='ocrx_word' id='word_1_84' title='bbox 759 1537 883 1571; x_wconf 75' lang='lat' dir='ltr'><strong>amorem.</strong></span> <span class='ocrx_word' id='word_1_85' title='bbox 896 1520 1040 1573; x_wconf 84' lang='lat' dir='ltr'><strong>Videamus</strong></span> <span class='ocrx_word' id='word_1_86' title='bbox 1053 1521 1146 1591; x_wconf 89' lang='lat' dir='ltr'><strong>paullo</strong></span> 
     </span>
     <span class='ocr_line' id='line_1_12' title="bbox 97 1597 1146 1669; baseline -0.004 -15"><span class='ocrx_word' id='word_1_87' title='bbox 97 1602 248 1654; x_wconf 69' lang='lat' dir='ltr'><strong>accuratius</strong></span> <span class='ocrx_word' id='word_1_88' title='bbox 269 1598 302 1650; x_wconf 87' lang='lat' dir='ltr'><strong>de</strong></span> <span class='ocrx_word' id='word_1_89' title='bbox 320 1597 347 1648; x_wconf 91' lang='lat' dir='ltr'><strong>b.</strong></span> <span class='ocrx_word' id='word_1_90' title='bbox 361 1597 395 1666; x_wconf 88' lang='lat' dir='ltr'><strong>l.,</strong></span> <span class='ocrx_word' id='word_1_91' title='bbox 407 1600 436 1649; x_wconf 90' lang='lat' dir='ltr'><strong>in</strong></span> <span class='ocrx_word' id='word_1_92' title='bbox 455 1617 508 1669; x_wconf 86' lang='lat' dir='ltr'><strong>quo</strong></span> <span class='ocrx_word' id='word_1_93' title='bbox 528 1598 593 1650; x_wconf 92' lang='lat' dir='ltr'><strong>mihi</strong></span> <span class='ocrx_word' id='word_1_94' title='bbox 617 1598 827 1652; x_wconf 85' lang='lat' dir='ltr'><strong>dissentiendum</strong></span> <span class='ocrx_word' id='word_1_95' title='bbox 844 1613 883 1652; x_wconf 82' lang='lat' dir='ltr'><strong>est</strong></span> <span class='ocrx_word' id='word_1_96' title='bbox 902 1621 918 1652; x_wconf 84' lang='lat' dir='ltr'><strong>a</strong></span> <span class='ocrx_word' id='word_1_97' title='bbox 936 1601 1044 1652; x_wconf 86' lang='lat' dir='ltr'><strong>doctiss.</strong></span> <span class='ocrx_word' id='word_1_98' title='bbox 1061 1603 1146 1654; x_wconf 86' lang='lat' dir='ltr'><strong>Inter-</strong></span> 
     </span>
     <span class='ocr_line' id='line_1_13' title="bbox 96 1679 1144 1752; baseline -0.001 -21"><span class='ocrx_word' id='word_1_99' title='bbox 96 1694 182 1751; x_wconf 87' lang='lat' dir='ltr'><strong>prete.</strong></span> <span class='ocrx_word' id='word_1_100' title='bbox 199 1681 289 1744; x_wconf 88' lang='lat' dir='ltr'><strong>Nam,</strong></span> <span class='ocrx_word' id='word_1_101' title='bbox 309 1698 368 1750; x_wconf 81' lang='lat' dir='ltr'><strong>quae</strong></span> <span class='ocrx_word' id='word_1_102' title='bbox 379 1681 467 1750; x_wconf 91' lang='lat' dir='ltr'><strong>prima</strong></span> <span class='ocrx_word' id='word_1_103' title='bbox 485 1679 596 1751; x_wconf 78' lang='lat' dir='ltr'><strong>legentis</strong></span> <span class='ocrx_word' id='word_1_104' title='bbox 616 1681 772 1752; x_wconf 74' lang='lat' dir='ltr'><strong>cogitationi</strong></span> <span class='ocrx_word' id='word_1_105' title='bbox 789 1693 928 1746; x_wconf 87' lang='lat' dir='ltr'><strong>occurrat,</strong></span> <span class='ocrx_word' id='word_1_106' title='bbox 943 1681 1073 1734; x_wconf 80' lang='lat' dir='ltr'><strong>sententia</strong></span> <span class='ocrx_word' id='word_1_107' title='bbox 1087 1697 1144 1731; x_wconf 84' lang='lat' dir='ltr'><strong>esse</strong></span> 
     </span>
     <span class='ocr_line' id='line_1_14' title="bbox 94 1757 1144 1832; baseline -0.004 -22"><span class='ocrx_word' id='word_1_108' title='bbox 94 1760 202 1812; x_wconf 82' lang='lat' dir='ltr'><strong>videtur</strong></span> <span class='ocrx_word' id='word_1_109' title='bbox 219 1757 296 1822; x_wconf 73' lang='lat' dir='ltr'><strong>bac,</strong></span> <span class='ocrx_word' id='word_1_110' title='bbox 315 1771 344 1808; x_wconf 92' lang='lat' dir='ltr'><strong>ut</strong></span> <span class='ocrx_word' id='word_1_111' title='bbox 357 1759 488 1810; x_wconf 84' lang='lat' dir='ltr'><strong>Ascanius</strong></span> <span class='ocrx_word' id='word_1_112' title='bbox 504 1758 589 1810; x_wconf 84' lang='lat' dir='ltr'><strong>falsus</strong></span> <span class='ocrx_word' id='word_1_113' title='bbox 602 1757 764 1811; x_wconf 87' lang='lat' dir='ltr'><strong>desiderium</strong></span> <span class='ocrx_word' id='word_1_114' title='bbox 774 1761 874 1830; x_wconf 83' lang='lat' dir='ltr'><strong>patris,</strong></span> <span class='ocrx_word' id='word_1_115' title='bbox 892 1779 908 1812; x_wconf 86' lang='lat' dir='ltr'><strong>a</strong></span> <span class='ocrx_word' id='word_1_116' title='bbox 925 1779 978 1832; x_wconf 91' lang='lat' dir='ltr'><strong>quo</strong></span> <span class='ocrx_word' id='word_1_117' title='bbox 996 1760 1144 1814; x_wconf 82' lang='lat' dir='ltr'><strong>absentiam</strong></span> 
     </span>
     <span class='ocr_line' id='line_1_15' title="bbox 95 1834 1144 1910; baseline -0.006 -20"><span class='ocrx_word' id='word_1_118' title='bbox 95 1839 145 1892; x_wconf 86' lang='lat' dir='ltr'><strong>filii</strong></span> <span class='ocrx_word' id='word_1_119' title='bbox 165 1839 337 1909; x_wconf 82' lang='lat' dir='ltr'><strong>impatienter</strong></span> <span class='ocrx_word' id='word_1_120' title='bbox 353 1839 456 1890; x_wconf 87' lang='lat' dir='ltr'><strong>ferente</strong></span> <span class='ocrx_word' id='word_1_121' title='bbox 469 1840 609 1890; x_wconf 88' lang='lat' dir='ltr'><strong>arcessitus</strong></span> <span class='ocrx_word' id='word_1_122' title='bbox 629 1850 704 1906; x_wconf 87' lang='lat' dir='ltr'><strong>erat,</strong></span> <span class='ocrx_word' id='word_1_123' title='bbox 719 1840 812 1908; x_wconf 89' lang='lat' dir='ltr'><strong>primis</strong></span> <span class='ocrx_word' id='word_1_124' title='bbox 825 1839 989 1910; x_wconf 84' lang='lat' dir='ltr'><strong>amplexibus</strong></span> <span class='ocrx_word' id='word_1_125' title='bbox 1008 1851 1034 1891; x_wconf 87' lang='lat' dir='ltr'><strong>et</strong></span> <span class='ocrx_word' id='word_1_126' title='bbox 1047 1834 1144 1888; x_wconf 87' lang='lat' dir='ltr'><strong>osculis</strong></span> 
     </span>
     <span class='ocr_line' id='line_1_16' title="bbox 95 1915 1145 1994; baseline -0.006 -21"><span class='ocrx_word' id='word_1_127' title='bbox 95 1919 224 1991; x_wconf 83' lang='lat' dir='ltr'><strong>expleret.</strong></span> <span class='ocrx_word' id='word_1_128' title='bbox 238 1915 291 1969; x_wconf 85' lang='lat' dir='ltr'><strong>¹lta</strong></span> <span class='ocrx_word' id='word_1_129' title='bbox 312 1937 440 1990; x_wconf 71' lang='lat' dir='ltr'><strong>meyerum</strong></span> <span class='ocrx_word' id='word_1_130' title='bbox 463 1937 581 1972; x_wconf 89' lang='lat' dir='ltr'><strong>amorem</strong></span> <span class='ocrx_word' id='word_1_131' title='bbox 608 1917 676 1970; x_wconf 87' lang='lat' dir='ltr'><strong>bene</strong></span> <span class='ocrx_word' id='word_1_132' title='bbox 700 1918 784 1983; x_wconf 81' lang='lat' dir='ltr'><strong>dixit,</strong></span> <span class='ocrx_word' id='word_1_133' title='bbox 802 1931 828 1971; x_wconf 90' lang='lat' dir='ltr'><strong>et</strong></span> <span class='ocrx_word' id='word_1_134' title='bbox 845 1918 932 1990; x_wconf 78' lang='lat' dir='ltr'><strong>salsus</strong></span> <span class='ocrx_word' id='word_1_135' title='bbox 955 1921 1080 1994; x_wconf 62' lang='lat' dir='ltr'><strong>pendor,</strong></span> <span class='ocrx_word' id='word_1_136' title='bbox 1105 1925 1145 1964; x_wconf 82' lang='lat' dir='ltr'><strong>est</strong></span> 
     </span>
     <span class='ocr_line' id='line_1_17' title="bbox 95 1994 1144 2070; baseline -0.007 -15"><span class='ocrx_word' id='word_1_137' title='bbox 95 2002 202 2063; x_wconf 87' lang='lat' dir='ltr'><strong>elusus,</strong></span> <span class='ocrx_word' id='word_1_138' title='bbox 215 1999 362 2070; x_wconf 83' lang='lat' dir='ltr'><strong>deceptus,</strong></span> <span class='ocrx_word' id='word_1_139' title='bbox 380 1999 423 2050; x_wconf 86' lang='lat' dir='ltr'><strong>vel</strong></span> <span class='ocrx_word' id='word_1_140' title='bbox 441 1999 528 2070; x_wconf 87' lang='lat' dir='ltr'><strong>simpl.</strong></span> <span class='ocrx_word' id='word_1_141' title='bbox 542 2001 617 2069; x_wconf 86' lang='lat' dir='ltr'><strong>cujus</strong></span> <span class='ocrx_word' id='word_1_142' title='bbox 636 2017 714 2050; x_wconf 83' lang='lat' dir='ltr'><strong>verus</strong></span> <span class='ocrx_word' id='word_1_143' title='bbox 733 1999 803 2050; x_wconf 90' lang='lat' dir='ltr'><strong>lilius</strong></span> <span class='ocrx_word' id='word_1_144' title='bbox 823 2000 906 2050; x_wconf 84' lang='lat' dir='ltr'><strong>Amor</strong></span> <span class='ocrx_word' id='word_1_145' title='bbox 922 2019 977 2052; x_wconf 90' lang='lat' dir='ltr'><strong>non</strong></span> <span class='ocrx_word' id='word_1_146' title='bbox 993 2011 1070 2051; x_wconf 84' lang='lat' dir='ltr'><strong>esset.</strong></span> <span class='ocrx_word' id='word_1_147' title='bbox 1088 1994 1144 2043; x_wconf 84' lang='lat' dir='ltr'><strong>lm·</strong></span> 
     </span>
     <span class='ocr_line' id='line_1_18' title="bbox 91 2075 1143 2153; baseline -0.008 -20"><span class='ocrx_word' id='word_1_148' title='bbox 91 2081 167 2153; x_wconf 83' lang='lat' dir='ltr'><strong>plere</strong></span> <span class='ocrx_word' id='word_1_149' title='bbox 176 2095 305 2142; x_wconf 81' lang='lat' dir='ltr'><strong>amorem,</strong></span> <span class='ocrx_word' id='word_1_150' title='bbox 315 2091 363 2143; x_wconf 90' lang='lat' dir='ltr'><strong>ut,</strong></span> <span class='ocrx_word' id='word_1_151' title='bbox 376 2077 509 2143; x_wconf 80' lang='lat' dir='ltr'><strong>dolorem,</strong></span> <span class='ocrx_word' id='word_1_152' title='bbox 522 2077 635 2142; x_wconf 84' lang='lat' dir='ltr'><strong>luctum,</strong></span> <span class='ocrx_word' id='word_1_153' title='bbox 646 2078 714 2130; x_wconf 85' lang='lat' dir='ltr'><strong>beno</strong></span> <span class='ocrx_word' id='word_1_154' title='bbox 725 2079 839 2140; x_wconf 74' lang='lat' dir='ltr'><strong>dicitur3</strong></span> <span class='ocrx_word' id='word_1_155' title='bbox 850 2081 1016 2130; x_wconf 91' lang='lat' dir='ltr'><strong>communius</strong></span> <span class='ocrx_word' id='word_1_156' title='bbox 1031 2075 1143 2146; x_wconf 76' lang='lat' dir='ltr'><strong>explere.</strong></span> 
     </span>
     <span class='ocr_line' id='line_1_19' title="bbox 93 2153 1146 2230; baseline -0.011 -16"><span class='ocrx_word' id='word_1_157' title='bbox 93 2166 263 2214; x_wconf 82' lang='lat' dir='ltr'><strong>Burmannus</strong></span> <span class='ocrx_word' id='word_1_158' title='bbox 275 2171 365 2212; x_wconf 85' lang='lat' dir='ltr'><strong>tamen</strong></span> <span class='ocrx_word' id='word_1_159' title='bbox 377 2157 541 2223; x_wconf 80' lang='lat' dir='ltr'><strong>Corradum,</strong></span> <span class='ocrx_word' id='word_1_160' title='bbox 559 2161 605 2229; x_wconf 92' lang='lat' dir='ltr'><strong>qui</strong></span> <span class='ocrx_word' id='word_1_161' title='bbox 623 2161 663 2210; x_wconf 86' lang='lat' dir='ltr'><strong>ita</strong></span> <span class='ocrx_word' id='word_1_162' title='bbox 676 2171 848 2229; x_wconf 81' lang='lat' dir='ltr'><strong>exposuerat,</strong></span> <span class='ocrx_word' id='word_1_163' title='bbox 866 2157 1055 2230; x_wconf 87' lang='lat' dir='ltr'><strong>reprehendit,</strong></span> <span class='ocrx_word' id='word_1_164' title='bbox 1080 2153 1146 2204; x_wconf 88' lang='lat' dir='ltr'><strong>alte·</strong></span> 
     </span>
     <span class='ocr_line' id='line_1_20' title="bbox 95 2233 1148 2310; baseline -0.012 -17"><span class='ocrx_word' id='word_1_165' title='bbox 95 2256 207 2310; x_wconf 87' lang='lat' dir='ltr'><strong>ramqne</strong></span> <span class='ocrx_word' id='word_1_166' title='bbox 229 2238 360 2290; x_wconf 83' lang='lat' dir='ltr'><strong>rationem</strong></span> <span class='ocrx_word' id='word_1_167' title='bbox 379 2241 527 2308; x_wconf 86' lang='lat' dir='ltr'><strong>proponit,</strong></span> <span class='ocrx_word' id='word_1_168' title='bbox 544 2250 574 2289; x_wconf 87' lang='lat' dir='ltr'><strong>ut</strong></span> <span class='ocrx_word' id='word_1_169' title='bbox 596 2239 630 2290; x_wconf 88' lang='lat' dir='ltr'><strong>sit</strong></span> <span class='ocrx_word' id='word_1_170' title='bbox 643 2260 649 2288; x_wconf 76' lang='grc' dir='ltr'><strong><em>ι</em></strong></span> <span class='ocrx_word' id='word_1_171' title='bbox 662 2237 755 2310; x_wconf 85' lang='lat' dir='ltr'><strong>&#39;partes</strong></span> <span class='ocrx_word' id='word_1_172' title='bbox 769 2235 830 2309; x_wconf 81' lang='lat' dir='ltr'><strong>filii</strong></span> <span class='ocrx_word' id='word_1_173' title='bbox 838 2277 847 2303; x_wconf 92' lang='lat'><strong>,</strong></span> <span class='ocrx_word' id='word_1_174' title='bbox 860 2249 963 2308; x_wconf 83' lang='lat' dir='ltr'><strong>patrem</strong></span> <span class='ocrx_word' id='word_1_175' title='bbox 982 2233 1148 2287; x_wconf 79' lang='lat' dir='ltr'><strong>veliementer</strong></span> 
     </span>
     <span class='ocr_line' id='line_1_21' title="bbox 95 2310 1145 2392; baseline -0.012 -22"><span class='ocrx_word' id='word_1_176' title='bbox 95 2321 212 2371; x_wconf 83' lang='lat' dir='ltr'><strong>amantis</strong></span> <span class='ocrx_word' id='word_1_177' title='bbox 221 2357 230 2384; x_wconf 90' lang='lat'><strong>,</strong></span> <span class='ocrx_word' id='word_1_178' title='bbox 246 2319 310 2369; x_wconf 85' lang='lat' dir='ltr'><strong>bene</strong></span> <span class='ocrx_word' id='word_1_179' title='bbox 321 2318 375 2392; x_wconf 73' lang='lat' dir='ltr'><strong>eqr&#39;t</strong></span> <span class='ocrx_word' id='word_1_180' title='bbox 383 2341 393 2380; x_wconf 88' lang='lat'><strong>,·</strong></span> <span class='ocrx_word' id='word_1_181' title='bbox 408 2337 473 2390; x_wconf 76' lang='lat' dir='ltr'><strong>erga</strong></span> <span class='ocrx_word' id='word_1_182' title='bbox 495 2330 599 2389; x_wconf 88' lang='lat' dir='ltr'><strong>patrem</strong></span> <span class='ocrx_word' id='word_1_183' title='bbox 613 2334 731 2370; x_wconf 87' lang='lat' dir='ltr'><strong>amorem</strong></span> <span class='ocrx_word' id='word_1_184' title='bbox 752 2317 869 2370; x_wconf 87' lang='lat' dir='ltr'><strong>ostendit</strong></span> <span class='ocrx_word' id='word_1_185' title='bbox 890 2317 1012 2370; x_wconf 81' lang='lat' dir='ltr'><strong>omnibus</strong></span> <span class='ocrx_word' id='word_1_186' title='bbox 1029 2310 1145 2364; x_wconf 86' lang='lat' dir='ltr'><strong>numeris</strong></span> 
     </span>
     <span class='ocr_line' id='line_1_22' title="bbox 96 2396 1148 2471; baseline -0.008 -18"><span class='ocrx_word' id='word_1_187' title='bbox 96 2403 136 2453; x_wconf 87' lang='lat' dir='ltr'><strong>ita</strong></span> <span class='ocrx_word' id='word_1_188' title='bbox 154 2401 321 2471; x_wconf 87' lang='lat' dir='ltr'><strong>perfectum,</strong></span> <span class='ocrx_word' id='word_1_189' title='bbox 340 2411 370 2450; x_wconf 88' lang='lat' dir='ltr'><strong>ut</strong></span> <span class='ocrx_word' id='word_1_190' title='bbox 388 2401 410 2450; x_wconf 91' lang='lat' dir='ltr'><strong>is</strong></span> <span class='ocrx_word' id='word_1_191' title='bbox 433 2399 620 2452; x_wconf 85' lang='lat' dir='ltr'><strong>crederetesse</strong></span> <span class='ocrx_word' id='word_1_192' title='bbox 643 2417 735 2450; x_wconf 90' lang='lat' dir='ltr'><strong>verum</strong></span> <span class='ocrx_word' id='word_1_193' title='bbox 757 2398 805 2449; x_wconf 89' lang='lat' dir='ltr'><strong>filii</strong></span> <span class='ocrx_word' id='word_1_194' title='bbox 827 2400 961 2451; x_wconf 86' lang='lat' dir='ltr'><strong>affectum.</strong></span> <span class='ocrx_word' id='word_1_195' title='bbox 982 2396 1050 2448; x_wconf 86' lang='lat' dir='ltr'><strong>Sane</strong></span> <span class='ocrx_word' id='word_1_196' title='bbox 1072 2405 1148 2440; x_wconf 72' lang='lat' dir='ltr'><strong>amor</strong></span> 
     </span>
     <span class='ocr_line' id='line_1_23' title="bbox 93 2471 1145 2554; baseline -0.014 -22"><span class='ocrx_word' id='word_1_197' title='bbox 93 2479 224 2554; x_wconf 63' lang='lat' dir='ltr'><strong>portitoris</strong></span> <span class='ocrx_word' id='word_1_198' title='bbox 237 2491 276 2530; x_wconf 86' lang='lat' dir='ltr'><strong>est</strong></span> <span class='ocrx_word' id='word_1_199' title='bbox 289 2480 370 2530; x_wconf 89' lang='lat' dir='ltr'><strong>etiarn</strong></span> <span class='ocrx_word' id='word_1_200' title='bbox 383 2497 459 2530; x_wconf 87' lang='lat' dir='ltr'><strong>amor</strong></span> <span class='ocrx_word' id='word_1_201' title='bbox 472 2481 500 2529; x_wconf 89' lang='lat' dir='ltr'><strong>in</strong></span> <span class='ocrx_word' id='word_1_202' title='bbox 512 2480 676 2552; x_wconf 67' lang='lat' dir='ltr'><strong>genitorem</strong></span> <span class='ocrx_word' id='word_1_203' title='bbox 690 2491 716 2529; x_wconf 91' lang='lat' dir='ltr'><strong>ct</strong></span> <span class='ocrx_word' id='word_1_204' title='bbox 728 2490 757 2528; x_wconf 89' lang='lat' dir='ltr'><strong>ut</strong></span> <span class='ocrx_word' id='word_1_205' title='bbox 777 2476 882 2548; x_wconf 80' lang='lat' dir='ltr'><strong>impleri</strong></span> <span class='ocrx_word' id='word_1_206' title='bbox 900 2473 1021 2548; x_wconf 84' lang='lat' dir='ltr'><strong>officium</strong></span> <span class='ocrx_word' id='word_1_207' title='bbox 1031 2471 1145 2529; x_wconf 88' lang='lat' dir='ltr'><strong>dicitur,</strong></span> 
     </span>
     <span class='ocr_line' id='line_1_24' title="bbox 96 2550 1145 2628; baseline -0.012 -18"><span class='ocrx_word' id='word_1_208' title='bbox 96 2560 142 2610; x_wconf 89' lang='lat' dir='ltr'><strong>cui</strong></span> <span class='ocrx_word' id='word_1_209' title='bbox 162 2559 360 2620; x_wconf 83' lang='lat' dir='ltr'><strong>satisfacimus,</strong></span> <span class='ocrx_word' id='word_1_210' title='bbox 380 2561 418 2612; x_wconf 87' lang='lat' dir='ltr'><strong>ita</strong></span> <span class='ocrx_word' id='word_1_211' title='bbox 429 2578 505 2610; x_wconf 82' lang='lat' dir='ltr'><strong>amor</strong></span> <span class='ocrx_word' id='word_1_212' title='bbox 518 2572 589 2611; x_wconf 87' lang='lat' dir='ltr'><strong>recte</strong></span> <span class='ocrx_word' id='word_1_213' title='bbox 601 2559 706 2610; x_wconf 88' lang='lat' dir='ltr'><strong>videtur</strong></span> <span class='ocrx_word' id='word_1_214' title='bbox 723 2557 811 2610; x_wconf 88' lang='lat' dir='ltr'><strong>dictus</strong></span> <span class='ocrx_word' id='word_1_215' title='bbox 828 2556 951 2628; x_wconf 84' lang='lat' dir='ltr'><strong>impleri,</strong></span> <span class='ocrx_word' id='word_1_216' title='bbox 967 2571 1027 2607; x_wconf 91' lang='lat' dir='ltr'><strong>cum</strong></span> <span class='ocrx_word' id='word_1_217' title='bbox 1040 2550 1145 2602; x_wconf 87' lang='lat' dir='ltr'><strong>debitus</strong></span> 
     </span>
     <span class='ocr_line' id='line_1_25' title="bbox 97 2628 1147 2711; baseline -0.014 -19"><span class='ocrx_word' id='word_1_218' title='bbox 97 2657 175 2692; x_wconf 87' lang='lat' dir='ltr'><strong>amor</strong></span> <span class='ocrx_word' id='word_1_219' title='bbox 187 2652 337 2711; x_wconf 83' lang='lat' dir='ltr'><strong>praestatur.</strong></span> <span class='ocrx_word' id='word_1_220' title='bbox 351 2637 403 2691; x_wconf 88' lang='lat' dir='ltr'><strong>Sed</strong></span> <span class='ocrx_word' id='word_1_221' title='bbox 414 2642 530 2710; x_wconf 88' lang='lat' dir='ltr'><strong>primum</strong></span> <span class='ocrx_word' id='word_1_222' title='bbox 543 2642 592 2691; x_wconf 89' lang='lat' dir='ltr'><strong>toti</strong></span> <span class='ocrx_word' id='word_1_223' title='bbox 602 2641 700 2695; x_wconf 89' lang='lat' dir='ltr'><strong>rationi</strong></span> <span class='ocrx_word' id='word_1_224' title='bbox 710 2638 818 2690; x_wconf 88' lang='lat' dir='ltr'><strong>subesse</strong></span> <span class='ocrx_word' id='word_1_225' title='bbox 831 2636 933 2708; x_wconf 86' lang='lat' dir='ltr'><strong>aliquid</strong></span> <span class='ocrx_word' id='word_1_226' title='bbox 946 2634 1032 2688; x_wconf 89' lang='lat' dir='ltr'><strong>coacti</strong></span> <span class='ocrx_word' id='word_1_227' title='bbox 1045 2650 1075 2684; x_wconf 92' lang='lat' dir='ltr'><strong>ac</strong></span> <span class='ocrx_word' id='word_1_228' title='bbox 1086 2628 1147 2679; x_wconf 89' lang='lat' dir='ltr'><strong>duri</strong></span> 
     </span>
     <span class='ocr_line' id='line_1_26' title="bbox 95 2718 1145 2792; baseline -0.01 -23"><span class='ocrx_word' id='word_1_229' title='bbox 95 2718 220 2781; x_wconf 61' lang='lat' dir='ltr'><strong>videtum</strong></span> <span class='ocrx_word' id='word_1_230' title='bbox 233 2739 299 2784; x_wconf 89' lang='lat' dir='ltr'><strong>nec,</strong></span> <span class='ocrx_word' id='word_1_231' title='bbox 313 2737 441 2790; x_wconf 88' lang='lat' dir='ltr'><strong>quorsum</strong></span> <span class='ocrx_word' id='word_1_232' title='bbox 457 2739 568 2792; x_wconf 72' lang='lat' dir='ltr'><strong>maynus</strong></span> <span class='ocrx_word' id='word_1_233' title='bbox 581 2739 655 2773; x_wconf 87' lang='lat' dir='ltr'><strong>amor</strong></span> <span class='ocrx_word' id='word_1_234' title='bbox 667 2722 815 2791; x_wconf 86' lang='lat' dir='ltr'><strong>pertineat,</strong></span> <span class='ocrx_word' id='word_1_235' title='bbox 830 2718 918 2770; x_wconf 85' lang='lat' dir='ltr'><strong>dicere</strong></span> <span class='ocrx_word' id='word_1_236' title='bbox 929 2719 956 2768; x_wconf 91' lang='lat' dir='ltr'><strong>in</strong></span> <span class='ocrx_word' id='word_1_237' title='bbox 968 2725 1076 2788; x_wconf 89' lang='lat' dir='ltr'><strong>promtu</strong></span> <span class='ocrx_word' id='word_1_238' title='bbox 1090 2721 1145 2770; x_wconf 88' lang='lat' dir='ltr'><strong>est;</strong></span> 
     </span>
     <span class='ocr_line' id='line_1_27' title="bbox 95 2791 1186 2872; baseline -0.008 -23"><span class='ocrx_word' id='word_1_239' title='bbox 95 2814 122 2850; x_wconf 90' lang='lat' dir='ltr'><strong>et</strong></span> <span class='ocrx_word' id='word_1_240' title='bbox 134 2801 223 2852; x_wconf 78' lang='lat' dir='ltr'><strong>AEnem</strong></span> <span class='ocrx_word' id='word_1_241' title='bbox 241 2798 403 2852; x_wconf 84' lang='lat' dir='ltr'><strong>desiderium</strong></span> <span class='ocrx_word' id='word_1_242' title='bbox 415 2803 505 2872; x_wconf 86' lang='lat' dir='ltr'><strong>potius</strong></span> <span class='ocrx_word' id='word_1_243' title='bbox 523 2815 580 2853; x_wconf 89' lang='lat' dir='ltr'><strong>erat</strong></span> <span class='ocrx_word' id='word_1_244' title='bbox 599 2800 776 2872; x_wconf 87' lang='lat' dir='ltr'><strong>explendum,</strong></span> <span class='ocrx_word' id='word_1_245' title='bbox 789 2802 864 2868; x_wconf 89' lang='lat' dir='ltr'><strong>cujus</strong></span> <span class='ocrx_word' id='word_1_246' title='bbox 877 2799 962 2850; x_wconf 89' lang='lat' dir='ltr'><strong>omnis</strong></span> <span class='ocrx_word' id='word_1_247' title='bbox 984 2799 1011 2848; x_wconf 91' lang='lat' dir='ltr'><strong>in</strong></span> <span class='ocrx_word' id='word_1_248' title='bbox 1030 2791 1145 2844; x_wconf 79' lang='lat' dir='ltr'><strong>Ascanio</strong></span> <span class='ocrx_word' id='word_1_249' title='bbox 1184 2861 1186 2866; x_wconf 28' lang='grc' dir='ltr'>Ι</span> 
     </span>
     <span class='ocr_line' id='line_1_28' title="bbox 96 2873 1147 2934; baseline -0.007 -4"><span class='ocrx_word' id='word_1_250' title='bbox 96 2897 162 2932; x_wconf 86' lang='lat' dir='ltr'><strong>cnra</strong></span> <span class='ocrx_word' id='word_1_251' title='bbox 175 2881 267 2934; x_wconf 83' lang='lat' dir='ltr'><strong>stabat</strong></span> <span class='ocrx_word' id='word_1_252' title='bbox 283 2894 309 2933; x_wconf 91' lang='lat' dir='ltr'><strong>et</strong></span> <span class='ocrx_word' id='word_1_253' title='bbox 330 2884 432 2934; x_wconf 85' lang='lat' dir='ltr'><strong>animus</strong></span> <span class='ocrx_word' id='word_1_254' title='bbox 453 2881 579 2934; x_wconf 74' lang='lat' dir='ltr'><strong>haerebat.</strong></span> <span class='ocrx_word' id='word_1_255' title='bbox 602 2881 726 2934; x_wconf 86' lang='lat' dir='ltr'><strong>Ceterum</strong></span> <span class='ocrx_word' id='word_1_256' title='bbox 744 2880 849 2934; x_wconf 81' lang='lat' dir='ltr'><strong>Servius</strong></span> <span class='ocrx_word' id='word_1_257' title='bbox 870 2880 961 2930; x_wconf 88' lang='lat' dir='ltr'><strong>locum</strong></span> <span class='ocrx_word' id='word_1_258' title='bbox 975 2876 1086 2927; x_wconf 89' lang='lat' dir='ltr'><strong>obscure</strong></span> <span class='ocrx_word' id='word_1_259' title='bbox 1106 2873 1147 2922; x_wconf 75' lang='lat' dir='ltr'><strong>in·</strong></span> 
     </span>
     <span class='ocr_line' id='line_1_29' title="bbox 97 2958 1037 3031; baseline -0.01 -17"><span class='ocrx_word' id='word_1_260' title='bbox 97 2970 277 3031; x_wconf 82' lang='lat' dir='ltr'><strong>terpretatur,</strong></span> <span class='ocrx_word' id='word_1_261' title='bbox 299 2978 349 3012; x_wconf 83' lang='lat' dir='ltr'><strong>nec</strong></span> <span class='ocrx_word' id='word_1_262' title='bbox 365 2959 486 3015; x_wconf 85' lang='lat' dir='ltr'><strong>Donatus</strong></span> <span class='ocrx_word' id='word_1_263' title='bbox 500 2959 543 3012; x_wconf 87' lang='lat' dir='ltr'><strong>rel</strong></span> <span class='ocrx_word' id='word_1_264' title='bbox 554 2961 683 3031; x_wconf 89' lang='lat' dir='ltr'><strong>Pompon.</strong></span> <span class='ocrx_word' id='word_1_265' title='bbox 697 2959 758 3011; x_wconf 75' lang='lat' dir='ltr'><strong>Sab.</strong></span> <span class='ocrx_word' id='word_1_266' title='bbox 779 2958 925 3030; x_wconf 80' lang='lat' dir='ltr'><strong>quidquam</strong></span> <span class='ocrx_word' id='word_1_267' title='bbox 935 2959 1037 3026; x_wconf 83' lang='lat' dir='ltr'><strong>juvant.</strong></span> 
     </span>
    </p>
   </div>
   <div class='ocr_carea' id='block_1_7' title="bbox 551 3139 692 3155">
    <p class='ocr_par' dir='ltr' id='par_1_7' title="bbox 551 3139 692 3155">
     <span class='ocr_line' id='line_1_30' title="bbox 551 3139 692 3155; baseline 0.007 -1"><span class='ocrx_word' id='word_1_268' title='bbox 551 3139 692 3155; x_wconf 55' lang='lat' dir='ltr'><em>m</em></span> 
     </span>
    </p>
   </div>
   <div class='ocr_carea' id='block_1_8' title="bbox 323 3262 916 3355">
    <p class='ocr_par' dir='ltr' id='par_1_8' title="bbox 323 3262 916 3355">
     <span class='ocr_line' id='line_1_31' title="bbox 323 3262 916 3355; baseline -0.003 -5"><span class='ocrx_word' id='word_1_269' title='bbox 323 3262 687 3355; x_wconf 88' lang='lat' dir='ltr'>EXCURSUS</span> <span class='ocrx_word' id='word_1_270' title='bbox 723 3263 916 3351; x_wconf 85' lang='lat' dir='ltr'>XXVI.</span> 
     </span>
    </p>
   </div>
   <div class='ocr_carea' id='block_1_9' title="bbox 430 3435 812 3528">
    <p class='ocr_par' dir='ltr' id='par_1_9' title="bbox 430 3435 812 3528">
     <span class='ocr_line' id='line_1_32' title="bbox 430 3435 812 3528; baseline -0.003 -27"><span class='ocrx_word' id='word_1_271' title='bbox 430 3435 508 3524; x_wconf 85' lang='lat' dir='ltr'><strong>Qui.</strong></span> <span class='ocrx_word' id='word_1_272' title='bbox 529 3439 645 3527; x_wconf 66' lang='lat' dir='ltr'><strong>qualis.</strong></span> <span class='ocrx_word' id='word_1_273' title='bbox 663 3453 812 3528; x_wconf 67' lang='lat' dir='ltr'><strong>quonum.</strong></span> 
     </span>
    </p>
   </div>
   <div class='ocr_carea' id='block_1_10' title="bbox 94 3593 1213 4148">
    <p class='ocr_par' dir='ltr' id='par_1_10' title="bbox 94 3593 1213 4148">
     <span class='ocr_line' id='line_1_33' title="bbox 130 3593 1146 3670; baseline -0.002 -23"><span class='ocrx_word' id='word_1_274' title='bbox 130 3598 156 3659; x_wconf 92' lang='lat' dir='ltr'><strong>l,</strong></span> <span class='ocrx_word' id='word_1_275' title='bbox 170 3594 328 3665; x_wconf 78' lang='lat'>750-753.</span> <span class='ocrx_word' id='word_1_276' title='bbox 353 3593 443 3646; x_wconf 82' lang='lat' dir='ltr'><strong>Multa</strong></span> <span class='ocrx_word' id='word_1_277' title='bbox 461 3614 540 3668; x_wconf 83' lang='lat' dir='ltr'><strong>super</strong></span> <span class='ocrx_word' id='word_1_278' title='bbox 552 3597 661 3648; x_wconf 85' lang='lat' dir='ltr'><strong>Priamo</strong></span> <span class='ocrx_word' id='word_1_279' title='bbox 676 3597 811 3670; x_wconf 57' lang='lat' dir='ltr'><strong>mitons,</strong></span> <span class='ocrx_word' id='word_1_280' title='bbox 830 3613 908 3666; x_wconf 81' lang='lat' dir='ltr'><strong>super</strong></span> <span class='ocrx_word' id='word_1_281' title='bbox 919 3595 1031 3647; x_wconf 84' lang='lat' dir='ltr'><strong>Hectore</strong></span> <span class='ocrx_word' id='word_1_282' title='bbox 1044 3595 1146 3657; x_wconf 81' lang='lat' dir='ltr'><strong>multa,-</strong></span> 
     </span>
     <span class='ocr_line' id='line_1_34' title="bbox 94 3673 1147 3748; baseline -0.005 -20"><span class='ocrx_word' id='word_1_283' title='bbox 94 3676 194 3740; x_wconf 82' lang='lat' dir='ltr'><strong>Nrmc,</strong></span> <span class='ocrx_word' id='word_1_284' title='bbox 212 3675 307 3747; x_wconf 72' lang='lat' dir='ltr'><strong>quilius</strong></span> <span class='ocrx_word' id='word_1_285' title='bbox 324 3676 435 3728; x_wconf 73' lang='lat' dir='ltr'><strong>Aumroe</strong></span> <span class='ocrx_word' id='word_1_286' title='bbox 452 3677 561 3729; x_wconf 75' lang='lat' dir='ltr'><strong>venisset</strong></span> <span class='ocrx_word' id='word_1_287' title='bbox 574 3673 655 3748; x_wconf 81' lang='lat' dir='ltr'><strong>filius</strong></span> <span class='ocrx_word' id='word_1_288' title='bbox 675 3677 756 3729; x_wconf 76' lang='lat' dir='ltr'><strong>annis</strong></span> <span class='ocrx_word' id='word_1_289' title='bbox 766 3699 775 3738; x_wconf 89' lang='lat'><em>;</em></span> <span class='ocrx_word' id='word_1_290' title='bbox 797 3676 899 3742; x_wconf 80' lang='lat' dir='ltr'><strong>Nunc,</strong></span> <span class='ocrx_word' id='word_1_291' title='bbox 910 3674 1001 3748; x_wconf 78' lang='lat' dir='ltr'><strong>quales</strong></span> <span class='ocrx_word' id='word_1_292' title='bbox 1013 3675 1147 3727; x_wconf 83' lang='lat' dir='ltr'><strong>Diomedis</strong></span> 
     </span>
     <span class='ocr_line' id='line_1_35' title="bbox 94 3748 1213 3828; baseline -0.004 -22"><span class='ocrx_word' id='word_1_293' title='bbox 94 3755 174 3826; x_wconf 66' lang='lat' dir='ltr'><strong>equir</strong></span> <span class='ocrx_word' id='word_1_294' title='bbox 194 3754 296 3818; x_wconf 84' lang='lat' dir='ltr'><strong>Nunc,</strong></span> <span class='ocrx_word' id='word_1_295' title='bbox 316 3765 431 3828; x_wconf 77' lang='lat' dir='ltr'><strong>quantus</strong></span> <span class='ocrx_word' id='word_1_296' title='bbox 446 3753 571 3807; x_wconf 75' lang='lat' dir='ltr'><strong>Achilles.</strong></span> <span class='ocrx_word' id='word_1_297' title='bbox 592 3757 743 3810; x_wconf 76' lang='lat' dir='ltr'><strong>ntemnonis</strong></span> <span class='ocrx_word' id='word_1_298' title='bbox 755 3754 804 3825; x_wconf 90' lang='lat' dir='ltr'><strong>(de</strong></span> <span class='ocrx_word' id='word_1_299' title='bbox 822 3773 876 3827; x_wconf 86' lang='lat' dir='ltr'><strong>qao</strong></span> <span class='ocrx_word' id='word_1_300' title='bbox 887 3755 940 3806; x_wconf 85' lang='lat' dir='ltr'><strong>rid.</strong></span> <span class='ocrx_word' id='word_1_301' title='bbox 958 3755 1068 3806; x_wconf 83' lang='lat' dir='ltr'><strong>Excurs.</strong></span> <span class='ocrx_word' id='word_1_302' title='bbox 1084 3751 1146 3804; x_wconf 85' lang='lat' dir='ltr'><strong>XIX</strong></span> <span class='ocrx_word' id='word_1_303' title='bbox 1211 3748 1213 3754; x_wconf 78' lang='grc'><strong>’</strong></span> 
     </span>
     <span class='ocr_line' id='line_1_36' title="bbox 94 3831 1149 3909; baseline -0.003 -24"><span class='ocrx_word' id='word_1_304' title='bbox 94 3853 155 3905; x_wconf 79' lang='lat' dir='ltr'><strong>sup.</strong></span> <span class='ocrx_word' id='word_1_305' title='bbox 165 3833 200 3886; x_wconf 87' lang='lat' dir='ltr'><strong>ad</strong></span> <span class='ocrx_word' id='word_1_306' title='bbox 207 3834 272 3906; x_wconf 81' lang='grc'>489)</span> <span class='ocrx_word' id='word_1_307' title='bbox 281 3853 355 3887; x_wconf 72' lang='lat' dir='ltr'><strong>arina</strong></span> <span class='ocrx_word' id='word_1_308' title='bbox 362 3854 412 3888; x_wconf 84' lang='lat' dir='ltr'><strong>nec</strong></span> <span class='ocrx_word' id='word_1_309' title='bbox 420 3835 493 3907; x_wconf 84' lang='lat' dir='ltr'><strong>apud</strong></span> <span class='ocrx_word' id='word_1_310' title='bbox 500 3834 653 3902; x_wconf 86' lang='lat' dir='ltr'><strong>Pindarum,</strong></span> <span class='ocrx_word' id='word_1_311' title='bbox 661 3856 710 3889; x_wconf 87' lang='lat' dir='ltr'><strong>uec</strong></span> <span class='ocrx_word' id='word_1_312' title='bbox 718 3836 791 3908; x_wconf 87' lang='lat' dir='ltr'><strong>apud</strong></span> <span class='ocrx_word' id='word_1_313' title='bbox 798 3837 894 3909; x_wconf 73' lang='lat' dir='ltr'><strong>Dictyn</strong></span> <span class='ocrx_word' id='word_1_314' title='bbox 902 3850 928 3888; x_wconf 87' lang='lat' dir='ltr'><strong>et</strong></span> <span class='ocrx_word' id='word_1_315' title='bbox 935 3836 1064 3903; x_wconf 88' lang='lat' dir='ltr'><strong>Quintum</strong></span> <span class='ocrx_word' id='word_1_316' title='bbox 1073 3831 1149 3902; x_wconf 83' lang='lat' dir='ltr'><strong>quid·</strong></span> 
     </span>
     <span class='ocr_line' id='line_1_37' title="bbox 95 3911 1147 3990; baseline -0.006 -24"><span class='ocrx_word' id='word_1_317' title='bbox 95 3932 178 3984; x_wconf 84' lang='lat' dir='ltr'><strong>quam</strong></span> <span class='ocrx_word' id='word_1_318' title='bbox 186 3911 288 3966; x_wconf 86' lang='lat' dir='ltr'><strong>habent</strong></span> <span class='ocrx_word' id='word_1_319' title='bbox 296 3918 431 3987; x_wconf 76' lang='lat' dir='ltr'><strong>precipui.</strong></span> <span class='ocrx_word' id='word_1_320' title='bbox 442 3915 523 3988; x_wconf 83' lang='lat' dir='ltr'><strong>Apud</strong></span> <span class='ocrx_word' id='word_1_321' title='bbox 532 3916 677 3968; x_wconf 84' lang='lat' dir='ltr'><strong>Hesiodum</strong></span> <span class='ocrx_word' id='word_1_322' title='bbox 682 3914 783 3990; x_wconf 62' lang='lat' dir='ltr'><strong>Theop.</strong></span> <span class='ocrx_word' id='word_1_323' title='bbox 794 3917 847 3987; x_wconf 83' lang='grc'><strong>984</strong></span> <span class='ocrx_word' id='word_1_324' title='bbox 856 3917 982 3967; x_wconf 88' lang='lat' dir='ltr'><strong>Memnon</strong></span> <span class='ocrx_word' id='word_1_325' title='bbox 991 3928 1147 3978; x_wconf 72' lang='grc' dir='ltr'><strong>χαλκοκορυσ-</strong></span> 
     </span>
     <span class='ocr_line' id='line_1_38' title="bbox 94 3990 1145 4068; baseline -0.004 -24"><span class='ocrx_word' id='word_1_326' title='bbox 94 3990 155 4054; x_wconf 65' lang='lat' dir='ltr'><strong>ele,</strong></span> <span class='ocrx_word' id='word_1_327' title='bbox 172 3991 220 4045; x_wconf 86' lang='lat' dir='ltr'><strong>sed</strong></span> <span class='ocrx_word' id='word_1_328' title='bbox 240 3993 293 4046; x_wconf 92' lang='lat' dir='ltr'><strong>hoc</strong></span> <span class='ocrx_word' id='word_1_329' title='bbox 306 3996 461 4068; x_wconf 87' lang='lat' dir='ltr'><strong>simpliciter</strong></span> <span class='ocrx_word' id='word_1_330' title='bbox 479 4006 613 4062; x_wconf 76' lang='lat' dir='ltr'><strong>amatus,</strong></span> <span class='ocrx_word' id='word_1_331' title='bbox 632 4008 662 4048; x_wconf 94' lang='lat' dir='ltr'><strong>ut</strong></span> <span class='ocrx_word' id='word_1_332' title='bbox 677 3999 776 4068; x_wconf 86' lang='lat' dir='ltr'><strong>passim</strong></span> <span class='ocrx_word' id='word_1_333' title='bbox 795 3997 840 4048; x_wconf 85' lang='lat' dir='ltr'><strong>alii</strong></span> <span class='ocrx_word' id='word_1_334' title='bbox 860 3993 964 4045; x_wconf 86' lang='lat' dir='ltr'><strong>heroes.</strong></span> <span class='ocrx_word' id='word_1_335' title='bbox 983 3993 1041 4043; x_wconf 84' lang='lat' dir='ltr'><strong>Nisi</strong></span> <span class='ocrx_word' id='word_1_336' title='bbox 1055 3992 1145 4061; x_wconf 88' lang='lat' dir='ltr'><strong>itaque</strong></span> 
     </span>
     <span class='ocr_line' id='line_1_39' title="bbox 95 4073 1145 4148; baseline 0.009 -24"><span class='ocrx_word' id='word_1_337' title='bbox 95 4085 177 4143; x_wconf 89' lang='lat' dir='ltr'><strong>poeta</strong></span> <span class='ocrx_word' id='word_1_338' title='bbox 189 4073 311 4127; x_wconf 85' lang='lat' dir='ltr'><strong>fabulam</strong></span> <span class='ocrx_word' id='word_1_339' title='bbox 320 4093 416 4147; x_wconf 85' lang='lat' dir='ltr'><strong>parurn</strong></span> <span class='ocrx_word' id='word_1_340' title='bbox 428 4096 498 4130; x_wconf 90' lang='lat' dir='ltr'><strong>nunc</strong></span> <span class='ocrx_word' id='word_1_341' title='bbox 510 4089 601 4129; x_wconf 86' lang='lat' dir='ltr'><strong>notam</strong></span> <span class='ocrx_word' id='word_1_342' title='bbox 611 4090 739 4148; x_wconf 81' lang='lat' dir='ltr'><strong>sequutus</strong></span> <span class='ocrx_word' id='word_1_343' title='bbox 750 4089 805 4143; x_wconf 86' lang='lat' dir='ltr'><strong>est,</strong></span> <span class='ocrx_word' id='word_1_344' title='bbox 817 4094 867 4128; x_wconf 87' lang='lat' dir='ltr'><strong>uec</strong></span> <span class='ocrx_word' id='word_1_345' title='bbox 880 4073 1079 4124; x_wconf 89' lang='lat' dir='ltr'><strong>commentitum</strong></span> <span class='ocrx_word' id='word_1_346' title='bbox 1092 4083 1145 4132; x_wconf 67' lang='lat' dir='ltr'><strong>ests</strong></span> 
     </span>
    </p>
   </div>
   <div class='ocr_carea' id='block_1_11' title="bbox 0 0 1377 4586">
    <p class='ocr_par' dir='ltr' id='par_1_11' title="bbox 0 0 1377 4586">
     <span class='ocr_line' id='line_1_40' title="bbox 0 0 1377 4586; baseline 0 0"><span class='ocrx_word' id='word_1_347' title='bbox 0 0 1377 4586; x_wconf 95' lang='lat' dir='ltr'><strong> </strong></span> 
     </span>
    </p>
   </div>
  </div>
 </body>
</html>
