<?xml version="1.0" encoding="UTF-8"?>
<!DOCTYPE html PUBLIC "-//W3C//DTD XHTML 1.0 Transitional//EN"
    "http://www.w3.org/TR/xhtml1/DTD/xhtml1-transitional.dtd">
<html xmlns="http://www.w3.org/1999/xhtml" xml:lang="en" lang="en">
 <head>
  <title>
</title>
<meta http-equiv="Content-Type" content="text/html;charset=utf-8" />
  <meta name='ocr-system' content='tesseract 3.04.00' />
  <meta name='ocr-capabilities' content='ocr_page ocr_carea ocr_par ocr_line ocrx_word'/>
</head>
<body>
  <div class='ocr_page' id='page_1' title='image "./pvirgiliusmaroq00barbgoog_0319.png"; bbox 0 0 2718 4598; ppageno 0'>
   <div class='ocr_carea' id='block_1_1' title="bbox 383 289 1100 404">
    <p class='ocr_par' dir='ltr' id='par_1_1' title="bbox 383 289 1100 404">
     <span class='ocr_line' id='line_1_1' title="bbox 383 289 1100 404; baseline 0.01 -40"><span class='ocrx_word' id='word_1_1' title='bbox 383 289 462 378; x_wconf 67' lang='lat' dir='ltr'>‘Ab</span> <span class='ocrx_word' id='word_1_2' title='bbox 485 303 686 368; x_wconf 76' lang='lat' dir='ltr'>cincun</span> <span class='ocrx_word' id='word_1_3' title='bbox 710 307 758 369; x_wconf 89' lang='lat'>11.</span> <span class='ocrx_word' id='word_1_4' title='bbox 1037 303 1100 404; x_wconf 78' lang='lat'>307·</span> 
     </span>
    </p>
   </div>
   <div class='ocr_carea' id='block_1_2' title="bbox 54 424 1113 3453">
    <p class='ocr_par' dir='ltr' id='par_1_2' title="bbox 54 424 1113 2649">
     <span class='ocr_line' id='line_1_2' title="bbox 56 424 1103 506; baseline 0.012 -29"><span class='ocrx_word' id='word_1_5' title='bbox 56 428 203 486; x_wconf 81' lang='lat' dir='ltr'>amisisset,</span> <span class='ocrx_word' id='word_1_6' title='bbox 217 424 362 497; x_wconf 85' lang='lat' dir='ltr'>deperditis</span> <span class='ocrx_word' id='word_1_7' title='bbox 367 427 424 494; x_wconf 85' lang='lat' dir='ltr'>jam</span> <span class='ocrx_word' id='word_1_8' title='bbox 431 437 487 477; x_wconf 88' lang='lat' dir='ltr'>tum</span> <span class='ocrx_word' id='word_1_9' title='bbox 498 439 543 478; x_wconf 85' lang='lat' dir='ltr'>aut</span> <span class='ocrx_word' id='word_1_10' title='bbox 553 425 768 480; x_wconf 83' lang='lat' dir='ltr'>delitescentibus</span> <span class='ocrx_word' id='word_1_11' title='bbox 781 428 915 502; x_wconf 90' lang='lat' dir='ltr'>plerisque</span> <span class='ocrx_word' id='word_1_12' title='bbox 926 433 956 485; x_wconf 67' lang='lat' dir='ltr'>ex&#39;</span> <span class='ocrx_word' id='word_1_13' title='bbox 968 438 1103 506; x_wconf 63' lang='lat' dir='ltr'>praeclaris</span> 
     </span>
     <span class='ocr_line' id='line_1_3' title="bbox 54 505 1104 580; baseline 0.012 -25"><span class='ocrx_word' id='word_1_14' title='bbox 54 506 109 557; x_wconf 90' lang='lat' dir='ltr'>illis</span> <span class='ocrx_word' id='word_1_15' title='bbox 121 505 317 575; x_wconf 80' lang='lat' dir='ltr'>antiquioribus</span> <span class='ocrx_word' id='word_1_16' title='bbox 339 507 425 576; x_wconf 84' lang='lat' dir='ltr'>poetis</span> <span class='ocrx_word' id='word_1_17' title='bbox 445 525 475 558; x_wconf 85' lang='lat' dir='ltr'>ac</span> <span class='ocrx_word' id='word_1_18' title='bbox 492 506 681 576; x_wconf 82' lang='lat' dir='ltr'>scriptoribus,</span> <span class='ocrx_word' id='word_1_19' title='bbox 694 527 755 559; x_wconf 93' lang='lat' dir='ltr'>ecce</span> <span class='ocrx_word' id='word_1_20' title='bbox 774 507 823 558; x_wconf 93' lang='lat' dir='ltr'>tibi</span> <span class='ocrx_word' id='word_1_21' title='bbox 834 526 1014 580; x_wconf 80' lang='lat' dir='ltr'>provenerunt</span> <span class='ocrx_word' id='word_1_22' title='bbox 1026 516 1104 568; x_wconf 89' lang='lat' dir='ltr'>multi</span> 
     </span>
     <span class='ocr_line' id='line_1_4' title="bbox 54 583 1104 666; baseline 0.01 -30"><span class='ocrx_word' id='word_1_23' title='bbox 54 603 113 638; x_wconf 89' lang='lat' dir='ltr'>non</span> <span class='ocrx_word' id='word_1_24' title='bbox 125 599 225 658; x_wconf 84' lang='lat' dir='ltr'>poetae,</span> <span class='ocrx_word' id='word_1_25' title='bbox 239 586 286 638; x_wconf 91' lang='lat' dir='ltr'>sed</span> <span class='ocrx_word' id='word_1_26' title='bbox 299 583 495 658; x_wconf 54' lang='lat' dir='ltr'>complentem,</span> <span class='ocrx_word' id='word_1_27' title='bbox 510 589 555 657; x_wconf 93' lang='lat' dir='ltr'>qui</span> <span class='ocrx_word' id='word_1_28' title='bbox 567 605 599 639; x_wconf 83' lang='lat' dir='ltr'>ex</span> <span class='ocrx_word' id='word_1_29' title='bbox 609 587 760 653; x_wconf 90' lang='lat' dir='ltr'>nonnullis,</span> <span class='ocrx_word' id='word_1_30' title='bbox 774 590 820 658; x_wconf 88' lang='lat' dir='ltr'>qui</span> <span class='ocrx_word' id='word_1_31' title='bbox 832 606 1004 662; x_wconf 84' lang='lat' dir='ltr'>supererant,</span> <span class='ocrx_word' id='word_1_32' title='bbox 1015 599 1104 666; x_wconf 83' lang='lat' dir='ltr'>poetis</span> 
     </span>
     <span class='ocr_line' id='line_1_5' title="bbox 55 667 1105 746; baseline 0.009 -29"><span class='ocrx_word' id='word_1_33' title='bbox 55 667 165 739; x_wconf 74' lang='lat' dir='ltr'>cyclicis</span> <span class='ocrx_word' id='word_1_34' title='bbox 178 669 294 738; x_wconf 84' lang='lat' dir='ltr'>antiquis</span> <span class='ocrx_word' id='word_1_35' title='bbox 311 684 380 720; x_wconf 87' lang='lat' dir='ltr'>nova</span> <span class='ocrx_word' id='word_1_36' title='bbox 400 669 518 719; x_wconf 88' lang='lat' dir='ltr'>carmina</span> <span class='ocrx_word' id='word_1_37' title='bbox 530 669 743 733; x_wconf 83' lang='lat' dir='ltr'>conscriberent,</span> <span class='ocrx_word' id='word_1_38' title='bbox 757 682 803 720; x_wconf 89' lang='lat' dir='ltr'>ant</span> <span class='ocrx_word' id='word_1_39' title='bbox 819 673 898 722; x_wconf 89' lang='lat' dir='ltr'>etiam</span> <span class='ocrx_word' id='word_1_40' title='bbox 910 692 942 725; x_wconf 84' lang='lat' dir='ltr'>ex</span> <span class='ocrx_word' id='word_1_41' title='bbox 953 678 1105 746; x_wconf 89' lang='lat' dir='ltr'>grammati·</span> 
     </span>
     <span class='ocr_line' id='line_1_6' title="bbox 55 747 1106 821; baseline 0.009 -25"><span class='ocrx_word' id='word_1_42' title='bbox 55 765 152 798; x_wconf 89' lang='lat' dir='ltr'>corum</span> <span class='ocrx_word' id='word_1_43' title='bbox 164 749 206 798; x_wconf 87' lang='lat' dir='ltr'>vel</span> <span class='ocrx_word' id='word_1_44' title='bbox 224 747 413 800; x_wconf 88' lang='lat' dir='ltr'>historicorum</span> <span class='ocrx_word' id='word_1_45' title='bbox 429 747 594 798; x_wconf 88' lang='lat' dir='ltr'>doctioribus</span> <span class='ocrx_word' id='word_1_46' title='bbox 610 748 684 799; x_wconf 94' lang='lat' dir='ltr'>libris</span> <span class='ocrx_word' id='word_1_47' title='bbox 698 747 833 801; x_wconf 81' lang='lat' dir='ltr'>breviores</span> <span class='ocrx_word' id='word_1_48' title='bbox 849 750 975 821; x_wconf 81' lang='lat' dir='ltr'>epitomas</span> <span class='ocrx_word' id='word_1_49' title='bbox 991 752 1106 805; x_wconf 59' lang='lat' dir='ltr'>confice*</span> 
     </span>
     <span class='ocr_line' id='line_1_7' title="bbox 54 825 1106 902; baseline 0.007 -27"><span class='ocrx_word' id='word_1_50' title='bbox 54 838 135 890; x_wconf 84' lang='lat' dir='ltr'>rent,</span> <span class='ocrx_word' id='word_1_51' title='bbox 153 826 299 878; x_wconf 90' lang='lat' dir='ltr'>censendas</span> <span class='ocrx_word' id='word_1_52' title='bbox 316 829 379 878; x_wconf 86' lang='lat' dir='ltr'>istas</span> <span class='ocrx_word' id='word_1_53' title='bbox 393 839 419 878; x_wconf 90' lang='lat' dir='ltr'>et</span> <span class='ocrx_word' id='word_1_54' title='bbox 438 825 629 895; x_wconf 71' lang='lat' dir='ltr'>dijudicandas¹</span> <span class='ocrx_word' id='word_1_55' title='bbox 639 829 695 879; x_wconf 85' lang='lat' dir='ltr'>fere</span> <span class='ocrx_word' id='word_1_56' title='bbox 708 845 762 878; x_wconf 88' lang='lat' dir='ltr'>non</span> <span class='ocrx_word' id='word_1_57' title='bbox 774 828 854 879; x_wconf 90' lang='lat' dir='ltr'>modo</span> <span class='ocrx_word' id='word_1_58' title='bbox 870 849 901 881; x_wconf 86' lang='lat' dir='ltr'>ex</span> <span class='ocrx_word' id='word_1_59' title='bbox 913 833 1024 902; x_wconf 85' lang='lat' dir='ltr'>propria</span> <span class='ocrx_word' id='word_1_60' title='bbox 1040 831 1106 887; x_wconf 84' lang='lat' dir='ltr'>doc·</span> 
     </span>
     <span class='ocr_line' id='line_1_8' title="bbox 54 900 1106 982; baseline 0.007 -27"><span class='ocrx_word' id='word_1_61' title='bbox 54 909 144 974; x_wconf 87' lang='lat' dir='ltr'>trina,</span> <span class='ocrx_word' id='word_1_62' title='bbox 164 900 309 961; x_wconf 83' lang='lat' dir='ltr'>sedetiam</span> <span class='ocrx_word' id='word_1_63' title='bbox 330 928 361 961; x_wconf 89' lang='lat' dir='ltr'>ex</span> <span class='ocrx_word' id='word_1_64' title='bbox 379 926 487 972; x_wconf 88' lang='lat' dir='ltr'>eorum,</span> <span class='ocrx_word' id='word_1_65' title='bbox 508 927 574 980; x_wconf 91' lang='lat' dir='ltr'>quos</span> <span class='ocrx_word' id='word_1_66' title='bbox 595 912 807 980; x_wconf 82' lang='lat' dir='ltr'>exscripserunt,</span> <span class='ocrx_word' id='word_1_67' title='bbox 826 910 878 963; x_wconf 84' lang='lat' dir='ltr'>fide</span> <span class='ocrx_word' id='word_1_68' title='bbox 895 932 925 964; x_wconf 91' lang='lat' dir='ltr'>ac</span> <span class='ocrx_word' id='word_1_69' title='bbox 942 914 1053 982; x_wconf 86' lang='lat' dir='ltr'>judicio.</span> <span class='ocrx_word' id='word_1_70' title='bbox 1067 913 1106 963; x_wconf 81' lang='lat' dir='ltr'>Ex</span> 
     </span>
     <span class='ocr_line' id='line_1_9' title="bbox 54 988 1107 1063; baseline 0.008 -27"><span class='ocrx_word' id='word_1_71' title='bbox 54 989 150 1056; x_wconf 89' lang='lat' dir='ltr'>priore</span> <span class='ocrx_word' id='word_1_72' title='bbox 162 1008 259 1060; x_wconf 79' lang='lat' dir='ltr'>genere</span> <span class='ocrx_word' id='word_1_73' title='bbox 271 1002 379 1060; x_wconf 89' lang='lat' dir='ltr'>poetam</span> <span class='ocrx_word' id='word_1_74' title='bbox 394 988 524 1062; x_wconf 84' lang='lat' dir='ltr'>babemus</span> <span class='ocrx_word' id='word_1_75' title='bbox 545 1008 599 1040; x_wconf 90' lang='lat' dir='ltr'>non</span> <span class='ocrx_word' id='word_1_76' title='bbox 618 989 708 1050; x_wconf 83' lang='lat' dir='ltr'>infimo</span> <span class='ocrx_word' id='word_1_77' title='bbox 721 991 781 1042; x_wconf 91' lang='lat' dir='ltr'>loco</span> <span class='ocrx_word' id='word_1_78' title='bbox 793 991 963 1058; x_wconf 86' lang='lat' dir='ltr'>habendum,</span> <span class='ocrx_word' id='word_1_79' title='bbox 976 994 1107 1063; x_wconf 82' lang='lat' dir='ltr'>Quintum</span> 
     </span>
     <span class='ocr_line' id='line_1_10' title="bbox 58 1064 1107 1138; baseline 0.007 -23"><span class='ocrx_word' id='word_1_80' title='bbox 58 1064 220 1130; x_wconf 60' lang='lat' dir='ltr'>calatium,</span> <span class='ocrx_word' id='word_1_81' title='bbox 236 1070 263 1117; x_wconf 91' lang='lat' dir='ltr'>in</span> <span class='ocrx_word' id='word_1_82' title='bbox 280 1086 333 1138; x_wconf 93' lang='lat' dir='ltr'>quo</span> <span class='ocrx_word' id='word_1_83' title='bbox 347 1067 522 1120; x_wconf 88' lang='lat' dir='ltr'>emaculando</span> <span class='ocrx_word' id='word_1_84' title='bbox 534 1069 612 1121; x_wconf 86' lang='lat' dir='ltr'>Laur.</span> <span class='ocrx_word' id='word_1_85' title='bbox 631 1069 859 1136; x_wconf 85' lang='lat' dir='ltr'>Rhodomannus,</span> <span class='ocrx_word' id='word_1_86' title='bbox 881 1071 1029 1124; x_wconf 86' lang='lat' dir='ltr'>llfeldensis</span> <span class='ocrx_word' id='word_1_87' title='bbox 1042 1072 1107 1122; x_wconf 89' lang='lat' dir='ltr'>olim</span> 
     </span>
     <span class='ocr_line' id='line_1_11' title="bbox 56 1144 1109 1222; baseline 0.008 -28"><span class='ocrx_word' id='word_1_88' title='bbox 56 1144 109 1195; x_wconf 92' lang='lat' dir='ltr'>sub</span> <span class='ocrx_word' id='word_1_89' title='bbox 122 1145 203 1196; x_wconf 84' lang='lat' dir='ltr'>Mich.</span> <span class='ocrx_word' id='word_1_90' title='bbox 217 1146 343 1198; x_wconf 87' lang='lat' dir='ltr'>Neandro</span> <span class='ocrx_word' id='word_1_91' title='bbox 357 1146 502 1218; x_wconf 77' lang='lat' dir='ltr'>disciplinae</span> <span class='ocrx_word' id='word_1_92' title='bbox 515 1161 640 1201; x_wconf 75' lang='lat' dir='ltr'>aeternum</span> <span class='ocrx_word' id='word_1_93' title='bbox 653 1147 751 1213; x_wconf 88' lang='lat' dir='ltr'>decus,</span> <span class='ocrx_word' id='word_1_94' title='bbox 765 1150 817 1201; x_wconf 85' lang='lat' dir='ltr'>tale</span> <span class='ocrx_word' id='word_1_95' title='bbox 827 1153 926 1222; x_wconf 86' lang='lat' dir='ltr'>ingenii</span> <span class='ocrx_word' id='word_1_96' title='bbox 939 1172 1050 1204; x_wconf 83' lang='lat' dir='ltr'>acumen</span> <span class='ocrx_word' id='word_1_97' title='bbox 1063 1169 1109 1203; x_wconf 82' lang='lat' dir='ltr'>ex-</span> 
     </span>
     <span class='ocr_line' id='line_1_12' title="bbox 56 1220 1108 1301; baseline 0.007 -29"><span class='ocrx_word' id='word_1_98' title='bbox 56 1220 165 1287; x_wconf 90' lang='lat' dir='ltr'>hibuit,</span> <span class='ocrx_word' id='word_1_99' title='bbox 179 1236 209 1274; x_wconf 90' lang='lat' dir='ltr'>ut</span> <span class='ocrx_word' id='word_1_100' title='bbox 220 1241 252 1274; x_wconf 82' lang='lat' dir='ltr'>ex</span> <span class='ocrx_word' id='word_1_101' title='bbox 264 1227 372 1276; x_wconf 88' lang='lat' dir='ltr'>summis</span> <span class='ocrx_word' id='word_1_102' title='bbox 383 1229 560 1278; x_wconf 84' lang='lat' dir='ltr'>recentiorum</span> <span class='ocrx_word' id='word_1_103' title='bbox 573 1240 723 1298; x_wconf 91' lang='lat' dir='ltr'>temporum</span> <span class='ocrx_word' id='word_1_104' title='bbox 733 1231 831 1280; x_wconf 91' lang='lat' dir='ltr'>criticis</span> <span class='ocrx_word' id='word_1_105' title='bbox 841 1233 883 1281; x_wconf 84' lang='lat' dir='ltr'>vix</span> <span class='ocrx_word' id='word_1_106' title='bbox 897 1231 1028 1294; x_wconf 89' lang='lat' dir='ltr'>habeam,</span> <span class='ocrx_word' id='word_1_107' title='bbox 1039 1245 1108 1301; x_wconf 84' lang='lat' dir='ltr'>quos</span> 
     </span>
     <span class='ocr_line' id='line_1_13' title="bbox 56 1303 1107 1375; baseline 0.007 -24"><span class='ocrx_word' id='word_1_108' title='bbox 56 1320 121 1352; x_wconf 90' lang='lat' dir='ltr'>cum</span> <span class='ocrx_word' id='word_1_109' title='bbox 134 1303 193 1371; x_wconf 88' lang='lat' dir='ltr'>ipso</span> <span class='ocrx_word' id='word_1_110' title='bbox 205 1304 400 1375; x_wconf 87' lang='lat' dir='ltr'>comparandos</span> <span class='ocrx_word' id='word_1_111' title='bbox 413 1319 511 1375; x_wconf 89' lang='lat' dir='ltr'>putem.</span> <span class='ocrx_word' id='word_1_112' title='bbox 523 1306 575 1358; x_wconf 86' lang='lat' dir='ltr'>Sed</span> <span class='ocrx_word' id='word_1_113' title='bbox 585 1308 699 1373; x_wconf 85' lang='lat' dir='ltr'>Quintus</span> <span class='ocrx_word' id='word_1_114' title='bbox 712 1309 756 1360; x_wconf 91' lang='lat' dir='ltr'>ille</span> <span class='ocrx_word' id='word_1_115' title='bbox 766 1309 839 1361; x_wconf 92' lang='lat' dir='ltr'>haud</span> <span class='ocrx_word' id='word_1_116' title='bbox 849 1309 930 1362; x_wconf 92' lang='lat' dir='ltr'>dubie</span> <span class='ocrx_word' id='word_1_117' title='bbox 941 1323 1001 1362; x_wconf 88' lang='lat' dir='ltr'>ante</span> <span class='ocrx_word' id='word_1_118' title='bbox 1015 1308 1107 1361; x_wconf 89' lang='lat' dir='ltr'>oculos</span> 
     </span>
     <span class='ocr_line' id='line_1_14' title="bbox 56 1376 1108 1460; baseline 0.01 -32"><span class='ocrx_word' id='word_1_119' title='bbox 56 1376 154 1431; x_wconf 88' lang='lat' dir='ltr'>habuit</span> <span class='ocrx_word' id='word_1_120' title='bbox 170 1380 286 1451; x_wconf 78' lang='lat' dir='ltr'>aliquem</span> <span class='ocrx_word' id='word_1_121' title='bbox 299 1396 344 1434; x_wconf 90' lang='lat' dir='ltr'>aut</span> <span class='ocrx_word' id='word_1_122' title='bbox 361 1384 450 1454; x_wconf 87' lang='lat' dir='ltr'>plures</span> <span class='ocrx_word' id='word_1_123' title='bbox 468 1403 499 1436; x_wconf 85' lang='lat' dir='ltr'>cx</span> <span class='ocrx_word' id='word_1_124' title='bbox 516 1387 649 1438; x_wconf 85' lang='lat' dir='ltr'>veteribus</span> <span class='ocrx_word' id='word_1_125' title='bbox 666 1390 752 1456; x_wconf 88' lang='lat' dir='ltr'>poetis</span> <span class='ocrx_word' id='word_1_126' title='bbox 770 1389 891 1460; x_wconf 82' lang='lat' dir='ltr'>cyclicis,</span> <span class='ocrx_word' id='word_1_127' title='bbox 909 1391 1029 1460; x_wconf 86' lang='lat' dir='ltr'>inprimis</span> <span class='ocrx_word' id='word_1_128' title='bbox 1041 1391 1108 1440; x_wconf 90' lang='lat' dir='ltr'>Les-&#39;</span> 
     </span>
     <span class='ocr_line' id='line_1_15' title="bbox 58 1456 1109 1540; baseline 0.008 -33"><span class='ocrx_word' id='word_1_129' title='bbox 58 1456 145 1522; x_wconf 88' lang='lat' dir='ltr'>chen,</span> <span class='ocrx_word' id='word_1_130' title='bbox 165 1472 195 1510; x_wconf 91' lang='lat' dir='ltr'>ut</span> <span class='ocrx_word' id='word_1_131' title='bbox 213 1460 278 1511; x_wconf 84' lang='lat' dir='ltr'>mihi</span> <span class='ocrx_word' id='word_1_132' title='bbox 295 1462 402 1531; x_wconf 88' lang='lat' dir='ltr'>quidem</span> <span class='ocrx_word' id='word_1_133' title='bbox 415 1467 498 1514; x_wconf 90' lang='lat' dir='ltr'>visum</span> <span class='ocrx_word' id='word_1_134' title='bbox 511 1476 570 1527; x_wconf 87' lang='lat' dir='ltr'>est,</span> <span class='ocrx_word' id='word_1_135' title='bbox 590 1469 751 1534; x_wconf 86' lang='lat' dir='ltr'>comparatis</span> <span class='ocrx_word' id='word_1_136' title='bbox 764 1487 824 1518; x_wconf 90' lang='lat' dir='ltr'>cum</span> <span class='ocrx_word' id='word_1_137' title='bbox 837 1487 868 1519; x_wconf 90' lang='lat' dir='ltr'>eo</span> <span class='ocrx_word' id='word_1_138' title='bbox 881 1469 1035 1540; x_wconf 79' lang='lat' dir='ltr'>fragmentis</span> <span class='ocrx_word' id='word_1_139' title='bbox 1048 1469 1109 1518; x_wconf 57' lang='lat' dir='ltr'>Lesi</span> 
     </span>
     <span class='ocr_line' id='line_1_16' title="bbox 56 1537 1109 1617; baseline 0.008 -29"><span class='ocrx_word' id='word_1_140' title='bbox 56 1537 115 1588; x_wconf 83' lang='lat' dir='ltr'>chae</span> <span class='ocrx_word' id='word_1_141' title='bbox 129 1552 158 1590; x_wconf 91' lang='lat' dir='ltr'>et</span> <span class='ocrx_word' id='word_1_142' title='bbox 169 1541 219 1605; x_wconf 89' lang='lat' dir='ltr'>iis,</span> <span class='ocrx_word' id='word_1_143' title='bbox 233 1541 412 1611; x_wconf 65' lang='lat' dir='ltr'>quae&#39;aliunde</span> <span class='ocrx_word' id='word_1_144' title='bbox 426 1544 460 1596; x_wconf 93' lang='lat' dir='ltr'>de</span> <span class='ocrx_word' id='word_1_145' title='bbox 476 1562 561 1613; x_wconf 87' lang='lat' dir='ltr'>parva</span> <span class='ocrx_word' id='word_1_146' title='bbox 572 1543 656 1596; x_wconf 89' lang='lat' dir='ltr'>iliade</span> <span class='ocrx_word' id='word_1_147' title='bbox 670 1564 831 1617; x_wconf 82' lang='lat' dir='ltr'>cognoscere</span> <span class='ocrx_word' id='word_1_148' title='bbox 846 1548 922 1598; x_wconf 92' lang='lat' dir='ltr'>licuit</span> <span class='ocrx_word' id='word_1_149' title='bbox 937 1547 987 1617; x_wconf 89' lang='lat' dir='ltr'>(r).</span> <span class='ocrx_word' id='word_1_150' title='bbox 1003 1547 1069 1598; x_wconf 87' lang='lat' dir='ltr'>Sunt</span> <span class='ocrx_word' id='word_1_151' title='bbox 1080 1547 1109 1596; x_wconf 89' lang='lat' dir='ltr'>in</span> 
     </span>
     <span class='ocr_line' id='line_1_17' title="bbox 57 1619 1107 1698; baseline 0.004 -29"><span class='ocrx_word' id='word_1_152' title='bbox 57 1637 91 1669; x_wconf 91' lang='lat' dir='ltr'>eo</span> <span class='ocrx_word' id='word_1_153' title='bbox 109 1619 171 1671; x_wconf 92' lang='lat' dir='ltr'>loca</span> <span class='ocrx_word' id='word_1_154' title='bbox 189 1625 295 1693; x_wconf 85' lang='lat' dir='ltr'>egregia</span> <span class='ocrx_word' id='word_1_155' title='bbox 311 1636 336 1674; x_wconf 88' lang='lat' dir='ltr'>et</span> <span class='ocrx_word' id='word_1_156' title='bbox 354 1642 411 1694; x_wconf 76' lang='lat' dir='ltr'>quae</span> <span class='ocrx_word' id='word_1_157' title='bbox 428 1627 610 1695; x_wconf 75' lang='lat' dir='ltr'>praestantiore</span> <span class='ocrx_word' id='word_1_158' title='bbox 631 1643 738 1696; x_wconf 92' lang='lat' dir='ltr'>quoque</span> <span class='ocrx_word' id='word_1_159' title='bbox 750 1640 832 1697; x_wconf 87' lang='lat' dir='ltr'>poeta</span> <span class='ocrx_word' id='word_1_160' title='bbox 847 1646 902 1677; x_wconf 87' lang='lat' dir='ltr'>non</span> <span class='ocrx_word' id='word_1_161' title='bbox 921 1629 1032 1698; x_wconf 89' lang='lat' dir='ltr'>indigna</span> <span class='ocrx_word' id='word_1_162' title='bbox 1047 1625 1107 1674; x_wconf 78' lang='lat' dir='ltr'>sint-</span> 
     </span>
     <span class='ocr_line' id='line_1_18' title="bbox 57 1699 1109 1776; baseline 0.004 -28"><span class='ocrx_word' id='word_1_163' title='bbox 57 1699 135 1750; x_wconf 86' lang='lat' dir='ltr'>Alter</span> <span class='ocrx_word' id='word_1_164' title='bbox 147 1713 187 1750; x_wconf 90' lang='lat' dir='ltr'>est</span> <span class='ocrx_word' id='word_1_165' title='bbox 201 1703 396 1774; x_wconf 80' lang='lat' dir='ltr'>Trypbt&#39;odorus</span> <span class='ocrx_word' id='word_1_166' title='bbox 404 1743 412 1769; x_wconf 92' lang='lat'>,</span> <span class='ocrx_word' id='word_1_167' title='bbox 426 1707 500 1776; x_wconf 73' lang='lat' dir='ltr'>cnjus</span> <span class='ocrx_word' id='word_1_168' title='bbox 516 1703 583 1754; x_wconf 77' lang='lat' dir='ltr'>&#39;Inita</span> <span class='ocrx_word' id='word_1_169' title='bbox 598 1702 683 1758; x_wconf 65' lang='grc' dir='ltr'>εἵλωσιν</span> <span class='ocrx_word' id='word_1_170' title='bbox 695 1705 843 1772; x_wconf 73' lang='lat' dir='ltr'>habemuS,</span> <span class='ocrx_word' id='word_1_171' title='bbox 857 1709 904 1758; x_wconf 92' lang='lat' dir='ltr'>sed</span> <span class='ocrx_word' id='word_1_172' title='bbox 916 1707 1000 1759; x_wconf 91' lang='lat' dir='ltr'>multo</span> <span class='ocrx_word' id='word_1_173' title='bbox 1013 1703 1109 1754; x_wconf 73' lang='lat' dir='ltr'>indae:</span> 
     </span>
     <span class='ocr_line' id='line_1_19' title="bbox 57 1780 1110 1878; baseline 0.007 -49"><span class='ocrx_word' id='word_1_174' title='bbox 57 1780 112 1831; x_wconf 89' lang='lat' dir='ltr'>tior</span> <span class='ocrx_word' id='word_1_175' title='bbox 125 1793 151 1832; x_wconf 93' lang='lat' dir='ltr'>et</span> <span class='ocrx_word' id='word_1_176' title='bbox 167 1799 236 1852; x_wconf 84' lang='lat' dir='ltr'>soepe</span> <span class='ocrx_word' id='word_1_177' title='bbox 256 1787 361 1854; x_wconf 89' lang='lat' dir='ltr'>ineptus</span> <span class='ocrx_word' id='word_1_178' title='bbox 377 1784 472 1852; x_wconf 88' lang='lat' dir='ltr'>homo,</span> <span class='ocrx_word' id='word_1_179' title='bbox 490 1799 592 1838; x_wconf 89' lang='lat' dir='ltr'>etcum</span> <span class='ocrx_word' id='word_1_180' title='bbox 611 1804 642 1837; x_wconf 90' lang='lat' dir='ltr'>eo</span> <span class='ocrx_word' id='word_1_181' title='bbox 658 1785 799 1851; x_wconf 82' lang='lat' dir='ltr'>Colathas,</span> <span class='ocrx_word' id='word_1_182' title='bbox 814 1789 841 1837; x_wconf 91' lang='lat' dir='ltr'>in</span> <span class='ocrx_word' id='word_1_183' title='bbox 854 1785 942 1844; x_wconf 75' lang='lat' dir='ltr'>‘Etim</span> <span class='ocrx_word' id='word_1_184' title='bbox 960 1783 1110 1878; x_wconf 56' lang='lat' dir='ltr'>dpna‘psiptt</span> 
     </span>
     <span class='ocr_line' id='line_1_20' title="bbox 58 1864 1108 1936; baseline 0.003 -27"><span class='ocrx_word' id='word_1_185' title='bbox 58 1865 176 1930; x_wconf 81' lang='lat' dir='ltr'>utroq&#39;ite</span> <span class='ocrx_word' id='word_1_186' title='bbox 189 1874 277 1916; x_wconf 91' lang='lat' dir='ltr'>tamen</span> <span class='ocrx_word' id='word_1_187' title='bbox 288 1864 366 1917; x_wconf 84' lang='lat' dir='ltr'>facile</span> <span class='ocrx_word' id='word_1_188' title='bbox 379 1867 496 1917; x_wconf 88' lang='lat' dir='ltr'>melioris</span> <span class='ocrx_word' id='word_1_189' title='bbox 508 1885 580 1917; x_wconf 82' lang='lat' dir='ltr'>venoe</span> <span class='ocrx_word' id='word_1_190' title='bbox 593 1867 704 1936; x_wconf 87' lang='lat' dir='ltr'>vestigia</span> <span class='ocrx_word' id='word_1_191' title='bbox 712 1868 812 1936; x_wconf 88' lang='lat' dir='ltr'>passim</span> <span class='ocrx_word' id='word_1_192' title='bbox 821 1866 1021 1936; x_wconf 67' lang='lat' dir='ltr'>deprehendam,</span> <span class='ocrx_word' id='word_1_193' title='bbox 1033 1874 1108 1914; x_wconf 82' lang='lat' dir='ltr'>tanto</span> 
     </span>
     <span class='ocr_line' id='line_1_21' title="bbox 58 1940 1109 2020; baseline 0.004 -31"><span class='ocrx_word' id='word_1_194' title='bbox 58 1942 180 2012; x_wconf 85' lang='lat' dir='ltr'>gratiora</span> <span class='ocrx_word' id='word_1_195' title='bbox 191 1940 238 1995; x_wconf 87' lang='lat' dir='ltr'>illa</span> <span class='ocrx_word' id='word_1_196' title='bbox 250 1953 275 1994; x_wconf 91' lang='lat' dir='ltr'>et</span> <span class='ocrx_word' id='word_1_197' title='bbox 284 1943 462 2020; x_wconf 81' lang='lat' dir='ltr'>jucundiora,</span> <span class='ocrx_word' id='word_1_198' title='bbox 479 1963 533 2016; x_wconf 89' lang='lat' dir='ltr'>quo</span> <span class='ocrx_word' id='word_1_199' title='bbox 553 1943 653 1996; x_wconf 90' lang='lat' dir='ltr'>aridius</span> <span class='ocrx_word' id='word_1_200' title='bbox 673 1957 699 1995; x_wconf 91' lang='lat' dir='ltr'>et</span> <span class='ocrx_word' id='word_1_201' title='bbox 716 1945 830 1996; x_wconf 82' lang='lat' dir='ltr'>sterilius</span> <span class='ocrx_word' id='word_1_202' title='bbox 850 1946 936 1996; x_wconf 89' lang='lat' dir='ltr'>solum</span> <span class='ocrx_word' id='word_1_203' title='bbox 949 1957 1003 2009; x_wconf 86' lang='lat' dir='ltr'>est,</span> <span class='ocrx_word' id='word_1_204' title='bbox 1015 1944 1043 1993; x_wconf 89' lang='lat' dir='ltr'>in</span> <span class='ocrx_word' id='word_1_205' title='bbox 1056 1959 1109 2011; x_wconf 90' lang='lat' dir='ltr'>quo</span> 
     </span>
     <span class='ocr_line' id='line_1_22' title="bbox 60 2017 1111 2095; baseline 0.001 -27"><span class='ocrx_word' id='word_1_206' title='bbox 60 2017 140 2070; x_wconf 85' lang='lat' dir='ltr'>flores</span> <span class='ocrx_word' id='word_1_207' title='bbox 150 2019 190 2070; x_wconf 90' lang='lat' dir='ltr'>illi</span> <span class='ocrx_word' id='word_1_208' title='bbox 199 2036 369 2074; x_wconf 87' lang='lat' dir='ltr'>enascuntur.</span> <span class='ocrx_word' id='word_1_209' title='bbox 382 2025 422 2074; x_wconf 84' lang='lat' dir='ltr'>Ex</span> <span class='ocrx_word' id='word_1_210' title='bbox 429 2023 481 2076; x_wconf 91' lang='lat' dir='ltr'>hoc</span> <span class='ocrx_word' id='word_1_211' title='bbox 493 2042 590 2095; x_wconf 81' lang='lat' dir='ltr'>genere</span> <span class='ocrx_word' id='word_1_212' title='bbox 602 2021 693 2074; x_wconf 86' lang='lat' dir='ltr'>infima</span> <span class='ocrx_word' id='word_1_213' title='bbox 700 2025 755 2091; x_wconf 87' lang='lat' dir='ltr'>jani</span> <span class='ocrx_word' id='word_1_214' title='bbox 767 2027 856 2087; x_wconf 67' lang='lat' dir='ltr'>aet‘ate,</span> <span class='ocrx_word' id='word_1_215' title='bbox 867 2024 957 2074; x_wconf 86' lang='lat' dir='ltr'>infimo</span> <span class='ocrx_word' id='word_1_216' title='bbox 970 2023 1030 2072; x_wconf 87' lang='lat' dir='ltr'>loco</span> <span class='ocrx_word' id='word_1_217' title='bbox 1040 2058 1049 2084; x_wconf 94' lang='lat'>,</span> <span class='ocrx_word' id='word_1_218' title='bbox 1059 2020 1111 2070; x_wconf 85' lang='lat' dir='ltr'>fuit</span> 
     </span>
     <span class='ocr_line' id='line_1_23' title="bbox 62 2100 1109 2174; baseline 0.001 -25"><span class='ocrx_word' id='word_1_219' title='bbox 62 2100 175 2166; x_wconf 81' lang='lat' dir='ltr'>Tzetza,</span> <span class='ocrx_word' id='word_1_220' title='bbox 195 2105 241 2172; x_wconf 86' lang='lat' dir='ltr'>qui</span> <span class='ocrx_word' id='word_1_221' title='bbox 259 2104 480 2169; x_wconf 81' lang='lat' dir='ltr'>Antehamerica,</span> <span class='ocrx_word' id='word_1_222' title='bbox 501 2106 643 2155; x_wconf 89' lang='lat' dir='ltr'>Homerica</span> <span class='ocrx_word' id='word_1_223' title='bbox 662 2115 688 2153; x_wconf 90' lang='lat' dir='ltr'>et</span> <span class='ocrx_word' id='word_1_224' title='bbox 707 2102 905 2157; x_wconf 84' lang='lat' dir='ltr'>Posthomerica</span> <span class='ocrx_word' id='word_1_225' title='bbox 917 2102 974 2174; x_wconf 80' lang='lat' dir='ltr'>(a),</span> <span class='ocrx_word' id='word_1_226' title='bbox 990 2100 1109 2153; x_wconf 87' lang='lat' dir='ltr'>versibus</span> 
     </span>
     <span class='ocr_line' id='line_1_24' title="bbox 60 2182 1111 2254; baseline 0 -24"><span class='ocrx_word' id='word_1_227' title='bbox 60 2183 168 2252; x_wconf 86' lang='lat' dir='ltr'>scripsit</span> <span class='ocrx_word' id='word_1_228' title='bbox 179 2184 280 2236; x_wconf 87' lang='lat' dir='ltr'>scabris</span> <span class='ocrx_word' id='word_1_229' title='bbox 291 2199 317 2237; x_wconf 95' lang='lat' dir='ltr'>et</span> <span class='ocrx_word' id='word_1_230' title='bbox 327 2185 445 2254; x_wconf 64' lang='grc' dir='ltr'>α’μιίτροις·</span> <span class='ocrx_word' id='word_1_231' title='bbox 459 2184 562 2236; x_wconf 73' lang='lat' dir='ltr'>stolida</span> <span class='ocrx_word' id='word_1_232' title='bbox 571 2185 705 2253; x_wconf 80' lang='lat' dir='ltr'>jactantiae</span> <span class='ocrx_word' id='word_1_233' title='bbox 717 2182 808 2246; x_wconf 89' lang='lat' dir='ltr'>bomo,</span> <span class='ocrx_word' id='word_1_234' title='bbox 818 2186 878 2253; x_wconf 94' lang='lat' dir='ltr'>qui,</span> <span class='ocrx_word' id='word_1_235' title='bbox 889 2202 943 2235; x_wconf 91' lang='lat' dir='ltr'>non</span> <span class='ocrx_word' id='word_1_236' title='bbox 956 2197 1023 2245; x_wconf 88' lang='lat' dir='ltr'>tam,</span> <span class='ocrx_word' id='word_1_237' title='bbox 1037 2182 1111 2251; x_wconf 91' lang='lat' dir='ltr'>quod</span> 
     </span>
     <span class='ocr_line' id='line_1_25' title="bbox 59 2261 1113 2338; baseline -0.002 -26"><span class='ocrx_word' id='word_1_238' title='bbox 59 2262 214 2316; x_wconf 86' lang='lat' dir='ltr'>Dodwellus</span> <span class='ocrx_word' id='word_1_239' title='bbox 227 2267 421 2338; x_wconf 80' lang='lat' dir='ltr'>augurabatur,</span> <span class='ocrx_word' id='word_1_240' title='bbox 435 2278 536 2318; x_wconf 80' lang='lat' dir='ltr'>veteres</span> <span class='ocrx_word' id='word_1_241' title='bbox 547 2264 677 2336; x_wconf 74' lang='lat' dir='ltr'>cyclicas,</span> <span class='ocrx_word' id='word_1_242' title='bbox 691 2282 770 2334; x_wconf 90' lang='lat' dir='ltr'>quam</span> <span class='ocrx_word' id='word_1_243' title='bbox 786 2264 903 2316; x_wconf 89' lang='lat' dir='ltr'>misellos</span> <span class='ocrx_word' id='word_1_244' title='bbox 916 2264 1006 2333; x_wconf 87' lang='lat' dir='ltr'>potius</span> <span class='ocrx_word' id='word_1_245' title='bbox 1019 2261 1113 2312; x_wconf 83' lang='lat' dir='ltr'>G1·am-&#39;</span> 
     </span>
     <span class='ocr_line' id='line_1_26' title="bbox 60 2343 1111 2416; baseline 0 -24"><span class='ocrx_word' id='word_1_246' title='bbox 60 2344 174 2394; x_wconf 84' lang='lat' dir='ltr'>maticos</span> <span class='ocrx_word' id='word_1_247' title='bbox 184 2358 211 2395; x_wconf 92' lang='lat' dir='ltr'>et</span> <span class='ocrx_word' id='word_1_248' title='bbox 223 2346 427 2416; x_wconf 83' lang='lat' dir='ltr'>compilatores,</span> <span class='ocrx_word' id='word_1_249' title='bbox 443 2347 559 2416; x_wconf 89' lang='lat' dir='ltr'>quicum</span> <span class='ocrx_word' id='word_1_250' title='bbox 572 2355 782 2407; x_wconf 81' lang='lat' dir='ltr'>antecesserant,</span> <span class='ocrx_word' id='word_1_251' title='bbox 795 2345 946 2412; x_wconf 83' lang='lat' dir='ltr'>exscripsit,</span> <span class='ocrx_word' id='word_1_252' title='bbox 959 2345 1009 2394; x_wconf 80' lang='lat' dir='ltr'>nec</span> <span class='ocrx_word' id='word_1_253' title='bbox 1022 2343 1060 2392; x_wconf 85' lang='lat' dir='ltr'>sic</span> <span class='ocrx_word' id='word_1_254' title='bbox 1072 2353 1111 2392; x_wconf 87' lang='lat' dir='ltr'>ta—</span> 
     </span>
     <span class='ocr_line' id='line_1_27' title="bbox 60 2421 1110 2495; baseline -0.001 -23"><span class='ocrx_word' id='word_1_255' title='bbox 60 2439 123 2472; x_wconf 88' lang='lat' dir='ltr'>men</span> <span class='ocrx_word' id='word_1_256' title='bbox 135 2421 325 2494; x_wconf 86' lang='lat' dir='ltr'>negligendus,</span> <span class='ocrx_word' id='word_1_257' title='bbox 339 2428 439 2495; x_wconf 88' lang='lat' dir='ltr'>quippe</span> <span class='ocrx_word' id='word_1_258' title='bbox 452 2443 484 2476; x_wconf 82' lang='lat' dir='ltr'>ex</span> <span class='ocrx_word' id='word_1_259' title='bbox 496 2441 564 2495; x_wconf 90' lang='lat' dir='ltr'>quo,</span> <span class='ocrx_word' id='word_1_260' title='bbox 577 2425 603 2475; x_wconf 91' lang='lat' dir='ltr'>in</span> <span class='ocrx_word' id='word_1_261' title='bbox 617 2435 691 2474; x_wconf 89' lang='lat' dir='ltr'>tanta</span> <span class='ocrx_word' id='word_1_262' title='bbox 702 2423 843 2474; x_wconf 90' lang='lat' dir='ltr'>meliorum</span> <span class='ocrx_word' id='word_1_263' title='bbox 855 2424 1016 2493; x_wconf 88' lang='lat' dir='ltr'>scriptorum</span> <span class='ocrx_word' id='word_1_264' title='bbox 1024 2424 1110 2491; x_wconf 67' lang='lat' dir='ltr'>jacta·</span> 
     </span>
     <span class='ocr_line' id='line_1_28' title="bbox 60 2499 1110 2573; baseline 0.002 -24"><span class='ocrx_word' id='word_1_265' title='bbox 60 2517 107 2562; x_wconf 91' lang='lat' dir='ltr'>ra,</span> <span class='ocrx_word' id='word_1_266' title='bbox 121 2499 221 2565; x_wconf 89' lang='lat' dir='ltr'>multa,</span> <span class='ocrx_word' id='word_1_267' title='bbox 241 2503 376 2572; x_wconf 88' lang='lat' dir='ltr'>quomodo</span> <span class='ocrx_word' id='word_1_268' title='bbox 390 2523 405 2555; x_wconf 91' lang='lat' dir='ltr'>a</span> <span class='ocrx_word' id='word_1_269' title='bbox 419 2502 602 2573; x_wconf 89' lang='lat' dir='ltr'>superioribus</span> <span class='ocrx_word' id='word_1_270' title='bbox 619 2502 718 2554; x_wconf 88' lang='lat' dir='ltr'>tradita</span> <span class='ocrx_word' id='word_1_271' title='bbox 734 2503 848 2565; x_wconf 83' lang='lat' dir='ltr'>fuerint,</span> <span class='ocrx_word' id='word_1_272' title='bbox 861 2499 972 2571; x_wconf 86' lang='lat' dir='ltr'>intelligi</span> <span class='ocrx_word' id='word_1_273' title='bbox 991 2502 1110 2571; x_wconf 87' lang='lat' dir='ltr'>possint,</span> 
     </span>
     <span class='ocr_line' id='line_1_29' title="bbox 59 2577 757 2649; baseline 0.003 -21"><span class='ocrx_word' id='word_1_274' title='bbox 59 2577 143 2629; x_wconf 88' lang='lat' dir='ltr'>modo</span> <span class='ocrx_word' id='word_1_275' title='bbox 157 2581 216 2649; x_wconf 85' lang='lat' dir='ltr'>quis</span> <span class='ocrx_word' id='word_1_276' title='bbox 231 2585 294 2632; x_wconf 88' lang='lat' dir='ltr'>satis</span> <span class='ocrx_word' id='word_1_277' title='bbox 308 2582 407 2634; x_wconf 88' lang='lat' dir='ltr'>idonea</span> <span class='ocrx_word' id='word_1_278' title='bbox 418 2581 542 2634; x_wconf 85' lang='lat' dir='ltr'>doctrina</span> <span class='ocrx_word' id='word_1_279' title='bbox 554 2583 699 2636; x_wconf 85' lang='lat' dir='ltr'>instructus</span> <span class='ocrx_word' id='word_1_280' title='bbox 712 2583 757 2632; x_wconf 74' lang='lat' dir='ltr'>sit:</span> 
     </span>
    </p>

    <p class='ocr_par' dir='ltr' id='par_1_3' title="bbox 59 2659 1113 3453">
     <span class='ocr_line' id='line_1_30' title="bbox 96 2659 1111 2732; baseline -0.003 -23"><span class='ocrx_word' id='word_1_281' title='bbox 96 2661 243 2726; x_wconf 88' lang='lat' dir='ltr'>intereos,</span> <span class='ocrx_word' id='word_1_282' title='bbox 263 2664 309 2732; x_wconf 86' lang='lat' dir='ltr'>qui</span> <span class='ocrx_word' id='word_1_283' title='bbox 326 2663 353 2713; x_wconf 92' lang='lat' dir='ltr'>in</span> <span class='ocrx_word' id='word_1_284' title='bbox 367 2681 468 2714; x_wconf 91' lang='lat' dir='ltr'>morem</span> <span class='ocrx_word' id='word_1_285' title='bbox 481 2681 548 2714; x_wconf 84' lang='lat' dir='ltr'>verae</span> <span class='ocrx_word' id='word_1_286' title='bbox 563 2661 680 2712; x_wconf 88' lang='lat' dir='ltr'>historiae</span> <span class='ocrx_word' id='word_1_287' title='bbox 699 2661 833 2714; x_wconf 87' lang='lat' dir='ltr'>rhetorica</span> <span class='ocrx_word' id='word_1_288' title='bbox 851 2673 906 2712; x_wconf 89' lang='lat' dir='ltr'>arte</span> <span class='ocrx_word' id='word_1_289' title='bbox 925 2659 1043 2731; x_wconf 85' lang='lat' dir='ltr'>pedestri</span> <span class='ocrx_word' id='word_1_290' title='bbox 1057 2676 1111 2710; x_wconf 91' lang='lat' dir='ltr'>ser-</span> 
     </span>
     <span class='ocr_line' id='line_1_31' title="bbox 59 2741 1113 2812; baseline -0.003 -20"><span class='ocrx_word' id='word_1_291' title='bbox 59 2758 140 2792; x_wconf 89' lang='lat' dir='ltr'>mone</span> <span class='ocrx_word' id='word_1_292' title='bbox 152 2741 254 2792; x_wconf 88' lang='lat' dir='ltr'>bellum</span> <span class='ocrx_word' id='word_1_293' title='bbox 265 2744 410 2812; x_wconf 90' lang='lat' dir='ltr'>Trojanum</span> <span class='ocrx_word' id='word_1_294' title='bbox 422 2745 521 2796; x_wconf 89' lang='lat' dir='ltr'>seriore</span> <span class='ocrx_word' id='word_1_295' title='bbox 541 2755 617 2794; x_wconf 77' lang='lat' dir='ltr'>atate</span> <span class='ocrx_word' id='word_1_296' title='bbox 629 2741 822 2807; x_wconf 90' lang='lat' dir='ltr'>condiderunt,</span> <span class='ocrx_word' id='word_1_297' title='bbox 835 2743 857 2792; x_wconf 93' lang='lat' dir='ltr'>is</span> <span class='ocrx_word' id='word_1_298' title='bbox 871 2743 917 2812; x_wconf 91' lang='lat' dir='ltr'>qui</span> <span class='ocrx_word' id='word_1_299' title='bbox 933 2741 1035 2811; x_wconf 81' lang='lat' dir='ltr'>Dictyt&#39;s</span> <span class='ocrx_word' id='word_1_300' title='bbox 1056 2741 1113 2791; x_wconf 86' lang='lat' dir='ltr'>Cre-¹</span> 
     </span>
     <span class='ocr_line' id='line_1_32' title="bbox 61 2819 1109 2894; baseline 0 -24"><span class='ocrx_word' id='word_1_301' title='bbox 61 2819 139 2871; x_wconf 78' lang='lat' dir='ltr'>tensis</span> <span class='ocrx_word' id='word_1_302' title='bbox 151 2838 248 2872; x_wconf 90' lang='lat' dir='ltr'>nomen</span> <span class='ocrx_word' id='word_1_303' title='bbox 261 2825 385 2874; x_wconf 89' lang='lat' dir='ltr'>mentitus</span> <span class='ocrx_word' id='word_1_304' title='bbox 396 2836 447 2885; x_wconf 86' lang='lat' dir='ltr'>est;</span> <span class='ocrx_word' id='word_1_305' title='bbox 460 2842 538 2894; x_wconf 90' lang='lat' dir='ltr'>quern</span> <span class='ocrx_word' id='word_1_306' title='bbox 551 2822 639 2874; x_wconf 90' lang='lat' dir='ltr'>adhuc</span> <span class='ocrx_word' id='word_1_307' title='bbox 650 2823 762 2874; x_wconf 88' lang='lat' dir='ltr'>latinum</span> <span class='ocrx_word' id='word_1_308' title='bbox 771 2821 911 2885; x_wconf 89' lang='lat' dir='ltr'>habemus,</span> <span class='ocrx_word' id='word_1_309' title='bbox 919 2839 974 2871; x_wconf 90' lang='lat' dir='ltr'>non</span> <span class='ocrx_word' id='word_1_310' title='bbox 986 2821 1109 2871; x_wconf 89' lang='lat' dir='ltr'>indoctus</span> 
     </span>
     <span class='ocr_line' id='line_1_33' title="bbox 60 2897 1110 2974; baseline 0.001 -25"><span class='ocrx_word' id='word_1_311' title='bbox 60 2900 114 2949; x_wconf 87' lang='lat' dir='ltr'>fuit</span> <span class='ocrx_word' id='word_1_312' title='bbox 124 2897 207 2950; x_wconf 89' lang='lat' dir='ltr'>bomo</span> <span class='ocrx_word' id='word_1_313' title='bbox 217 2939 225 2965; x_wconf 92' lang='lat'>,</span> <span class='ocrx_word' id='word_1_314' title='bbox 237 2915 264 2954; x_wconf 91' lang='lat' dir='ltr'>et</span> <span class='ocrx_word' id='word_1_315' title='bbox 276 2904 336 2974; x_wconf 90' lang='lat' dir='ltr'>qui,</span> <span class='ocrx_word' id='word_1_316' title='bbox 346 2905 368 2954; x_wconf 93' lang='lat' dir='ltr'>si</span> <span class='ocrx_word' id='word_1_317' title='bbox 378 2923 433 2955; x_wconf 91' lang='lat' dir='ltr'>non</span> <span class='ocrx_word' id='word_1_318' title='bbox 444 2918 545 2956; x_wconf 89' lang='lat' dir='ltr'>veteres</span> <span class='ocrx_word' id='word_1_319' title='bbox 563 2905 662 2974; x_wconf 87' lang='lat' dir='ltr'>passim</span> <span class='ocrx_word' id='word_1_320' title='bbox 673 2902 802 2974; x_wconf 71' lang='lat' dir='ltr'>cyclicas,</span> <span class='ocrx_word' id='word_1_321' title='bbox 812 2902 946 2954; x_wconf 89' lang='lat' dir='ltr'>interdum</span> <span class='ocrx_word' id='word_1_322' title='bbox 957 2914 983 2952; x_wconf 93' lang='lat' dir='ltr'>et</span> <span class='ocrx_word' id='word_1_323' title='bbox 996 2903 1110 2971; x_wconf 86' lang='lat' dir='ltr'>tragicos</span> 
     </span>
     <span class='ocr_line' id='line_1_34' title="bbox 60 2978 1111 3053; baseline -0.001 -24"><span class='ocrx_word' id='word_1_324' title='bbox 60 2991 173 3047; x_wconf 84' lang='lat' dir='ltr'>poetas,</span> <span class='ocrx_word' id='word_1_325' title='bbox 187 2991 277 3032; x_wconf 87' lang='lat' dir='ltr'>tamen</span> <span class='ocrx_word' id='word_1_326' title='bbox 286 3001 345 3046; x_wconf 88' lang='lat' dir='ltr'>eos,</span> <span class='ocrx_word' id='word_1_327' title='bbox 359 3001 375 3034; x_wconf 88' lang='lat' dir='ltr'>a</span> <span class='ocrx_word' id='word_1_328' title='bbox 387 2984 484 3053; x_wconf 88' lang='lat' dir='ltr'>quibus</span> <span class='ocrx_word' id='word_1_329' title='bbox 494 2985 538 3033; x_wconf 91' lang='lat' dir='ltr'>isti</span> <span class='ocrx_word' id='word_1_330' title='bbox 547 2983 654 3033; x_wconf 87' lang='lat' dir='ltr'>fuerant</span> <span class='ocrx_word' id='word_1_331' title='bbox 666 2983 806 3052; x_wconf 87' lang='lat' dir='ltr'>exscripti,</span> <span class='ocrx_word' id='word_1_332' title='bbox 820 2993 880 3031; x_wconf 88' lang='lat' dir='ltr'>ante</span> <span class='ocrx_word' id='word_1_333' title='bbox 900 2979 992 3030; x_wconf 88' lang='lat' dir='ltr'>oculos</span> <span class='ocrx_word' id='word_1_334' title='bbox 1006 2978 1111 3029; x_wconf 88' lang='lat' dir='ltr'>videtur</span> 
     </span>
     <span class='ocr_line' id='line_1_35' title="bbox 59 3057 1112 3133; baseline 0.001 -25"><span class='ocrx_word' id='word_1_335' title='bbox 59 3057 198 3112; x_wconf 87' lang='lat' dir='ltr'>babuisse.</span> <span class='ocrx_word' id='word_1_336' title='bbox 212 3063 288 3114; x_wconf 87' lang='lat' dir='ltr'>Hunc</span> <span class='ocrx_word' id='word_1_337' title='bbox 300 3063 384 3114; x_wconf 74' lang='lat' dir='ltr'>Graeci</span> <span class='ocrx_word' id='word_1_338' title='bbox 396 3065 452 3114; x_wconf 82' lang='lat' dir='ltr'>fere</span> <span class='ocrx_word' id='word_1_339' title='bbox 464 3064 625 3114; x_wconf 85' lang='lat' dir='ltr'>recentiores</span> <span class='ocrx_word' id='word_1_340' title='bbox 636 3065 848 3133; x_wconf 88' lang='lat' dir='ltr'>exscripserunt,</span> <span class='ocrx_word' id='word_1_341' title='bbox 858 3072 887 3111; x_wconf 90' lang='lat' dir='ltr'>ut</span> <span class='ocrx_word' id='word_1_342' title='bbox 898 3061 1015 3111; x_wconf 76' lang='lat' dir='ltr'>loannes</span> <span class='ocrx_word' id='word_1_343' title='bbox 1027 3058 1112 3110; x_wconf 89' lang='lat' dir='ltr'>Male-</span> 
     </span>
     <span class='ocr_line' id='line_1_36' title="bbox 63 3137 1112 3212; baseline 0 -24"><span class='ocrx_word' id='word_1_344' title='bbox 63 3137 103 3190; x_wconf 87' lang='lat' dir='ltr'>las</span> <span class='ocrx_word' id='word_1_345' title='bbox 114 3137 267 3210; x_wconf 85' lang='lat' dir='ltr'>Cedrenus,</span> <span class='ocrx_word' id='word_1_346' title='bbox 280 3146 372 3195; x_wconf 87' lang='lat' dir='ltr'>Tzetza</span> <span class='ocrx_word' id='word_1_347' title='bbox 383 3156 409 3194; x_wconf 93' lang='lat' dir='ltr'>et</span> <span class='ocrx_word' id='word_1_348' title='bbox 421 3143 611 3194; x_wconf 88' lang='lat' dir='ltr'>Constantinus</span> <span class='ocrx_word' id='word_1_349' title='bbox 623 3144 760 3195; x_wconf 89' lang='lat' dir='ltr'>Manasses</span> <span class='ocrx_word' id='word_1_350' title='bbox 772 3162 799 3212; x_wconf 91' lang='lat' dir='ltr'>p.</span> <span class='ocrx_word' id='word_1_351' title='bbox 820 3141 854 3207; x_wconf 74' lang='grc'>44</span> <span class='ocrx_word' id='word_1_352' title='bbox 872 3158 945 3210; x_wconf 89' lang='lat' dir='ltr'>seqq.</span> <span class='ocrx_word' id='word_1_353' title='bbox 960 3141 986 3190; x_wconf 91' lang='lat' dir='ltr'>in</span> <span class='ocrx_word' id='word_1_354' title='bbox 999 3139 1112 3211; x_wconf 80' lang='lat' dir='ltr'>Synopsi</span> 
     </span>
     <span class='ocr_line' id='line_1_37' title="bbox 61 3215 1112 3288; baseline 0.002 -20"><span class='ocrx_word' id='word_1_355' title='bbox 61 3215 193 3272; x_wconf 87' lang='lat' dir='ltr'>historica</span> <span class='ocrx_word' id='word_1_356' title='bbox 205 3240 221 3272; x_wconf 83' lang='lat' dir='ltr'>a</span> <span class='ocrx_word' id='word_1_357' title='bbox 232 3223 349 3275; x_wconf 80' lang='lat' dir='ltr'>Meursio</span> <span class='ocrx_word' id='word_1_358' title='bbox 363 3223 442 3276; x_wconf 88' lang='lat' dir='ltr'>edita.</span> <span class='ocrx_word' id='word_1_359' title='bbox 453 3225 549 3274; x_wconf 83' lang='lat' dir='ltr'>Praeter</span> <span class='ocrx_word' id='word_1_360' title='bbox 561 3222 637 3274; x_wconf 91' lang='lat' dir='ltr'>illum</span> <span class='ocrx_word' id='word_1_361' title='bbox 646 3235 736 3274; x_wconf 87' lang='lat' dir='ltr'>tamen</span> <span class='ocrx_word' id='word_1_362' title='bbox 747 3222 828 3274; x_wconf 88' lang='lat' dir='ltr'>alium</span> <span class='ocrx_word' id='word_1_363' title='bbox 840 3219 1112 3288; x_wconf 83' lang='lat' dir='ltr'>adbucTrojanarum</span> 
     </span>
     <span class='ocr_line' id='line_1_38' title="bbox 61 3297 1113 3370; baseline 0.002 -24"><span class='ocrx_word' id='word_1_364' title='bbox 61 3314 153 3348; x_wconf 90' lang='lat' dir='ltr'>rerum</span> <span class='ocrx_word' id='word_1_365' title='bbox 166 3299 385 3370; x_wconf 84' lang='lat' dir='ltr'>interpolatorem</span> <span class='ocrx_word' id='word_1_366' title='bbox 395 3303 464 3353; x_wconf 86' lang='lat' dir='ltr'>inter</span> <span class='ocrx_word' id='word_1_367' title='bbox 475 3302 587 3354; x_wconf 86' lang='lat' dir='ltr'>seriores</span> <span class='ocrx_word' id='word_1_368' title='bbox 599 3301 705 3352; x_wconf 75' lang='lat' dir='ltr'>Graecos</span> <span class='ocrx_word' id='word_1_369' title='bbox 718 3302 833 3354; x_wconf 82' lang='lat' dir='ltr'>extitisse</span> <span class='ocrx_word' id='word_1_370' title='bbox 846 3315 953 3350; x_wconf 83' lang='lat' dir='ltr'>necesse</span> <span class='ocrx_word' id='word_1_371' title='bbox 964 3311 1004 3350; x_wconf 88' lang='lat' dir='ltr'>est</span> <span class='ocrx_word' id='word_1_372' title='bbox 1015 3298 1065 3349; x_wconf 91' lang='lat' dir='ltr'>sub</span> <span class='ocrx_word' id='word_1_373' title='bbox 1074 3297 1113 3350; x_wconf 63' lang='lat' dir='ltr'>Si:</span> 
     </span>
     <span class='ocr_line' id='line_1_39' title="bbox 59 3375 1112 3453; baseline 0.004 -27"><span class='ocrx_word' id='word_1_374' title='bbox 59 3375 141 3448; x_wconf 81' lang='lat' dir='ltr'>sypbi</span> <span class='ocrx_word' id='word_1_375' title='bbox 155 3379 200 3429; x_wconf 75' lang='lat'>002·</span> <span class='ocrx_word' id='word_1_376' title='bbox 212 3383 327 3443; x_wconf 85' lang='lat' dir='ltr'>nomine;</span> <span class='ocrx_word' id='word_1_377' title='bbox 337 3400 369 3432; x_wconf 87' lang='lat' dir='ltr'>ex</span> <span class='ocrx_word' id='word_1_378' title='bbox 381 3400 434 3452; x_wconf 91' lang='lat' dir='ltr'>quo</span> <span class='ocrx_word' id='word_1_379' title='bbox 447 3380 530 3433; x_wconf 88' lang='lat' dir='ltr'>multa</span> <span class='ocrx_word' id='word_1_380' title='bbox 539 3383 648 3453; x_wconf 88' lang='lat' dir='ltr'>petiisse</span> <span class='ocrx_word' id='word_1_381' title='bbox 657 3381 763 3432; x_wconf 85' lang='lat' dir='ltr'>uidetur</span> <span class='ocrx_word' id='word_1_382' title='bbox 772 3382 814 3431; x_wconf 84' lang='lat' dir='ltr'>Jo.</span> <span class='ocrx_word' id='word_1_383' title='bbox 827 3379 946 3432; x_wconf 80' lang='lat' dir='ltr'>Malelas.</span> <span class='ocrx_word' id='word_1_384' title='bbox 957 3379 1046 3431; x_wconf 84' lang='lat' dir='ltr'>Alium</span> <span class='ocrx_word' id='word_1_385' title='bbox 1053 3380 1112 3431; x_wconf 87' lang='lat' dir='ltr'>Ido-</span> 
     </span>
    </p>
   </div>
   <div class='ocr_carea' id='block_1_3' title="bbox 60 3494 565 4130">
    <p class='ocr_par' dir='ltr' id='par_1_4' title="bbox 60 3494 565 4130">
     <span class='ocr_line' id='line_1_40' title="bbox 94 3494 564 3560; baseline 0.017 -24"><span class='ocrx_word' id='word_1_386' title='bbox 94 3495 128 3552; x_wconf 86' lang='lat' dir='ltr'>(r)</span> <span class='ocrx_word' id='word_1_387' title='bbox 155 3494 268 3542; x_wconf 81' lang='lat' dir='ltr'>Accurate</span> <span class='ocrx_word' id='word_1_388' title='bbox 289 3497 333 3544; x_wconf 89' lang='lat' dir='ltr'>hoc</span> <span class='ocrx_word' id='word_1_389' title='bbox 354 3509 509 3560; x_wconf 83' lang='lat' dir='ltr'>persequutus</span> <span class='ocrx_word' id='word_1_390' title='bbox 530 3511 564 3544; x_wconf 88' lang='lat' dir='ltr'>est</span> 
     </span>
     <span class='ocr_line' id='line_1_41' title="bbox 65 3563 562 3625; baseline 0.008 -17"><span class='ocrx_word' id='word_1_391' title='bbox 65 3563 172 3622; x_wconf 74' lang='lat' dir='ltr'>Tyrium</span> <span class='ocrx_word' id='word_1_392' title='bbox 184 3578 275 3622; x_wconf 88' lang='lat' dir='ltr'>noster,</span> <span class='ocrx_word' id='word_1_393' title='bbox 287 3569 316 3613; x_wconf 90' lang='lat' dir='ltr'>V.</span> <span class='ocrx_word' id='word_1_394' title='bbox 326 3569 366 3625; x_wconf 90' lang='lat' dir='ltr'>C.,</span> <span class='ocrx_word' id='word_1_395' title='bbox 380 3572 404 3615; x_wconf 91' lang='lat' dir='ltr'>in</span> <span class='ocrx_word' id='word_1_396' title='bbox 417 3569 562 3616; x_wconf 80' lang='lat' dir='ltr'>Comntentat.</span> 
     </span>
     <span class='ocr_line' id='line_1_42' title="bbox 60 3637 564 3704; baseline 0.012 -24"><span class='ocrx_word' id='word_1_397' title='bbox 60 3638 91 3681; x_wconf 80' lang='lat' dir='ltr'>de</span> <span class='ocrx_word' id='word_1_398' title='bbox 100 3637 398 3704; x_wconf 78' lang='lat' dir='ltr'>QuintoSmyrnoeo(r783),</span> <span class='ocrx_word' id='word_1_399' title='bbox 407 3643 474 3702; x_wconf 89' lang='lat' dir='ltr'>cujus</span> <span class='ocrx_word' id='word_1_400' title='bbox 480 3655 564 3687; x_wconf 85' lang='lat' dir='ltr'>novam</span> 
     </span>
     <span class='ocr_line' id='line_1_43' title="bbox 60 3712 564 3775; baseline 0.002 -21"><span class='ocrx_word' id='word_1_401' title='bbox 60 3712 228 3756; x_wconf 83' lang='lat' dir='ltr'>recensionem</span> <span class='ocrx_word' id='word_1_402' title='bbox 245 3725 318 3774; x_wconf 86' lang='lat' dir='ltr'>parat.</span> <span class='ocrx_word' id='word_1_403' title='bbox 335 3713 485 3775; x_wconf 84' lang='lat' dir='ltr'>Perspectum</span> <span class='ocrx_word' id='word_1_404' title='bbox 501 3727 564 3758; x_wconf 91' lang='lat' dir='ltr'>nunc</span> 
     </span>
     <span class='ocr_line' id='line_1_44' title="bbox 61 3780 564 3847; baseline 0.008 -24"><span class='ocrx_word' id='word_1_405' title='bbox 61 3780 123 3825; x_wconf 90' lang='lat' dir='ltr'>mibi</span> <span class='ocrx_word' id='word_1_406' title='bbox 132 3792 175 3836; x_wconf 85' lang='lat' dir='ltr'>est,</span> <span class='ocrx_word' id='word_1_407' title='bbox 187 3783 212 3826; x_wconf 88' lang='lat' dir='ltr'>in</span> <span class='ocrx_word' id='word_1_408' title='bbox 222 3785 299 3844; x_wconf 84' lang='lat' dir='ltr'>quinis</span> <span class='ocrx_word' id='word_1_409' title='bbox 308 3784 426 3847; x_wconf 88' lang='lat' dir='ltr'>prioribus</span> <span class='ocrx_word' id='word_1_410' title='bbox 434 3783 500 3828; x_wconf 86' lang='lat' dir='ltr'>libris</span> <span class='ocrx_word' id='word_1_411' title='bbox 507 3783 564 3827; x_wconf 82' lang='lat' dir='ltr'>Arr-</span> 
     </span>
     <span class='ocr_line' id='line_1_45' title="bbox 63 3851 564 3918; baseline 0.008 -22"><span class='ocrx_word' id='word_1_412' title='bbox 63 3855 107 3896; x_wconf 82' lang='lat' dir='ltr'>tr&#39;nt</span> <span class='ocrx_word' id='word_1_413' title='bbox 121 3851 273 3915; x_wconf 76' lang='lat' dir='ltr'>AEtbsepidem</span> <span class='ocrx_word' id='word_1_414' title='bbox 287 3871 415 3918; x_wconf 80' lang='lat' dir='ltr'>expressam</span> <span class='ocrx_word' id='word_1_415' title='bbox 428 3870 491 3911; x_wconf 85' lang='lat' dir='ltr'>esse,</span> <span class='ocrx_word' id='word_1_416' title='bbox 509 3854 564 3904; x_wconf 89' lang='lat' dir='ltr'>inde</span> 
     </span>
     <span class='ocr_line' id='line_1_46' title="bbox 62 3922 563 3989; baseline 0 -21"><span class='ocrx_word' id='word_1_417' title='bbox 62 3922 160 3969; x_wconf 84' lang='lat' dir='ltr'>Iliadem</span> <span class='ocrx_word' id='word_1_418' title='bbox 171 3941 278 3985; x_wconf 83' lang='lat' dir='ltr'>parvam,</span> <span class='ocrx_word' id='word_1_419' title='bbox 291 3941 365 3989; x_wconf 84' lang='lat' dir='ltr'>usque</span> <span class='ocrx_word' id='word_1_420' title='bbox 375 3926 406 3972; x_wconf 85' lang='lat' dir='ltr'>ad</span> <span class='ocrx_word' id='word_1_421' title='bbox 416 3924 503 3972; x_wconf 90' lang='lat' dir='ltr'>librum</span> <span class='ocrx_word' id='word_1_422' title='bbox 514 3925 563 3969; x_wconf 87' lang='lat' dir='ltr'>xlt.</span> 
     </span>
     <span class='ocr_line' id='line_1_47' title="bbox 61 3993 564 4055; baseline 0.004 -17"><span class='ocrx_word' id='word_1_423' title='bbox 61 3995 124 4040; x_wconf 78' lang='lat' dir='ltr'>Trrm</span> <span class='ocrx_word' id='word_1_424' title='bbox 143 3993 231 4040; x_wconf 84' lang='lat' dir='ltr'>librum</span> <span class='ocrx_word' id='word_1_425' title='bbox 249 3997 300 4040; x_wconf 84' lang='lat' dir='ltr'>xltt</span> <span class='ocrx_word' id='word_1_426' title='bbox 320 4008 343 4043; x_wconf 90' lang='lat' dir='ltr'>et</span> <span class='ocrx_word' id='word_1_427' title='bbox 361 3997 412 4040; x_wconf 85' lang='lat' dir='ltr'>xlv</span> <span class='ocrx_word' id='word_1_428' title='bbox 429 4011 477 4042; x_wconf 83' lang='lat' dir='ltr'>esse</span> <span class='ocrx_word' id='word_1_429' title='bbox 495 4011 564 4055; x_wconf 71' lang='lat' dir='ltr'>argu-</span> 
     </span>
     <span class='ocr_line' id='line_1_48' title="bbox 63 4060 565 4130; baseline 0.008 -20"><span class='ocrx_word' id='word_1_430' title='bbox 63 4077 171 4113; x_wconf 81' lang='lat' dir='ltr'>mentum</span> <span class='ocrx_word' id='word_1_431' title='bbox 179 4060 219 4118; x_wconf 74' lang='lat' dir='ltr'>‘rirr</span> <span class='ocrx_word' id='word_1_432' title='bbox 229 4063 296 4114; x_wconf 72' lang='lat' dir='ltr'>’Inice</span> <span class='ocrx_word' id='word_1_433' title='bbox 306 4065 404 4130; x_wconf 67' lang='lat' dir='ltr'>atpattc</span> <span class='ocrx_word' id='word_1_434' title='bbox 414 4069 509 4114; x_wconf 69' lang='lat' dir='ltr'>Amani.</span> <span class='ocrx_word' id='word_1_435' title='bbox 520 4071 565 4116; x_wconf 87' lang='lat' dir='ltr'>Per</span> 
     </span>
    </p>
   </div>
   <div class='ocr_carea' id='block_1_4' title="bbox 612 3495 1115 4199">
    <p class='ocr_par' dir='ltr' id='par_1_5' title="bbox 612 3495 1115 3917">
     <span class='ocr_line' id='line_1_49' title="bbox 612 3495 1112 3560; baseline 0.002 -17"><span class='ocrx_word' id='word_1_436' title='bbox 612 3513 664 3560; x_wconf 84' lang='lat' dir='ltr'>quae</span> <span class='ocrx_word' id='word_1_437' title='bbox 681 3495 756 3542; x_wconf 89' lang='lat' dir='ltr'>multo</span> <span class='ocrx_word' id='word_1_438' title='bbox 772 3500 844 3560; x_wconf 81' lang='lat' dir='ltr'>magis</span> <span class='ocrx_word' id='word_1_439' title='bbox 864 3497 968 3542; x_wconf 82' lang='lat' dir='ltr'>firmatur</span> <span class='ocrx_word' id='word_1_440' title='bbox 989 3497 1028 3553; x_wconf 90' lang='lat' dir='ltr'>id,</span> <span class='ocrx_word' id='word_1_441' title='bbox 1047 3496 1112 3560; x_wconf 87' lang='lat' dir='ltr'>quod</span> 
     </span>
     <span class='ocr_line' id='line_1_50' title="bbox 613 3567 1112 3630; baseline 0 -16"><span class='ocrx_word' id='word_1_442' title='bbox 613 3581 680 3614; x_wconf 87' lang='lat' dir='ltr'>antea</span> <span class='ocrx_word' id='word_1_443' title='bbox 697 3567 754 3615; x_wconf 89' lang='lat' dir='ltr'>mihi</span> <span class='ocrx_word' id='word_1_444' title='bbox 773 3581 945 3629; x_wconf 82' lang='lat' dir='ltr'>persuaseram,</span> <span class='ocrx_word' id='word_1_445' title='bbox 963 3567 1031 3630; x_wconf 82' lang='lat' dir='ltr'>plura</span> <span class='ocrx_word' id='word_1_446' title='bbox 1050 3571 1112 3614; x_wconf 86' lang='lat' dir='ltr'>anti-</span> 
     </span>
     <span class='ocr_line' id='line_1_51' title="bbox 613 3639 1112 3702; baseline 0 -18"><span class='ocrx_word' id='word_1_447' title='bbox 613 3655 714 3702; x_wconf 87' lang='lat' dir='ltr'>quorum</span> <span class='ocrx_word' id='word_1_448' title='bbox 729 3651 851 3700; x_wconf 86' lang='lat' dir='ltr'>poetarum</span> <span class='ocrx_word' id='word_1_449' title='bbox 866 3642 961 3701; x_wconf 80' lang='lat' dir='ltr'>vestigia</span> <span class='ocrx_word' id='word_1_450' title='bbox 982 3653 1005 3686; x_wconf 86' lang='lat' dir='ltr'>ct</span> <span class='ocrx_word' id='word_1_451' title='bbox 1020 3639 1070 3686; x_wconf 85' lang='lat' dir='ltr'>loca</span> <span class='ocrx_word' id='word_1_452' title='bbox 1088 3643 1112 3685; x_wconf 91' lang='lat' dir='ltr'>in</span> 
     </span>
     <span class='ocr_line' id='line_1_52' title="bbox 613 3709 1115 3765; baseline 0 -10"><span class='ocrx_word' id='word_1_453' title='bbox 613 3709 657 3755; x_wconf 91' lang='lat' dir='ltr'>hoc</span> <span class='ocrx_word' id='word_1_454' title='bbox 666 3713 768 3756; x_wconf 86' lang='lat' dir='ltr'>carmine</span> <span class='ocrx_word' id='word_1_455' title='bbox 775 3711 842 3755; x_wconf 90' lang='lat' dir='ltr'>nobis</span> <span class='ocrx_word' id='word_1_456' title='bbox 850 3725 898 3756; x_wconf 86' lang='lat' dir='ltr'>esse</span> <span class='ocrx_word' id='word_1_457' title='bbox 908 3725 1009 3765; x_wconf 73' lang='lat' dir='ltr'>servata,</span> <span class='ocrx_word' id='word_1_458' title='bbox 1020 3724 1042 3758; x_wconf 87' lang='lat' dir='ltr'>et</span> <span class='ocrx_word' id='word_1_459' title='bbox 1052 3711 1115 3756; x_wconf 84' lang='lat' dir='ltr'>illud</span> 
     </span>
     <span class='ocr_line' id='line_1_53' title="bbox 614 3780 1113 3846; baseline -0.002 -19"><span class='ocrx_word' id='word_1_460' title='bbox 614 3797 661 3828; x_wconf 85' lang='lat' dir='ltr'>esse</span> <span class='ocrx_word' id='word_1_461' title='bbox 676 3780 770 3840; x_wconf 80' lang='lat' dir='ltr'>Cycium</span> <span class='ocrx_word' id='word_1_462' title='bbox 789 3784 892 3828; x_wconf 83' lang='lat' dir='ltr'>Troicum</span> <span class='ocrx_word' id='word_1_463' title='bbox 907 3798 935 3828; x_wconf 84' lang='lat' dir='ltr'>ex</span> <span class='ocrx_word' id='word_1_464' title='bbox 951 3783 1113 3846; x_wconf 81' lang='lat' dir='ltr'>antiquioribus</span> 
     </span>
     <span class='ocr_line' id='line_1_54' title="bbox 613 3856 1040 3917; baseline 0 -19"><span class='ocrx_word' id='word_1_465' title='bbox 613 3856 660 3898; x_wconf 82' lang='lat' dir='ltr'>istis</span> <span class='ocrx_word' id='word_1_466' title='bbox 669 3857 739 3915; x_wconf 85' lang='lat' dir='ltr'>poetis</span> <span class='ocrx_word' id='word_1_467' title='bbox 751 3857 867 3917; x_wconf 75' lang='lat' dir='ltr'>exscriptis</span> <span class='ocrx_word' id='word_1_468' title='bbox 877 3859 1040 3901; x_wconf 84' lang='lat' dir='ltr'>concinnatam.</span> 
     </span>
    </p>

    <p class='ocr_par' dir='ltr' id='par_1_6' title="bbox 614 3925 1111 4131">
     <span class='ocr_line' id='line_1_55' title="bbox 645 3925 1110 3985; baseline -0.002 -15"><span class='ocrx_word' id='word_1_469' title='bbox 645 3929 680 3985; x_wconf 84' lang='lat'>(2)</span> <span class='ocrx_word' id='word_1_470' title='bbox 696 3927 762 3974; x_wconf 86' lang='lat' dir='ltr'>Edita</span> <span class='ocrx_word' id='word_1_471' title='bbox 776 3943 839 3973; x_wconf 91' lang='lat' dir='ltr'>nunc</span> <span class='ocrx_word' id='word_1_472' title='bbox 850 3925 887 3972; x_wconf 87' lang='lat' dir='ltr'>illa</span> <span class='ocrx_word' id='word_1_473' title='bbox 899 3940 951 3973; x_wconf 89' lang='lat' dir='ltr'>sunt</span> <span class='ocrx_word' id='word_1_474' title='bbox 964 3931 987 3971; x_wconf 93' lang='lat' dir='ltr'>in</span> <span class='ocrx_word' id='word_1_475' title='bbox 1002 3926 1077 3972; x_wconf 81' lang='lat' dir='ltr'>lucem</span> <span class='ocrx_word' id='word_1_476' title='bbox 1089 3940 1110 3970; x_wconf 83' lang='lat' dir='ltr'>et</span> 
     </span>
     <span class='ocr_line' id='line_1_56' title="bbox 615 3997 1111 4056; baseline -0.006 -14"><span class='ocrx_word' id='word_1_477' title='bbox 615 3998 681 4043; x_wconf 88' lang='lat' dir='ltr'>docte</span> <span class='ocrx_word' id='word_1_478' title='bbox 700 3997 812 4044; x_wconf 86' lang='lat' dir='ltr'>illustrata</span> <span class='ocrx_word' id='word_1_479' title='bbox 829 4015 841 4043; x_wconf 89' lang='lat' dir='ltr'>a</span> <span class='ocrx_word' id='word_1_480' title='bbox 860 3999 928 4044; x_wconf 88' lang='lat' dir='ltr'>Fred.</span> <span class='ocrx_word' id='word_1_481' title='bbox 948 3997 1028 4043; x_wconf 79' lang='lat' dir='ltr'>Jacobs</span> <span class='ocrx_word' id='word_1_482' title='bbox 1048 3997 1111 4056; x_wconf 62' lang='lat'><em>1593.</em></span> 
     </span>
     <span class='ocr_line' id='line_1_57' title="bbox 614 4069 916 4131; baseline -0.007 -17"><span class='ocrx_word' id='word_1_483' title='bbox 614 4084 684 4131; x_wconf 84' lang='lat' dir='ltr'>quem</span> <span class='ocrx_word' id='word_1_484' title='bbox 694 4069 723 4114; x_wconf 87' lang='lat' dir='ltr'>cf.</span> <span class='ocrx_word' id='word_1_485' title='bbox 734 4069 794 4128; x_wconf 72' lang='lat' dir='ltr'>pref</span> <span class='ocrx_word' id='word_1_486' title='bbox 811 4069 916 4130; x_wconf 82' lang='lat' dir='ltr'>p.xv11.</span> 
     </span>
    </p>

    <p class='ocr_par' dir='ltr' id='par_1_7' title="bbox 892 4165 931 4199">
     <span class='ocr_line' id='line_1_58' title="bbox 892 4165 931 4199; baseline 0 -1"><span class='ocrx_word' id='word_1_487' title='bbox 892 4165 931 4199; x_wconf 82' lang='lat'>20.</span> 
     </span>
    </p>
   </div>
   <div class='ocr_carea' id='block_1_5' title="bbox 0 0 1374 4598">
    <p class='ocr_par' dir='ltr' id='par_1_8' title="bbox 0 0 1374 4598">
     <span class='ocr_line' id='line_1_59' title="bbox 0 0 1374 4598; baseline 0 0"><span class='ocrx_word' id='word_1_488' title='bbox 0 0 1374 4598; x_wconf 95' lang='lat' dir='ltr'> </span> 
     </span>
    </p>
   </div>
  </div>
 </body>
</html>
