2742 4586
255 317 321 396 254
503 311 537 373 P.
560 306 789 371 VIRGlLIl
811 305 1042 373 MARONIS

254 436 365 500 Gloria
376 435 591 498 Teucrorum.
605 433 706 496 Ferus
719 428 828 494 omnia
838 429 857 494 J
861 429 992 516 uppiter
1002 431 1108 518 Argos

251 539 442 605 Transtulit.
457 540 592 603 Incensa
604 536 707 600 Danai
719 534 930 601 dominantur
941 535 975 599 in
987 534 1081 600 urbe.

251 645 383 711 Arduus
395 659 535 708 armatos
547 640 663 706 mediis
676 641 710 703 iu
721 639 884 704 moenibus
895 638 1028 707 adstans

251 733 374 816 Fundit
387 771 504 838 equus,
517 748 687 835 victorque
699 746 801 810 Sinon
813 743 965 810 incendia
976 745 1105 824 miscet,

251 855 425 922 Insultans.
440 854 543 917 Portis
555 852 609 916 alii
622 849 844 940 bipatentibus
855 850 988 930 adsunt,

249 961 356 1028 Millia
367 975 447 1048 quot
458 957 583 1046 magnis
596 979 742 1045 uuquam
753 977 873 1022 venere
885 955 1042 1044 Mycenis.

249 1065 419 1132 Obsedere
431 1063 485 1128 alii
497 1063 569 1128 telis
581 1078 717 1149 angusta
729 1063 857 1126 viarum

247 1171 417 1258 oppositi,
428 1186 490 1233 stat
502 1168 580 1231 ferri
591 1168 677 1232 acies
689 1189 847 1232 mucrone
860 1187 997 1232 corusco

249 1277 378 1354 Stricta,
392 1290 503 1362 parata
514 1273 606 1352 neci,
618 1274 671 1338 vix
682 1274 780 1362 primi
792 1273 908 1362 proelia
919 1287 1046 1338 tentant

250 1387 421 1449 Portarum
433 1381 560 1470 vigileS,
575 1396 607 1443 et
618 1402 705 1444 caeco
717 1383 823 1443 Marte
835 1380 1000 1444 resistunt.
1247 1389 1292 1436 335=

281 1563 333 1609 326.
342 1567 415 1610 omino
425 1563 498 1625 bigot.
508 1579 607 1626 provar.
615 1563 669 1608 lect.
679 1564 707 1608 Et
716 1576 784 1619 sunt,
794 1578 845 1626 quac
854 1561 947 1624 probae
957 1561 1058 1608 lectione
1066 1559 1112 1606 dici
1120 1561 1219 1624 possint.
1230 1559 1290 1606 conl.

248 1649 300 1698 sup.
313 1635 343 1680 ad
358 1635 407 1697 178.
417 1635 598 1681 Transieruntur
607 1637 669 1682 euim
681 1638 795 1698 auspicia,
806 1647 829 1680 et
838 1637 994 1698 auspiciorum
1003 1633 1165 1682 habendorum
1173 1635 1228 1695 jus,
1240 1646 1292 1676 cum

249 1709 364 1770 imperi03
375 1706 415 1752 sed
427 1718 508 1766 argute
523 1709 608 1768 magis,
623 1722 693 1770 quam
706 1723 768 1752 vere.
777 1731 809 1742 ·-
818 1706 871 1752 328.
886 1706 1005 1769 mediisque
1018 1707 1107 1768 aliquot
1121 1721 1158 1768 ap.
1171 1705 1251 1748 Burni·
1263 1726 1293 1735 -

248 1777 303 1837 329.
314 1777 380 1840 fudit
392 1776 500 1823 nonnulli
514 1777 583 1824 codd.
593 1780 671 1824 Heius.
683 1791 706 1824 et
715 1781 807 1834 Burm,
819 1793 862 1824 nec
872 1778 931 1824 male
942 1776 994 1824 hoc.
1004 1780 1097 1824 Servius
1106 1775 1225 1836 vulgatam
1239 1773 1292 1820 lect.

246 1849 429 1910 interpretatur;
442 1860 465 1892 et
476 1847 545 1892 babet
550 1847 631 1910 fundit
639 1848 749 1910 grandius
758 1849 824 1912 quid,
832 1865 900 1912 quam
906 1847 978 1910 fudit.
988 1849 1060 1893 Nimis
1071 1857 1151 1907 argute
1161 1840 1295 1906 adfundere

249 1917 274 1962 b.
285 1916 301 1961 l.
313 1933 325 1961 a
335 1928 403 1978 partu
411 1929 533 1979 repetunt,
546 1920 601 1979 quia
611 1936 632 1964 v.
645 1918 696 1964 238.
702 1918 839 1980 fetoarmis.
854 1921 893 1964 Est
904 1918 980 1981 simpl.
997 1920 1089 1964 emittit.
1106 1917 1189 1980 Odyss.
1206 1911 1237 1972 b,
1252 1915 1293 1961 515

249 1978 350 2032 ἱππόθεν
361 1979 494 2045 ὶιιχῦμινοι.
505 2002 548 2049 que
558 1987 623 2034 abest
633 1989 712 2050 Regio.
717 1989 829 2054 fictorque
841 1990 909 2035 Sinon
916 1992 977 2052 conj.
989 1987 1139 2042 Waddelius;
1149 1986 1192 2033 sed
1203 2003 1226 2032 v.
1237 1987 1296 2029 Bur-

249 2071 328 2102 mann.
338 2059 416 2112 victor,
426 2061 539 2120 propositi
550 2059 654 2114 effector,
668 2074 731 2108 recte
739 2064 905 2124 interpretatur
914 2063 1013 2107 Servius.
1020 2086 1050 2095 -
1060 2059 1111 2104 330.
1121 2057 1236 2104 Erulum
1245 2060 1297 2106 Me-

249 2127 302 2192 nag.
310 2146 355 2192 pr,
361 2130 425 2192 quod
432 2131 508 2176 minus
518 2143 583 2177 esset.
592 2129 632 2176 olii
635 2136 706 2196 portis
713 2149 758 2178 sec.
765 2133 949 2179 MoretetLeid.
957 2148 1023 2181 unus.
1032 2134 1144 2194 norn'sque
1153 2129 1195 2176 atta·
1202 2132 1295 2192 Meuag.

250 2195 273 2246 et
283 2201 358 2260 Sprot.
368 2197 423 2244 olibi
428 2201 555 2262 potentibus
565 2200 625 2246 Gud.
643 2201 683 2248 alii
688 2203 815 2266 putantibus
825 2202 934 2248 llottend.
948 2219 961 2248 a
975 2219 1006 2248 rn.
1016 2219 1052 2264 pr.
1062 2200 1102 2246 olii
1113 2205 1136 2245 in
1147 2199 1297 2262 bipatentibus

249 2269 315 2316 Leid.
327 2283 349 2315 et
359 2270 443 2317 Moret.
454 2270 594 2336 tertabi'que
599 2275 724 2336 petentibus
732 2275 769 2322 ed.
779 2276 863 2322 Venet.
870 2299 902 2310 -
909 2273 961 2320 331.
972 2291 1071 2338 unquam
1078 2275 1156 2318 Heius.
1166 2288 1220 2317 cum
1231 2271 1297 2317 libris

248 2341 391 2404 P0il⁰flbu⁸t
399 2342 447 2397 ²155,
457 2356 483 2389 ut
492 2344 570 2406 vulgO,
583 2361 705 2409 antiquam,
713 2347 777 2409 quod
787 2358 810 2393 et
818 2349 946 2392 Priscianus
956 2344 997 2392 lib.
1008 2347 1071 2390 XVll
1080 2344 1158 2390 babet.
1170 2343 1297 2390 Sedtotum

249 2425 341 2456 versum
350 2411 430 2457 abesse
440 2412 532 2458 malim:
545 2427 602 2476 quot
614 2419 677 2461 enini
684 2432 712 2462 ex
722 2415 767 2462 illis
776 2415 879 2462 millibus
889 2432 931 2478 per
941 2415 1022 2462 decem
1032 2429 1104 2461 anuos
1112 2428 1183 2460 casos
1193 2427 1244 2458 esse
1252 2426 1297 2472 pu-

204 2489 207 2494 '
249 2493 299 2526 tare
309 2480 378 2526 licet!
388 2484 461 2528 Etiam
471 2485 519 2530 lac.
532 2486 617 2548 Bryant
628 2488 657 2532 V.
669 2489 695 2532 C.
707 2500 840 2550 suspectum
852 2487 953 2534 habebat
963 2503 1062 2534 versum.
1074 2488 1106 2530 Ut
1117 2483 1247 2538 defendas,
1259 2482 1297 2526 di-

248 2549 365 2594 cendum:
377 2549 417 2595 alii
430 2551 460 2596 ad
469 2564 546 2614 portas
557 2567 641 2610 ruunt,
654 2568 718 2602 tanto
730 2573 840 2612 numero,
852 2569 877 2602 ut
887 2559 925 2603 vix
934 2557 1013 2620 plures
1024 2559 1098 2619 prima
1109 2556 1186 2600 statim
1198 2552 1295 2616 prolec-

248 2619 313 2662 tione
329 2619 440 2664 eGraecia
453 2622 533 2666 exiisse
546 2636 646 2684 putares.
657 2651 689 2660 -
700 2626 751 2672 332.
767 2623 873 2672 Obsidern
890 2642 935 2672 sec.
948 2628 1031 2673 Morct.
1045 2638 1068 2672 et
1086 2623 1155 2670 Goth.
1167 2635 1222 2667 tert.
1236 2637 1249 2666 a
1265 2635 1295 2664 m.

248 2701 285 2750 pr.
299 2685 341 2730 inf.
354 2704 375 2732 v.
388 2687 442 2744 450.
452 2713 483 2724 -
495 2690 547 2736 333.
560 2699 664 2756 oppositis
674 2696 735 2740 Gud.
748 2712 801 2742 cum
813 2712 893 2758 magna
905 2710 970 2759 parte
979 2694 1049 2742 codd.
1059 2695 1137 2738 Heius.
1149 2705 1173 2736 et
1179 2692 1281 2736 Pierian.
1288 2717 1299 2744 ,·

249 2755 314 2817 quod
326 2757 421 2804 Heinsio
432 2775 480 2806 non
493 2759 637 2824 displicebat.
654 2769 728 2813 Etiam
744 2769 886 2830 Pomponius
898 2767 946 2814 telis
961 2770 1065 2830 oppositas
1081 2766 1184 2826 exponit.
1195 2762 1296 2807 Videtur

248 2836 325 2870 tamen
344 2825 457 2883 alterum,
476 2831 621 2891 quodetiam
637 2837 706 2880 Goth.
719 2853 754 2898 pr.
772 2849 795 2882 ct
811 2853 856 2882 sec.
870 2836 968 2892 babent,
986 2838 1136 2899 exquisitius,
1153 2834 1295 2894 poeticaque

247 2893 307 2939 adeo
319 2894 422 2942 dictione
435 2897 527 2957 dignius
538 2917 594 2948 esse.
606 2904 738 2953 Adbarserat
750 2922 762 2951 s
775 2922 802 2952 ex
818 2910 926 2968 sequenti
937 2923 1003 2962 voa,
1016 2923 1037 2952 v.
1049 2908 1126 2950 Burin.
1138 2903 1220 2964 fenea
1236 2904 1297 2945 acres

246 2965 329 3010 llamb.
340 2982 375 3028 pr.
386 2984 408 3012 v.
421 2967 500 3014 lisina.
512 2979 558 3015 stat
569 2971 677 3035 pernicies
686 2977 794 3022 nonnulli
808 2977 876 3022 codd.
890 2994 927 3039 ap.
941 2981 1041 3024 Pierium
1054 2991 1105 3022 cum
1117 2976 1219 3020 Donato.
1234 2979 1296 3017 stunt

246 3036 317 3082 Goth.
329 3053 376 3084 sec.
387 3033 482 3086 limbum
493 3057 586 3090 corttsco
597 3046 634 3091 sd.
645 3049 704 3093 Ven.
716 3073 747 3084 -
759 3049 977 3096 attrabuntur.
990 3047 1098 3094 llottend.

248 3197 308 3249 326.
322 3199 400 3250 Ferus
408 3201 528 3271 Jupiter,
540 3205 641 3257 utalias
653 3225 742 3272 soevtts,
793 3219 871 3280 quot,
884 3210 910 3261 h.
925 3230 947 3261 e.
962 3222 1001 3260 tot
1013 3209 1110 3271 millia,
1123 3211 1189 3276 quot
1200 3222 1296 3257 eorum·

246 3275 274 3326 b.
285 3297 309 3328 e.
320 3279 415 3344 iratus,
429 3282 552 3335 crudelis.
564 3287 653 3336 omnia
663 3288 745 3358 Arpos
793 3301 843 3339 eto.
851 3307 902 3358 pro
912 3289 981 3361 vulg.
993 3288 1087 3358 reliqui
1099 3303 1201 3336 ornnes.
1212 3282 1294 3356 portis

247 3355 395 3424 transtulit,
423 3359 526 3433 Argivis
554 3366 692 3416 victoriam
718 3377 745 3417 et
794 3368 982 3438 bipatentibus,
1004 3371 1135 3420 variatum
1160 3383 1212 3435 pro
1231 3365 1294 3414 sim·

246 3454 336 3488 rerum
356 3456 485 3492 summam
507 3447 642 3514 permisit,
663 3448 744 3516 Troja
792 3447 880 3518 plici:
901 3461 1038 3519 patentes,
1061 3457 1167 3516 apertae.
1191 3443 1293 3495 lntelli-

245 3533 318 3568 nunc
325 3535 424 3571 eversa.
792 3527 884 3599 gandae
898 3541 985 3581 autern
995 3541 1079 3598 portae
1088 3527 1173 3578 Scaeae.
1186 3526 1221 3576 cf.
1233 3541 1290 3592 sup-

283 3598 438 3668 329-335.
452 3603 548 3657 Mediis
559 3606 587 3657 in
598 3607 741 3672 moenibus,
791 3626 816 3659 v.
833 3607 1027 3681 stuporisque
1038 3607 1188 3680 patentibus
1206 3621 1293 3657 mmm

246 3678 275 3728 i'n
293 3677 381 3730 media
403 3681 559 3750 urbe,ua1n
573 3687 600 3735 in
620 3704 688 3736 arce.
706 3688 741 3738 cf.
791 3687 1026 3759 Accipiuntsoct'os.
1037 3689 1088 3739 Alii
1096 3705 1146 3737 vss.
1158 3686 1220 3738 332.
1232 3686 1256 3736 3.
1266 3685 1289 3750 4

247 3759 307 3826 240.
329 3759 387 3811 252.
409 3761 530 3813 incendia
546 3765 649 3828 miscet,
663 3766 740 3834 plus,
790 3770 845 3820 vias
860 3783 984 3840 angustas
997 3769 1119 3820 obsident
1132 3769 1232 3818 strictis
1250 3783 1292 3816 on·

246 3855 327 3909 quarn
347 3843 514 3910 promiscue,
536 3846 647 3912 passim,
667 3846 739 3897 facit.
791 3849 871 3900 sibus.
889 3851 1011 3902 Obsrdere
1028 3849 1140 3922 oppositi
1158 3860 1253 3898 ornate
1265 3855 1290 3896 et

245 3921 284 3970 lta
295 3921 400 3971 miscere
416 3921 503 3970 credes.
520 3920 620 3973 haerent
631 3925 659 3974 in
670 3924 697 3975 h.
715 3946 739 3978 v.
790 3928 842 3980 hoc
859 3929 999 3998 adjectum.
1016 3941 1115 3982 stat-
1131 3929 1222 3979 stricta
1241 3943 1288 3996 pro

246 4001 412 4068 interpretes.
421 4029 454 4038 -
463 3998 522 4052 330.
537 3999 602 4069 alt't',
610 4031 644 4043 -
654 4003 742 4058 miliia
790 4010 881 4063 stricta
898 4023 950 4074 θεῖς
969 4021 1033 4077 stat,
1050 4011 1150 4080 quippe
1168 4007 1286 4058 sufflat&
