2694 4574
185 267 281 310 Ἰ21

574 239 904 322 ursonisrrio
928 237 944 302 1

241 387 313 453 quae
329 387 365 428 ea
387 363 611 450 simplicitate,
629 380 665 426 ut
683 361 828 451 reliqua,
855 360 1085 425 enuntiaturus
1107 365 1194 440 erut,
1219 358 1289 425 uisi

241 471 370 549 fuisset,
386 469 442 556 qui
452 467 521 556 jam
537 483 770 555 occupaverat,
784 467 856 532 fieri
874 467 963 530 enim
981 467 1082 546 solet,
1098 483 1148 547 ut,
1170 468 1197 530 si
1219 491 1288 555 qua

242 575 283 638 ab
298 573 361 636 alio
369 573 438 662 jam
448 573 579 661 proprie
593 573 781 652 dictasunt,
797 597 839 636 ne
854 574 888 638 in
901 572 1018 637 eadem
1029 572 1130 636 verba
1142 572 1291 650 incidere,

241 695 354 744 ornate
373 699 410 744 ea
426 696 458 742 et
474 696 568 742 acute
582 681 758 768 eloquaris,·
781 702 881 766 porro
894 701 1005 768 graeca
1026 681 1109 742 ratio
1121 677 1292 770 flectendi

241 784 345 849 verba
359 785 412 848 vel
432 788 629 859 oratlbnem,
649 809 723 873 quae
746 783 788 848 ad
807 783 954 848 indolem
973 785 1111 872 poeticae
1130 783 1290 848 dictionis

243 891 428 977 Virgilianae
444 907 477 954 et
488 891 622 978 genium
637 891 794 978 pertinet3
807 907 877 955 tum
892 906 999 976 poetoe
1016 891 1118 978 ipsius
1129 890 1293 976 profiesszo

245 985 304 1059 Ge.
322 995 377 1059 lib.
392 998 457 1074 Ill,
484 1019 536 1076 103
556 995 685 1061 Primus
698 1021 755 1086 ego
773 1000 807 1060 in
824 1000 970 1082 patn'crm
983 1020 1108 1060 utacum
1121 1035 1158 1044 —-
1173 994 1291 1060 Aonio

242 1100 369 1166 rediens
385 1101 546 1167 deducam
565 1107 687 1166 menthe
702 1104 837 1180 Musas;
854 1101 990 1166 tandem
1006 1118 1155 1166 veterum
1172 1116 1287 1165 aucto-

243 1209 346 1280 ritas,
368 1225 405 1271 ut
430 1208 561 1274 Senecae
588 1209 717 1274 Suasor.
741 1210 805 1289 III,
836 1209 892 1296 qui
916 1207 1089 1295 Virgilium
1111 1231 1176 1272 non
1192 1209 1293 1270 surri-

198 1319 201 1333 '
240 1310 358 1398 piendi
368 1338 504 1389 caussa,
517 1312 576 1379 sed
584 1313 702 1401 palam
722 1312 896 1389 latitandi,
909 1313 968 1378 hoc
984 1315 1115 1387 animo,
1132 1329 1169 1376 ut
1187 1313 1294 1376 veltet

243 1423 401 1506 agnosci,
426 1421 460 1483 in
485 1421 596 1485 multis
624 1405 879 1486 versibus'alios
905 1419 1115 1507 expressisse,
1132 1418 1291 1493 affirmat.

243 1525 419 1612 Manifesta
442 1525 513 1590 haec
536 1526 727 1590 imitationis
749 1525 936 1590 Homericae
954 1525 1105 1612 vestigia,
1129 1525 1163 1586 in
1188 1542 1290 1612 quarn
1343 1513 1344 1536 ³

245 1621 389 1696 diversas
411 1647 519 1719 partes
540 1631 660 1711 laudis,
678 1633 731 1696 vel
752 1631 1032 1720 reprehensionis,
1052 1629 1163 1694 aviris
1181 1627 1293 1692 doctis
1343 1627 1344 1632 ’

246 1735 374 1801 deflexa
397 1738 478 1817 sint,
498 1738 635 1824 longum
652 1754 701 1802 est
724 1737 835 1802 dicere
858 1739 911 1822 (r).
936 1736 1017 1800 Aliis
1036 1731 1118 1798 nihil
1144 1732 1291 1797 divinius

191 1857 195 1863 ’
244 1843 496 1907 fuitimitatore
525 1842 679 1930 Virgilio,
706 1843 776 1906 aliis
800 1842 883 1906 nihil
904 1843 1050 1932 jejunius
1075 1857 1107 1904 et
1133 1839 1290 1904 sterilius.

246 1947 413 2035 Equidem
430 1947 495 2014 hoc
513 1949 548 2012 in
571 1947 648 2012 loco.
670 1948 773 2014 multa
796 1971 866 2014 esse
886 1947 1005 2027 video,
1026 1969 1098 2035 quae
1117 1969 1180 2010 uec
1199 1945 1291 2008 laudi
1343 2017 1344 2026 ἵ

246 2075 462 2141 magnopere,
476 2077 538 2118 nec
550 2055 655 2118 veniae
669 2054 781 2120 locum
793 2054 929 2133 faciant,
946 2052 1005 2118 sed
1018 2075 1090 2141 quae
1105 2052 1153 2115 rei
1164 2068 1294 2114 naturae
1343 2033 1344 2040 ἵ

247 2174 281 2222 et
299 2158 417 2222 rationi
437 2159 480 2246 ita
498 2175 574 2224 sunt
591 2142 1092 2246 consentanea,ut,·squ0m0d0
1112 2173 1169 2219 aut
1189 2179 1295 2244 quare
1343 2167 1344 2180 ¹

245 2264 340 2327 aliter
365 2286 400 2327 se
421 2263 543 2328 hahere
566 2263 725 2344 debeant,
750 2287 865 2328 caussa
886 2262 1007 2335 idonea
1032 2285 1099 2324 non
1123 2276 1301 2347 appareat·
1343 2255 1344 2260 ¹

245 2367 413 2432 Summam
425 2369 578 2432 carminis
592 2367 634 2430 ad
651 2369 866 2432 Homericum
879 2367 1067 2455 exemplum
1079 2366 1294 2430 constitutam

247 2494 319 2538 esse
331 2471 483 2535 vidimus.
498 2472 610 2551 Quum
632 2472 744 2558 itaque
765 2472 867 2538 semel
886 2471 928 2536 ad
952 2471 1107 2560 Odysseae
1127 2487 1159 2536 et
1178 2470 1292 2534 Iliadis
1332 2534 1335 2541 ,

245 2594 408 2664 tanquam,
425 2576 663 2662 magisterium,
699 2577 871 2644 AEneidem
894 2579 1135 2666 composuisset
1169 2592 1293 2663 poeta,
1343 2619 1344 2626 κ

281 2834 322 2904 (1)
341 2833 567 2907 ‘comparationes
591 2837 696 2908 Virgilii
719 2849 745 2888 et

247 2915 356 2967 Homeri
374 2915 544 2966 instituerunt
560 2914 635 2966 multi
652 2915 714 2966 inde
729 2935 746 2966 a

248 2996 386 3048 Macrobio
398 2993 451 3048 Sat.
463 2997 496 3044 V.
509 2995 616 3048 Librum
629 2995 746 3066 singule

794 2855 879 2908 eoque
905 2838 1021 2894 animum
1047 2835 1081 2887 ab
1105 2853 1136 2888 eo
1159 2843 1294 2890 avocant,
1343 2907 1344 2912 1

794 2916 868 2985 quod
885 2917 913 2966 in
933 2913 1181 2966 considerationem·
1193 2912 1294 2964 adduci

794 2993 1294 3064 debebat.'Discrimenprimariumstn-

249 3095 305 3126 rem
322 3076 491 3126 concinnavit
502 3074 609 3124 Fulvius
623 3076 743 3124 Ursinus.

249 3155 300 3210 Sed
312 3156 385 3226 piget
396 3155 487 3206 videre
498 3155 569 3204 viros
582 3154 675 3205 doctos
688 3155 746 3224 plc-

248 3253 359 3304 rumque
372 3233 500 3285 accedere
510 3232 544 3282 ad
557 3251 614 3282 eam
623 3251 678 3282 rem
688 3245 745 3284 stu-

248 3311 293 3366 dio
301 3316 329 3365 in
335 3313 490 3364 alterutrum
497 3323 604 3380 poetam
613 3312 744 3378 incensos,

208 3453 210 3456 ¹
249 3393 370 3462 adeoque
383 3391 411 3441 id
428 3408 520 3460 agere,
533 3382 562 3440 ut
575 3388 687 3440 alterum
699 3391 745 3442 de·

248 3475 382 3546 primant,
396 3469 507 3520 alterum
524 3467 671 3520 immodicis
688 3469 746 3521 lau·

250 3551 328 3602 dibus
350 3547 493 3611 extollent,
514 3549 655 3616 facereque
677 3549 744 3600 adeo

251 3648 297 3681 eos
309 3641 450 3696 utrumqne
464 3628 520 3678 sine
535 3625 625 3678 subtili
632 3627 744 3695 judicio.
765 3621 768 3633 ’

250 3710 356 3759 Harant
365 3724 446 3776 porro
456 3709 483 3757 in
490 3707 577 3758 verbis
590 3719 616 3757 et
625 3708 745 3762 versibus

251 3784 373 3856 singulis,
385 3804 433 3836 nec
445 3803 574 3836 summam
584 3789 706 3837 carminis
721 3801 747 3838 et

250 3866 368 3934 partium
397 3877 555 3916 concentum
582 3868 746 3936 respiciunt,

793 3077 841 3126 tim
853 3075 913 3146 ipsa
931 3089 1097 3146 temporum,
1113 3072 1210 3143 quibus
1223 3086 1294 3124 uter-

795 3173 846 3224 que
854 3157 931 3220 vixit,
940 3167 965 3205 et
972 3153 1123 3218 hominum,
1133 3152 1293 3223 quibuscum
1343 3187 1344 3190 =

793 3235 932 3296 vixerunt,
954 3245 981 3284 et
1006 3234 1150 3296 sermonis,
1172 3249 1226 3301 quo
1252 3233 1293 3282 usi

794 3325 871 3378 sunt,
895 3313 1034 3365 diversitas
1061 3312 1159 3362 inferre
1188 3311 1292 3364 debuit.

794 3391 918 3462 Virgilius
934 3405 990 3444 arte
1002 3405 1029 3444 et
1040 3391 1127 3442 studio
1139 3390 1212 3442 linxit
1221 3394 1295 3462 inge·
1343 3439 1344 3446 ,

793 3472 880 3536 nium,
893 3471 965 3524 etad
980 3471 1169 3523 sublimitatem
1185 3489 1217 3521 ac
1235 3471 1293 3542 dig·
1343 3503 1344 3540 i

794 3552 916 3617 nitatem,
931 3551 966 3606 ad
978 3552 1114 3626 elegantiae
1127 3568 1232 3602 sensum
1249 3551 1296 3602 ali·
1343 3615 1344 3618 Ἴ

795 3648 872 3700 quem
881 3633 908 3684 in
917 3632 995 3683 rebus
1006 3643 1031 3682 et
1041 3630 1145 3694 verbis,
1155 3629 1290 3702 eirpolivit.
1343 3641 1344 3700 j

794 3709 880 3776 Quam
897 3710 1000 3762 diversa
1016 3712 1044 3761 in
1059 3711 1175 3761 Homero
1192 3710 1293 3760 inerint
1343 3727 1344 3780 }

795 3791 899 3855 omnia,
920 3789 1049 3842 hocloco
1072 3797 1203 3860 exponere
1222 3787 1290 3840 nihil
1343 3787 1344 3836 i

795 3881 895 3920 alllnel.
