2690 4594
428 243 490 305 11)
514 241 810 306 1111011111.
1081 245 1139 327 451
1179 227 1186 245 “

96 373 205 444 sequuti
226 379 331 422 noctem
353 366 426 418 inter*
442 364 528 416 XXIII
550 375 575 418 et
596 365 680 415 XXIV
700 362 884 436 Thargelionis
905 381 1051 434 ponemus,
1067 325 1094 419 li.
1120 391 1142 422 e.

95 453 167 504 inter
186 451 221 501 XI
239 461 266 500 et
276 448 325 498 XII
343 447 424 496 Junii.
439 445 602 514 Pomponius
616 443 723 514 quidem
736 444 797 496 sab.
811 442 845 494 ad
862 445 920 494 AEn.
933 447 972 510 11,
986 447 1032 502 801
1053 466 1144 500 mense
1251 486 1254 496 ‚

94 533 196 584 Martio
208 530 340 600 direptam
352 527 446 579 urbem
464 537 571 591 narrat,
590 528 681 577 uescIo
699 544 752 596 quo
767 536 892 590 auctore,
907 525 954 576 sed
964 525 1014 578 levi
1032 541 1103 579 certe
1118 537 1145 580 et

93 612 215 664 indocto.
1058 673 1068 682 μ

131 692 207 742 Luna
224 691 295 741 circa
313 677 429 739 mediam
449 699 555 737 noctem
568 687 669 736 oriente
688 683 803 734 Achivos
824 702 857 735 ex
874 682 977 735 insidiis
988 701 1143 758 progressos

89 773 148 841 jam
158 769 272 823 Lescbes
282 769 309 818 in
319 765 401 832 Iliade
411 784 495 836 parva
505 763 626 817 ediderat
635 787 641 814 :
650 760 705 828 'le
713 759 755 828 μὲν
768 766 803 815 In
812 759 904 827 provin
914 800 924 828 ,
937 760 1031 830 λαμπρῆ
1050 764 1076 815 l’
1093 764 1146 816 irci-

93 867 160 902 roue
173 844 263 908 011811,
286 846 360 916 quod
371 844 497 917 Virgilius
511 841 655 914 expressit:
676 846 715 907 ll,
729 842 779 894 250
793 843 912 896 Vertitur
930 843 1028 918 interea
1047 843 1145 896 coelnm

93 944 161 998 etc,
175 928 225 983 255
239 927 325 986 tacitoe
339 925 484 998 peramica
503 923 609 978 silentia
622 921 692 974 lunoe
704 936 731 974 et
743 923 795 990 340
807 921 889 972 oblati
901 941 950 993 per
961 922 1062 976 lunam.
1076 927 1145 978 Hinc

93 1013 204 1062 omnino
215 1008 250 1061 ad
257 1007 443 1079 plenilunium
453 1005 526 1077 quod
539 993 628 1058 tamen
639 1005 741 1074 aliquot
751 1003 808 1054 dies
815 1004 871 1071 jam
879 1003 1031 1073 praecedere
1042 1007 1145 1072 debuit,
1167 1039 1168 1042 =

93 1091 209 1144 retulere
228 1091 314 1158 Trojae
333 1087 466 1140 excidium
486 1085 694 1158 chronographi.
716 1103 740 1134 v.
763 1084 884 1136 Clemens
905 1085 978 1137 Alex.
1001 1085 1096 1138 Strom.
1115 1091 1145 1153 l,

92 1193 119 1244 p.
136 1173 184 1225 311
198 1189 237 1241 sq.
254 1170 345 1242 (139).
359 1167 476 1240 Scaliger
489 1168 522 1219 de
538 1167 648 1218 Emend.
662 1179 743 1236 temp.
759 1165 806 1216 lib.
818 1167 851 1214 V.
864 1185 891 1235 p.
903 1165 963 1236 387,
975 1168 1096 1221 Dodwell
1110 1170 1145 1222 de

91 1251 276 1324 CycliaGraec.
290 1268 317 1319 p.
331 1248 398 1311 808,
413 1250 458 1317 qui
470 1249 566 1300 Ttetzae
578 1248 643 1308 loco·
653 1264 717 1296 usus
727 1258 808 1297 erate
821 1245 1025 1300 Posthomericis
1036 1252 1144 1318 Tzetzae,

77 1379 79 1386 s
92 1352 174 1404 quem
186 1349 257 1382 nunc
267 1329 397 1382 habemus
409 1329 519 1399 plenum
531 1330 559 1379 in
571 1328 626 1380 edit
640 1367 646 1378 .
660 1329 758 1378 Tzetzae
770 1345 820 1396 per
829 1327 871 1378 Fr.
884 1328 982 1380 Jacobs
998 1344 1105 1385 curata:
1119 1340 1145 1382 et

92 1426 154 1484 post
173 1412 223 1463 hos
241 1410 318 1461 multi
342 1409 403 1474 alii,
425 1411 506 1459 etiarn
524 1410 666 1459 Burmann.
685 1426 746 1464 curn
764 1407 835 1459 Serv.
864 1406 951 1460 Ceida
972 1410 1084 1483 aliisque
1110 1413 1146 1466 ad

92 1492 151 1544 AEn.
169 1493 207 1557 ll,
218 1489 283 1560 2255.
303 1490 325 1539 E
342 1487 478 1540 Clemente
495 1505 543 1538 sua
558 1486 648 1538 hausit
663 1487 760 1538 Euseb.
781 1487 816 1537 cf.
836 1488 993 1558 Fragmenta
1014 1493 1146 1545 Hellanici

92 1592 118 1643 p.
137 1571 358 1637 151‚·eujuscmn
370 1566 471 1618 Duride
486 1569 623 1637 praecipua
640 1567 719 1635 huju's
737 1565 853 1617 cardinis
864 1566 984 1618 chronici
1000 1574 1145 1623 auctoritas

91 1655 159 1715 fuit;
170 1652 205 1704 cl.
222 1650 314 1702 Taetza
330 1645 463 1700 Posthom.
478 1647 538 1716 778.
552 1665 577 1716 9.
588 1648 682 1698 Tretza
692 1649 779 1698 minus
791 1658 914 1697 accurate
928 1651 1040 1718 apponit
1049 1653 1144 1721 plura,

90 1746 120 1783 ut
131 1750 170 1783 vs.
184 1729 243 1800 764.
259 1745 358 1782 annum
372 1739 433 1778 ante
442 1726 548 1798 Olymp.
561 1725 591 1791 l,
604 1727 665 1793 418.
685 1725 750 1796 (pro
770 1744 794 1776 a.
813 1726 881 1795 408)
892 1737 947 1778 tum
958 1727 1144 1802 Thargelionis

91 1808 162 1860 diem
174 1807 240 1871 XII,
250 1805 305 1874 (vs.
319 1806 388 1876 770)
399 1805 584 1876 sedignorata
597 1807 694 1856 veteris
705 1805 769 1857 anni
780 1804 885 1856 ratione
898 1825 958 1857 eum
971 1826 1032 1860 cum
1043 1812 1145 1865 Ianua.

91 1890 131 1940 ric
144 1899 293 1958 comparat.
324 1915 331 1928 r
487 1943 488 1946 ,
628 1931 633 1952 ,
752 1943 753 1948 ,

124 1969 222 2020 Achivi
233 1967 341 2040 quidem
348 1967 402 2020 hac
412 1968 472 2036 ipsa
481 1978 571 2026 aestate
580 1965 658 2018 litore
665 1967 784 2036 Trojano
793 1966 909 2032 solvunt,
920 1967 968 2020 sed
977 1971 1046 2022 inter
1055 1975 1143 2026 varias

90 2052 278 2103 contentiones
287 2061 395 2101 exortas
409 2048 502 2118 paullo
519 2049 603 2099 serius
619 2050 789 2118 quamtfactu
803 2065 871 2118 opus
883 2062 954 2112 erat,
966 2069 1000 2102 ne
1013 2053 1040 2102 ln
1048 2052 1143 2106 ventos

88 2130 238 2200 Aquilones
251 2121 350 2194 statos,
362 2129 457 2180 etesias
469 2140 581 2188 vocant,
592 2130 638 2199 qui
647 2127 699 2186 hac
709 2129 771 2179 anni
786 2129 900 2197 partein
911 2128 953 2179 his
963 2129 1049 2200 plagis
1062 2138 1136 2184 mariv

89 2211 170 2281 AEgaei
183 2207 247 2270 llere
262 2207 362 2276 solent,
376 2206 539 2269 inciderent;
551 2209 642 2278 itaque
651 2207 744 2266 classis
757 2209 851 2258 misere
867 2219 1024 2277 tempestate
1038 2225 1077 2262 est
1087 2195 1146 2284 dns,

86 2290 166 2359 jecta.
185 2293 227 2342 Ita
236 2290 344 2361 quidem
355 2289 421 2346 milri
433 2288 508 2341 eade
525 2308 555 2341 rc
566 2289 672 2341 videtur
682 2289 762 2340 statui
773 2306 861 2358 posse.
874 2290 1022 2358 Homerus,
1040 2306 1069 2344 ut
1087 2295 1135 2344 mi-

89 2376 222 2425 rationem
233 2375 362 2442 majorem
373 2372 472 2435 faciat,
483 2370 579 2442 Odyss.
592 2389 610 2435 ‘y
623 2382 650 2421 et
666 2358 871 2420 &calamitatem
887 2369 957 2422 banc
967 2373 1083 2436 Palladis
1096 2378 1141 2442 irre

89 2465 115 2504 et
125 2454 290 2506 Achivorum
298 2451 415 2503 dissidiis
424 2469 540 2522 moxque
549 2451 668 2521 Neptuni
683 2448 752 2503 odiis
763 2449 863 2500 tribuit.
876 2451 923 2502 His
933 2452 1028 2505 iisdem
1037 2456 1141 2521 ventis,

89 2536 187 2588 eodem
205 2553 292 2600 anno,
305 2533 411 2606 Ulysses
427 2530 467 2600 (v.
479 2533 531 2584 Od.
547 2533 573 2597 1,
585 2533 619 2602 67
638 2549 679 2604 sq.
702 2531 737 2583 80
746 2531 810 2602 sq),
829 2531 913 2584 altero
925 2536 1035 2603 AEneas,
1047 2555 1139 2591 versus

88 2615 265 2689 Libyaelitora
276 2626 337 2666 sunt
349 2613 444 2674 delam
457 2611 569 2679 iisdem,
580 2610 629 2664 sed
639 2625 719 2662 anno·
728 2609 836 2662 demum
849 2623 945 2664 octavo
961 2629 1039 2686 post,
1049 2619 1138 2674 Mene·

88 2695 147 2748 laus
158 2713 207 2766 per
216 2695 266 2746 XX
275 2694 331 2746 dies
342 2695 371 2744 in
386 2693 465 2745 litore
475 2692 581 2764 AEgypti
596 2690 631 2744 ad
646 2690 762 2743 Pliarum
776 2690 917 2744 tenebatur
926 2693 1021 2767 Odyss.
1035 2699 1062 2758 ol,
1076 2695 1140 2767 351Ι

88 2777 150 2847 475.
165 2777 215 2844 (cf.
232 2774 315 2827 Wood
324 2793 359 2828 on
372 2772 415 2825 tlte
426 2771 543 2846 oriqr'nal
555 2772 654 2826 Genius
665 2769 842 2842 ofHomrrp.
861 2771 904 2826 55.
921 2773 963 2826 ed.
977 2795 1018 2846 pr.
1033 2797 1061 2848 p.
1082 2795 1131 2846 2²7

88 2858 131 2909 ed.
146 2857 216 2926 sec.)
228 2856 362 2924 Incipiunt
374 2866 462 2906 autem
473 2865 627 2906 constanter
636 2853 739 2922 spirare
749 2852 822 2903 circa
832 2852 904 2902 XVII
912 2854 973 2906 Kal.
984 2855 1067 2928 Aug„
1078 2875 1139 2909 cum
1196 2855 1199 2861 ’

85 2938 142 3004 jam
153 2935 247 2986 decern
256 2932 312 2983 dies
323 2945 383 2983 ante
394 2934 478 2983 exorti
490 2934 557 2983 sint:
569 2950 594 2983 r.
607 2931 674 2981 Plin.
687 2933 711 2980 ll
720 2968 729 2993 ,
740 2929 783 3000 47.
794 2931 840 2981 Est
849 2929 902 2982 boc
914 2945 1018 3003 tempus
1030 2935 1138 3004 ineptiis

88 3018 278 3084 antiquorum,
289 3008 371 3077 incipe
380 3011 452 3080 apud
461 3013 622 3075 Homerum,
636 3028 690 3084 quo
702 3010 813 3062 boream
827 3007 890 3061 llere
900 3013 937 3064 ait
946 3013 1022 3065 Iliad.
1033 3031 1065 3079 φ,
1076 3015 1136 3082 346,

87 3094 142 3148 Od.
155 3112 178 3153 r,
191 3090 251 3142 328.
262 3087 345 3143 Iidem
355 3089 441 3139 etesia
452 3088 655 3151 emendentur,
666 3091 712 3157 qui
722 3091 750 3138 in
759 3079 853 3139 fabula
866 3089 969 3142 Aristaei
981 3109 1128 3144 commemo

87 3187 201 3227 rantur:
212 3168 245 3221 de
256 3166 352 3239 quibus
365 3186 389 3217 v.
399 3166 525 3237 Apellen.
536 3168 569 3231 ll,
582 3167 640 3219 516.
651 3167 703 3220 525
712 3181 739 3220 et
748 3168 785 3220 ibi
795 3167 884 3219 Schol.
894 3170 924 3219 In
933 3169 1039 3223 hiemen
1047 3159 1145 3245 igitur',¹

87 3256 140 3306 nisi
149 3248 330 3324 procellosum
344 3259 448 3317 tempus
458 3246 603 3318 intelligas,
612 3244 698 3298 dilata
710 3246 863 3298 Graecorun'r
879 3249 1014 3319 navigatio
1025 3250 1078 3308 dici
1087 3236 1141 3307 ng]

89 3335 156 3404 quit.
169 3328 280 3382 Tradita
294 3326 351 3380 baec
371 3327 520 3381 accuratius
539 3327 648 3382 fuerunt
665 3323 740 3376 haud
758 3324 840 3378 dubie
856 3346 873 3378 a
889 3330 1037 3397 veteribus,
1049 3337 1089 3387 uti
1106 3346 1160 3388 ex*

87 3413 182 3485 Dictye
194 3408 291 3480 colligo
300 3406 347 3458 lib.
358 3406 392 3470 V,
402 3407 433 3469 8,
445 3405 493 3456 ubi
504 3407 531 3458 in
542 3403 705 3476 paciscendo
715 3423 777 3456 oum
785 3405 920 3460 Antenore
930 3403 1035 3482 Ulysses
1046 3428 1137 3487 urget,

88 3502 191 3562 tempus
201 3489 237 3540 ad
247 3484 429 3557 navigandum
442 3483 565 3537 idoneum
574 3482 772 3556 proetemolare,
785 3497 812 3536 et
821 3487 860 3551 V,
875 3487 906 3538 16
917 3501 1026 3560 urqente
1034 3493 1138 3566 nnviqii

88 3580 220 3641 tempore,
233 3580 259 3620 et
274 3585 298 3618 c.
315 3582 344 3635 17
359 3565 541 3636 pn—uerr'ti,
555 3584 587 3616 ne
603 3584 653 3636 per
664 3579 781 3630 moram,
796 3564 944 3621 interventu
957 3561 1066 3624 diemisr'
1078 3589 1137 3651 que
1156 3623 1159 3636 ,

88 3648 243 3721 ingruebat,
256 3666 272 3697 a
280 3639 434 3718 ⁴noviqendo
446 3643 652 3696 excluderentur.

122 3729 158 3781 At
169 3731 282 3793 AEneas,
295 3727 340 3796 qui
351 3737 431 3796 capta
439 3725 522 3794 Trojn
530 3729 558 3776 s'e
568 3726 596 3775 in
612 3735 731 3776 montem
745 3723 825 3778 Idam
833 3745 894 3778 cum
907 3729 961 3778 suis
977 3744 1134 3800 receperat,

88 3809 123 3863 ab
134 3807 243 3862 australi
252 3819 328 3881 parte
340 3824 431 3860 versus
443 3804 611 3858 Antandrum
621 3803 772 3872 descendit,
789 3818 816 3858 et
831 3810 859 3859 in
869 3807 951 3877 'hujus
967 3810 1041 3860 urbis
1054 3825 1135 3880 portu

88 3888 201 3942 classem
211 3889 285 3941 lacit.
296 3888 326 3938 ln
334 3887 419 3940 classe
430 3885 555 3940 facienda
565 3899 591 3938 et
602 3884 760 3959 instruenda
767 3885 852 3939 biems
860 3890 1034 3954 consumitur,
1041 3887 1088 3939 lib.
1099 3891 1132 3954 ΙΙ,

12 4003 13 4006 =
89 3967 119 4034 5,
130 3970 147 4022 6
159 3968 316 4041 classemque
326 3969 372 4021 sub
392 3969 446 4040 ipsc
461 3966 600 4021 Antandro
611 3978 638 4019 et
648 3966 772 4040 Ptryqtoe
787 3967 915 4020 molimur
926 3968 1056 4021 montibus
1068 3970 1133 4022 Idan

911 4075 952 4126 ²9·
