<?xml version="1.0" encoding="UTF-8"?>
<!DOCTYPE html PUBLIC "-//W3C//DTD XHTML 1.0 Transitional//EN"
    "http://www.w3.org/TR/xhtml1/DTD/xhtml1-transitional.dtd">
<html xmlns="http://www.w3.org/1999/xhtml" xml:lang="en" lang="en">
 <head>
  <title>
</title>
<meta http-equiv="Content-Type" content="text/html;charset=utf-8" />
  <meta name='ocr-system' content='tesseract 3.04.00' />
  <meta name='ocr-capabilities' content='ocr_page ocr_carea ocr_par ocr_line ocrx_word'/>
</head>
<body>
  <div class='ocr_page' id='page_1' title='image "./pvirgiliusmaroq00barbgoog_0444.png"; bbox 0 0 2690 4594; ppageno 0'>
   <div class='ocr_carea' id='block_1_1' title="bbox 227 231 1017 366">
    <p class='ocr_par' dir='ltr' id='par_1_1' title="bbox 227 231 1017 366">
     <span class='ocr_line' id='line_1_1' title="bbox 227 231 1017 366; baseline -0.001 -19"><span class='ocrx_word' id='word_1_1' title='bbox 227 285 290 366; x_wconf 71' lang='lat'>4¹32</span> <span class='ocrx_word' id='word_1_2' title='bbox 325 341 331 360; x_wconf 19' lang='grc' dir='ltr'><strong><em>ἦ</em></strong></span> <span class='ocrx_word' id='word_1_3' title='bbox 459 231 506 344; x_wconf 82' lang='lat' dir='ltr'>r.</span> <span class='ocrx_word' id='word_1_4' title='bbox 530 277 762 345; x_wconf 77' lang='lat' dir='ltr'>vlnertrr</span> <span class='ocrx_word' id='word_1_5' title='bbox 785 279 1017 347; x_wconf 74' lang='lat' dir='ltr'>Mtuours</span> 
     </span>
    </p>
   </div>
   <div class='ocr_carea' id='block_1_2' title="bbox 223 403 1277 1774">
    <p class='ocr_par' dir='ltr' id='par_1_2' title="bbox 223 403 1277 1453">
     <span class='ocr_line' id='line_1_2' title="bbox 224 403 1274 496; baseline -0.005 -24"><span class='ocrx_word' id='word_1_6' title='bbox 224 407 337 472; x_wconf 86' lang='lat' dir='ltr'>Tertia</span> <span class='ocrx_word' id='word_1_7' title='bbox 345 405 414 496; x_wconf 83' lang='lat' dir='ltr'>jam</span> <span class='ocrx_word' id='word_1_8' title='bbox 426 406 529 470; x_wconf 83' lang='lat' dir='ltr'>Lunae</span> <span class='ocrx_word' id='word_1_9' title='bbox 541 427 576 470; x_wconf 88' lang='lat' dir='ltr'>se</span> <span class='ocrx_word' id='word_1_10' title='bbox 587 427 713 470; x_wconf 84' lang='lat' dir='ltr'>cornua</span> <span class='ocrx_word' id='word_1_11' title='bbox 724 403 850 468; x_wconf 88' lang='lat' dir='ltr'>lumine</span> <span class='ocrx_word' id='word_1_12' title='bbox 862 406 1046 492; x_wconf 88' lang='lat' dir='ltr'>complent,</span> <span class='ocrx_word' id='word_1_13' title='bbox 1188 455 1190 462; x_wconf 73' lang='grc'>,</span> <span class='ocrx_word' id='word_1_14' title='bbox 1234 417 1274 476; x_wconf 77' lang='grc'>645</span> 
     </span>
     <span class='ocr_line' id='line_1_3' title="bbox 225 509 1069 597; baseline -0.006 -18"><span class='ocrx_word' id='word_1_15' title='bbox 225 515 336 597; x_wconf 90' lang='lat' dir='ltr'>Quum</span> <span class='ocrx_word' id='word_1_16' title='bbox 349 513 465 591; x_wconf 91' lang='lat' dir='ltr'>vitam,</span> <span class='ocrx_word' id='word_1_17' title='bbox 480 513 515 575; x_wconf 92' lang='lat' dir='ltr'>in</span> <span class='ocrx_word' id='word_1_18' title='bbox 527 511 630 590; x_wconf 85' lang='lat' dir='ltr'>silvis,</span> <span class='ocrx_word' id='word_1_19' title='bbox 644 512 731 574; x_wconf 90' lang='lat' dir='ltr'>inter</span> <span class='ocrx_word' id='word_1_20' title='bbox 744 509 873 575; x_wconf 87' lang='lat' dir='ltr'>deserta</span> <span class='ocrx_word' id='word_1_21' title='bbox 885 511 1030 575; x_wconf 88' lang='lat' dir='ltr'>ferarum</span> <span class='ocrx_word' id='word_1_22' title='bbox 1067 557 1069 564; x_wconf 58' lang='lat'>.</span> 
     </span>
     <span class='ocr_line' id='line_1_4' title="bbox 225 616 1225 708; baseline -0.01 -22"><span class='ocrx_word' id='word_1_23' title='bbox 225 621 343 686; x_wconf 82' lang='lat' dir='ltr'>Lustra</span> <span class='ocrx_word' id='word_1_24' title='bbox 355 617 540 707; x_wconf 89' lang='lat' dir='ltr'>domosque</span> <span class='ocrx_word' id='word_1_25' title='bbox 552 617 663 696; x_wconf 89' lang='lat' dir='ltr'>traho,</span> <span class='ocrx_word' id='word_1_26' title='bbox 676 634 853 706; x_wconf 82' lang='lat' dir='ltr'>vastosque</span> <span class='ocrx_word' id='word_1_27' title='bbox 866 616 907 681; x_wconf 86' lang='lat' dir='ltr'>ab</span> <span class='ocrx_word' id='word_1_28' title='bbox 919 641 1002 706; x_wconf 88' lang='lat' dir='ltr'>rupe</span> <span class='ocrx_word' id='word_1_29' title='bbox 1015 617 1184 708; x_wconf 76' lang='lat' dir='ltr'>Cyclopas</span> <span class='ocrx_word' id='word_1_30' title='bbox 1219 663 1225 676; x_wconf 84' lang='grc'><strong><em>,</em></strong></span> 
     </span>
     <span class='ocr_line' id='line_1_5' title="bbox 224 722 1168 814; baseline -0.001 -23"><span class='ocrx_word' id='word_1_31' title='bbox 224 725 407 814; x_wconf 88' lang='lat' dir='ltr'>Prospicio,</span> <span class='ocrx_word' id='word_1_32' title='bbox 421 725 633 814; x_wconf 89' lang='lat' dir='ltr'>sonitumque</span> <span class='ocrx_word' id='word_1_33' title='bbox 645 722 785 814; x_wconf 91' lang='lat' dir='ltr'>pedum,</span> <span class='ocrx_word' id='word_1_34' title='bbox 798 745 982 814; x_wconf 86' lang='lat' dir='ltr'>vocemque</span> <span class='ocrx_word' id='word_1_35' title='bbox 994 725 1168 790; x_wconf 84' lang='lat' dir='ltr'>tremisce.</span> 
     </span>
     <span class='ocr_line' id='line_1_6' title="bbox 224 828 1038 922; baseline -0.002 -26"><span class='ocrx_word' id='word_1_36' title='bbox 224 833 358 922; x_wconf 73' lang='lat' dir='ltr'>Victum</span> <span class='ocrx_word' id='word_1_37' title='bbox 370 831 551 912; x_wconf 83' lang='lat' dir='ltr'><strong>infelicem,</strong></span> <span class='ocrx_word' id='word_1_38' title='bbox 564 830 695 911; x_wconf 83' lang='lat' dir='ltr'>baccas,</span> <span class='ocrx_word' id='word_1_39' title='bbox 708 828 924 920; x_wconf 87' lang='lat' dir='ltr'>lapidosaque</span> <span class='ocrx_word' id='word_1_40' title='bbox 936 853 1038 895; x_wconf 86' lang='lat' dir='ltr'>corna</span> 
     </span>
     <span class='ocr_line' id='line_1_7' title="bbox 223 935 1277 1026; baseline -0.006 -24"><span class='ocrx_word' id='word_1_41' title='bbox 223 939 313 1002; x_wconf 87' lang='lat' dir='ltr'>Dant</span> <span class='ocrx_word' id='word_1_42' title='bbox 324 938 421 1018; x_wconf 89' lang='lat' dir='ltr'>rami,</span> <span class='ocrx_word' id='word_1_43' title='bbox 435 955 468 1002; x_wconf 90' lang='lat' dir='ltr'>et</span> <span class='ocrx_word' id='word_1_44' title='bbox 479 937 578 1002; x_wconf 90' lang='lat' dir='ltr'>volsis</span> <span class='ocrx_word' id='word_1_45' title='bbox 590 952 730 1026; x_wconf 88' lang='lat' dir='ltr'>pascunt</span> <span class='ocrx_word' id='word_1_46' title='bbox 742 935 908 1002; x_wconf 86' lang='lat' dir='ltr'>radicibus</span> <span class='ocrx_word' id='word_1_47' title='bbox 920 935 1043 1000; x_wconf 83' lang='lat' dir='ltr'>herbae.</span> <span class='ocrx_word' id='word_1_48' title='bbox 1234 949 1277 996; x_wconf 58' lang='lat'>652</span> 
     </span>
     <span class='ocr_line' id='line_1_8' title="bbox 224 1039 1150 1131; baseline -0.004 -21"><span class='ocrx_word' id='word_1_49' title='bbox 224 1043 343 1110; x_wconf 86' lang='lat' dir='ltr'>Omnia</span> <span class='ocrx_word' id='word_1_50' title='bbox 355 1040 576 1122; x_wconf 82' lang='lat' dir='ltr'>conlustrans,</span> <span class='ocrx_word' id='word_1_51' title='bbox 589 1041 676 1107; x_wconf 87' lang='lat' dir='ltr'>hanc</span> <span class='ocrx_word' id='word_1_52' title='bbox 687 1039 887 1131; x_wconf 76' lang='lat' dir='ltr'>primum,ad</span> <span class='ocrx_word' id='word_1_53' title='bbox 898 1041 994 1106; x_wconf 85' lang='lat' dir='ltr'>litora</span> <span class='ocrx_word' id='word_1_54' title='bbox 1006 1042 1150 1107; x_wconf 84' lang='lat' dir='ltr'>classem</span> 
     </span>
     <span class='ocr_line' id='line_1_9' title="bbox 224 1148 1192 1239; baseline -0.01 -23"><span class='ocrx_word' id='word_1_55' title='bbox 224 1150 388 1239; x_wconf 80' lang='lat' dir='ltr'>Conspexi</span> <span class='ocrx_word' id='word_1_56' title='bbox 400 1150 590 1214; x_wconf 81' lang='lat' dir='ltr'>venientem</span> <span class='ocrx_word' id='word_1_57' title='bbox 602 1171 609 1211; x_wconf 76' lang='grc' dir='ltr'>ε</span> <span class='ocrx_word' id='word_1_58' title='bbox 623 1148 782 1228; x_wconf 76' lang='lat' dir='ltr'>huicine,</span> <span class='ocrx_word' id='word_1_59' title='bbox 796 1170 1016 1238; x_wconf 88' lang='lat' dir='ltr'>quaecumque</span> <span class='ocrx_word' id='word_1_60' title='bbox 1029 1148 1166 1227; x_wconf 88' lang='lat' dir='ltr'>fuisset,</span> <span class='ocrx_word' id='word_1_61' title='bbox 1189 1201 1192 1206; x_wconf 80' lang='grc'>,</span> 
     </span>
     <span class='ocr_line' id='line_1_10' title="bbox 223 1252 1039 1344; baseline -0.006 -22"><span class='ocrx_word' id='word_1_62' title='bbox 223 1255 343 1322; x_wconf 83' lang='lat' dir='ltr'>Addixi</span> <span class='ocrx_word' id='word_1_63' title='bbox 355 1278 362 1319; x_wconf 74' lang='grc' dir='ltr'>ε</span> <span class='ocrx_word' id='word_1_64' title='bbox 376 1257 452 1320; x_wconf 90' lang='lat' dir='ltr'>satis</span> <span class='ocrx_word' id='word_1_65' title='bbox 466 1272 515 1320; x_wconf 87' lang='lat' dir='ltr'>est</span> <span class='ocrx_word' id='word_1_66' title='bbox 526 1271 660 1344; x_wconf 75' lang='lat' dir='ltr'>gentem</span> <span class='ocrx_word' id='word_1_67' title='bbox 673 1255 830 1344; x_wconf 74' lang='lat' dir='ltr'>effugisse</span> <span class='ocrx_word' id='word_1_68' title='bbox 843 1252 1039 1318; x_wconf 87' lang='lat' dir='ltr'>nefandam:</span> 
     </span>
     <span class='ocr_line' id='line_1_11' title="bbox 223 1362 1167 1453; baseline -0.005 -22"><span class='ocrx_word' id='word_1_69' title='bbox 223 1367 292 1430; x_wconf 87' lang='lat' dir='ltr'>Vos</span> <span class='ocrx_word' id='word_1_70' title='bbox 304 1365 447 1428; x_wconf 86' lang='lat' dir='ltr'>animam</span> <span class='ocrx_word' id='word_1_71' title='bbox 459 1363 545 1429; x_wconf 88' lang='lat' dir='ltr'>hanc</span> <span class='ocrx_word' id='word_1_72' title='bbox 557 1365 669 1453; x_wconf 91' lang='lat' dir='ltr'>potius</span> <span class='ocrx_word' id='word_1_73' title='bbox 682 1385 895 1453; x_wconf 89' lang='lat' dir='ltr'>quocumque</span> <span class='ocrx_word' id='word_1_74' title='bbox 906 1362 1071 1427; x_wconf 86' lang='lat' dir='ltr'>absumite</span> <span class='ocrx_word' id='word_1_75' title='bbox 1084 1363 1167 1428; x_wconf 89' lang='lat' dir='ltr'>leto.</span> 
     </span>
    </p>

    <p class='ocr_par' dir='ltr' id='par_1_3' title="bbox 223 1468 1272 1774">
     <span class='ocr_line' id='line_1_12' title="bbox 267 1468 1272 1562; baseline -0.009 -27"><span class='ocrx_word' id='word_1_76' title='bbox 267 1473 330 1562; x_wconf 76' lang='lat' dir='ltr'>Vix</span> <span class='ocrx_word' id='word_1_77' title='bbox 343 1495 381 1536; x_wconf 90' lang='lat' dir='ltr'>ca</span> <span class='ocrx_word' id='word_1_78' title='bbox 393 1472 479 1535; x_wconf 90' lang='lat' dir='ltr'>fatus</span> <span class='ocrx_word' id='word_1_79' title='bbox 492 1486 579 1534; x_wconf 87' lang='lat' dir='ltr'>erat:</span> <span class='ocrx_word' id='word_1_80' title='bbox 594 1493 724 1536; x_wconf 90' lang='lat' dir='ltr'>summo</span> <span class='ocrx_word' id='word_1_81' title='bbox 738 1493 842 1559; x_wconf 89' lang='lat' dir='ltr'>quum</span> <span class='ocrx_word' id='word_1_82' title='bbox 853 1485 967 1548; x_wconf 88' lang='lat' dir='ltr'>monte</span> <span class='ocrx_word' id='word_1_83' title='bbox 980 1468 1136 1534; x_wconf 85' lang='lat' dir='ltr'>videmus</span> <span class='ocrx_word' id='word_1_84' title='bbox 1233 1480 1272 1527; x_wconf 79' lang='lat'>655</span> 
     </span>
     <span class='ocr_line' id='line_1_13' title="bbox 223 1575 1046 1668; baseline -0.007 -25"><span class='ocrx_word' id='word_1_85' title='bbox 223 1581 338 1668; x_wconf 88' lang='lat' dir='ltr'>lpsum</span> <span class='ocrx_word' id='word_1_86' title='bbox 351 1580 437 1642; x_wconf 90' lang='lat' dir='ltr'>inter</span> <span class='ocrx_word' id='word_1_87' title='bbox 448 1575 594 1667; x_wconf 86' lang='lat' dir='ltr'>pecudes</span> <span class='ocrx_word' id='word_1_88' title='bbox 607 1592 696 1642; x_wconf 88' lang='lat' dir='ltr'>vasta</span> <span class='ocrx_word' id='word_1_89' title='bbox 709 1599 744 1641; x_wconf 90' lang='lat' dir='ltr'>se</span> <span class='ocrx_word' id='word_1_90' title='bbox 756 1576 844 1640; x_wconf 89' lang='lat' dir='ltr'>mole</span> <span class='ocrx_word' id='word_1_91' title='bbox 855 1592 1046 1640; x_wconf 82' lang='lat' dir='ltr'>moventem</span> 
     </span>
     <span class='ocr_line' id='line_1_14' title="bbox 223 1683 1112 1774; baseline -0.011 -23"><span class='ocrx_word' id='word_1_92' title='bbox 223 1688 391 1751; x_wconf 85' lang='lat' dir='ltr'>Pastorem</span> <span class='ocrx_word' id='word_1_93' title='bbox 405 1683 659 1774; x_wconf 78' lang='lat' dir='ltr'>Polyphemum,</span> <span class='ocrx_word' id='word_1_94' title='bbox 675 1700 708 1759; x_wconf 83' lang='lat' dir='ltr'>et</span> <span class='ocrx_word' id='word_1_95' title='bbox 719 1683 908 1758; x_wconf 84' lang='lat' dir='ltr'>litoranota</span> <span class='ocrx_word' id='word_1_96' title='bbox 919 1697 1112 1770; x_wconf 85' lang='lat' dir='ltr'>petentem:</span> 
     </span>
    </p>
   </div>
   <div class='ocr_carea' id='block_1_3' title="bbox 221 1875 1327 2864">
    <p class='ocr_par' dir='ltr' id='par_1_4' title="bbox 221 1875 1327 2864">
     <span class='ocr_line' id='line_1_15' title="bbox 224 1875 1275 1939; baseline -0.01 -11"><span class='ocrx_word' id='word_1_97' title='bbox 224 1895 271 1930; x_wconf 79' lang='lat' dir='ltr'>tres</span> <span class='ocrx_word' id='word_1_98' title='bbox 279 1880 327 1928; x_wconf 79' lang='lat' dir='ltr'>alii.</span> <span class='ocrx_word' id='word_1_99' title='bbox 338 1905 369 1917; x_wconf 96' lang='lat'>-</span> <span class='ocrx_word' id='word_1_100' title='bbox 378 1879 431 1936; x_wconf 84' lang='grc'><strong>645.</strong></span> <span class='ocrx_word' id='word_1_101' title='bbox 446 1879 531 1924; x_wconf 75' lang='lat' dir='ltr'>lumino</span> <span class='ocrx_word' id='word_1_102' title='bbox 538 1891 597 1934; x_wconf 85' lang='lat' dir='ltr'>tres,</span> <span class='ocrx_word' id='word_1_103' title='bbox 607 1880 704 1926; x_wconf 77' lang='lat' dir='ltr'>vitioset</span> <span class='ocrx_word' id='word_1_104' title='bbox 715 1893 739 1924; x_wconf 87' lang='lat' dir='ltr'>se</span> <span class='ocrx_word' id='word_1_105' title='bbox 748 1893 819 1924; x_wconf 83' lang='lat' dir='ltr'>corno</span> <span class='ocrx_word' id='word_1_106' title='bbox 831 1876 916 1923; x_wconf 80' lang='lat' dir='ltr'>lumino</span> <span class='ocrx_word' id='word_1_107' title='bbox 927 1875 1040 1939; x_wconf 82' lang='lat' dir='ltr'>complent</span> <span class='ocrx_word' id='word_1_108' title='bbox 1047 1879 1127 1938; x_wconf 84' lang='lat' dir='ltr'>Sprot.</span> <span class='ocrx_word' id='word_1_109' title='bbox 1139 1877 1201 1921; x_wconf 85' lang='lat' dir='ltr'>Satis</span> <span class='ocrx_word' id='word_1_110' title='bbox 1212 1875 1275 1920; x_wconf 85' lang='lat' dir='ltr'>bene.</span> 
     </span>
     <span class='ocr_line' id='line_1_16' title="bbox 221 1946 1274 2014; baseline -0.01 -17"><span class='ocrx_word' id='word_1_111' title='bbox 221 1977 255 1989; x_wconf 90' lang='lat'>-</span> <span class='ocrx_word' id='word_1_112' title='bbox 263 1951 318 2014; x_wconf 80' lang='grc'><strong>647.</strong></span> <span class='ocrx_word' id='word_1_113' title='bbox 328 1951 451 2014; x_wconf 83' lang='lat' dir='ltr'>domusque</span> <span class='ocrx_word' id='word_1_114' title='bbox 460 1951 553 2012; x_wconf 71' lang='lat' dir='ltr'>ttenag.</span> <span class='ocrx_word' id='word_1_115' title='bbox 566 1949 606 1994; x_wconf 88' lang='lat' dir='ltr'>alt.</span> <span class='ocrx_word' id='word_1_116' title='bbox 620 1947 688 1994; x_wconf 88' lang='lat' dir='ltr'>Goth.</span> <span class='ocrx_word' id='word_1_117' title='bbox 700 1947 740 1992; x_wconf 85' lang='lat' dir='ltr'>alt.</span> <span class='ocrx_word' id='word_1_118' title='bbox 750 1957 859 2013; x_wconf 81' lang='lat' dir='ltr'>vastoque</span> <span class='ocrx_word' id='word_1_119' title='bbox 866 1947 894 1992; x_wconf 83' lang='lat' dir='ltr'>ab</span> <span class='ocrx_word' id='word_1_120' title='bbox 902 1963 958 2010; x_wconf 83' lang='lat' dir='ltr'>rupe</span> <span class='ocrx_word' id='word_1_121' title='bbox 967 1946 1067 1992; x_wconf 83' lang='lat' dir='ltr'>Oudart.</span> <span class='ocrx_word' id='word_1_122' title='bbox 1075 1955 1188 2008; x_wconf 80' lang='lat' dir='ltr'>vastoque</span> <span class='ocrx_word' id='word_1_123' title='bbox 1197 1946 1274 1989; x_wconf 78' lang='lat' dir='ltr'>Franc.</span> 
     </span>
     <span class='ocr_line' id='line_1_17' title="bbox 223 2015 1277 2084; baseline -0.01 -16"><span class='ocrx_word' id='word_1_124' title='bbox 223 2039 239 2068; x_wconf 77' lang='lat' dir='ltr'>e</span> <span class='ocrx_word' id='word_1_125' title='bbox 248 2038 303 2084; x_wconf 83' lang='lat' dir='ltr'>rupe</span> <span class='ocrx_word' id='word_1_126' title='bbox 313 2033 360 2068; x_wconf 88' lang='lat' dir='ltr'>tres</span> <span class='ocrx_word' id='word_1_127' title='bbox 369 2023 461 2076; x_wconf 76' lang='lat' dir='ltr'>burm,</span> <span class='ocrx_word' id='word_1_128' title='bbox 472 2035 541 2082; x_wconf 85' lang='lat' dir='ltr'>quem</span> <span class='ocrx_word' id='word_1_129' title='bbox 552 2037 574 2067; x_wconf 87' lang='lat' dir='ltr'>v.</span> <span class='ocrx_word' id='word_1_130' title='bbox 581 2044 613 2055; x_wconf 91' lang='lat'>-</span> <span class='ocrx_word' id='word_1_131' title='bbox 620 2019 673 2075; x_wconf 85' lang='grc'><strong>646.</strong></span> <span class='ocrx_word' id='word_1_132' title='bbox 683 2027 789 2065; x_wconf 76' lang='lat' dir='ltr'>tremesco</span> <span class='ocrx_word' id='word_1_133' title='bbox 796 2019 901 2065; x_wconf 83' lang='lat' dir='ltr'>scribunt</span> <span class='ocrx_word' id='word_1_134' title='bbox 910 2018 960 2063; x_wconf 86' lang='lat' dir='ltr'>fere</span> <span class='ocrx_word' id='word_1_135' title='bbox 969 2015 1076 2072; x_wconf 85' lang='lat' dir='ltr'>codices,</span> <span class='ocrx_word' id='word_1_136' title='bbox 1090 2015 1194 2061; x_wconf 84' lang='lat' dir='ltr'>testibus</span> <span class='ocrx_word' id='word_1_137' title='bbox 1204 2016 1277 2060; x_wconf 84' lang='lat' dir='ltr'>Pierio</span> 
     </span>
     <span class='ocr_line' id='line_1_18' title="bbox 225 2086 1278 2152; baseline -0.009 -13"><span class='ocrx_word' id='word_1_138' title='bbox 225 2105 248 2140; x_wconf 91' lang='lat' dir='ltr'>et</span> <span class='ocrx_word' id='word_1_139' title='bbox 258 2096 337 2139; x_wconf 85' lang='lat' dir='ltr'>Burm.</span> <span class='ocrx_word' id='word_1_140' title='bbox 346 2117 378 2128; x_wconf 86' lang='lat'>-·</span> <span class='ocrx_word' id='word_1_141' title='bbox 387 2092 440 2139; x_wconf 83' lang='lat'>650.</span> <span class='ocrx_word' id='word_1_142' title='bbox 455 2089 540 2137; x_wconf 78' lang='lat' dir='ltr'>avulsis</span> <span class='ocrx_word' id='word_1_143' title='bbox 554 2090 626 2137; x_wconf 81' lang='lat' dir='ltr'>walt.</span> <span class='ocrx_word' id='word_1_144' title='bbox 645 2106 689 2152; x_wconf 86' lang='lat' dir='ltr'>pro</span> <span class='ocrx_word' id='word_1_145' title='bbox 703 2099 726 2135; x_wconf 93' lang='lat' dir='ltr'>et</span> <span class='ocrx_word' id='word_1_146' title='bbox 740 2107 761 2134; x_wconf 85' lang='grc' dir='ltr'>υ.</span> <span class='ocrx_word' id='word_1_147' title='bbox 770 2113 803 2126; x_wconf 86' lang='lat'><em>-</em></span> <span class='ocrx_word' id='word_1_148' title='bbox 811 2089 865 2135; x_wconf 82' lang='lat'>651.</span> <span class='ocrx_word' id='word_1_149' title='bbox 882 2086 938 2134; x_wconf 79' lang='lat' dir='ltr'>banc</span> <span class='ocrx_word' id='word_1_150' title='bbox 951 2097 1039 2152; x_wconf 84' lang='lat' dir='ltr'>purtem</span> <span class='ocrx_word' id='word_1_151' title='bbox 1050 2088 1083 2132; x_wconf 84' lang='lat' dir='ltr'>ad</span> <span class='ocrx_word' id='word_1_152' title='bbox 1097 2086 1165 2133; x_wconf 81' lang='lat' dir='ltr'>litem</span> <span class='ocrx_word' id='word_1_153' title='bbox 1177 2089 1278 2132; x_wconf 79' lang='lat' dir='ltr'>Donatus</span> 
     </span>
     <span class='ocr_line' id='line_1_19' title="bbox 222 2154 1327 2226; baseline -0.008 -19"><span class='ocrx_word' id='word_1_154' title='bbox 222 2161 292 2225; x_wconf 74' lang='lat' dir='ltr'>legit,</span> <span class='ocrx_word' id='word_1_155' title='bbox 300 2162 366 2226; x_wconf 89' lang='lat' dir='ltr'>quod</span> <span class='ocrx_word' id='word_1_156' title='bbox 373 2164 415 2209; x_wconf 84' lang='lat' dir='ltr'>Ge.</span> <span class='ocrx_word' id='word_1_157' title='bbox 425 2163 532 2208; x_wconf 80' lang='lat' dir='ltr'>Fabricio</span> <span class='ocrx_word' id='word_1_158' title='bbox 540 2159 758 2222; x_wconf 67' lang='lat' dir='ltr'>videbaturbabcre</span> <span class='ocrx_word' id='word_1_159' title='bbox 768 2159 858 2222; x_wconf 88' lang='lat' dir='ltr'>aliquid</span> <span class='ocrx_word' id='word_1_160' title='bbox 867 2160 1013 2221; x_wconf 82' lang='lat' dir='ltr'>antiquitatis</span> <span class='ocrx_word' id='word_1_161' title='bbox 1022 2173 1027 2202; x_wconf 89' lang='lat'><strong>:</strong></span> <span class='ocrx_word' id='word_1_162' title='bbox 1041 2155 1100 2202; x_wconf 80' lang='lat' dir='ltr'>hono</span> <span class='ocrx_word' id='word_1_163' title='bbox 1109 2160 1186 2218; x_wconf 83' lang='lat' dir='ltr'>primo</span> <span class='ocrx_word' id='word_1_164' title='bbox 1194 2173 1210 2200; x_wconf 83' lang='lat' dir='ltr'>o</span> <span class='ocrx_word' id='word_1_165' title='bbox 1218 2154 1277 2200; x_wconf 76' lang='lat' dir='ltr'>litore</span> <span class='ocrx_word' id='word_1_166' title='bbox 1326 2179 1327 2226; x_wconf 64' lang='lat'><em>]</em></span> 
     </span>
     <span class='ocr_line' id='line_1_20' title="bbox 223 2226 1327 2295; baseline -0.008 -17"><span class='ocrx_word' id='word_1_167' title='bbox 223 2235 330 2280; x_wconf 81' lang='lat' dir='ltr'>Nunnius</span> <span class='ocrx_word' id='word_1_168' title='bbox 340 2235 365 2279; x_wconf 91' lang='lat' dir='ltr'>in</span> <span class='ocrx_word' id='word_1_169' title='bbox 375 2231 472 2279; x_wconf 83' lang='lat' dir='ltr'>lustrare</span> <span class='ocrx_word' id='word_1_170' title='bbox 481 2249 486 2278; x_wconf 75' lang='grc' dir='ltr'><strong><em>ε</em></strong></span> <span class='ocrx_word' id='word_1_171' title='bbox 496 2231 561 2295; x_wconf 83' lang='lat' dir='ltr'>quod</span> <span class='ocrx_word' id='word_1_172' title='bbox 571 2231 685 2294; x_wconf 82' lang='lat' dir='ltr'>placuisse</span> <span class='ocrx_word' id='word_1_173' title='bbox 696 2231 791 2277; x_wconf 79' lang='lat' dir='ltr'>Heinsio</span> <span class='ocrx_word' id='word_1_174' title='bbox 802 2232 906 2285; x_wconf 88' lang='lat' dir='ltr'>mireris,</span> <span class='ocrx_word' id='word_1_175' title='bbox 925 2244 978 2274; x_wconf 87' lang='lat' dir='ltr'>cum</span> <span class='ocrx_word' id='word_1_176' title='bbox 989 2229 1070 2290; x_wconf 73' lang='lat' dir='ltr'>primae</span> <span class='ocrx_word' id='word_1_177' title='bbox 1080 2226 1158 2272; x_wconf 85' lang='lat' dir='ltr'>litoris</span> <span class='ocrx_word' id='word_1_178' title='bbox 1167 2227 1230 2290; x_wconf 80' lang='lat' dir='ltr'>parti</span> <span class='ocrx_word' id='word_1_179' title='bbox 1243 2227 1278 2271; x_wconf 81' lang='lat' dir='ltr'>vix</span> <span class='ocrx_word' id='word_1_180' title='bbox 1326 2239 1327 2290; x_wconf 58' lang='grc'><strong>4</strong></span> 
     </span>
     <span class='ocr_line' id='line_1_21' title="bbox 224 2293 1327 2368; baseline -0.011 -14"><span class='ocrx_word' id='word_1_181' title='bbox 224 2307 321 2354; x_wconf 85' lang='lat' dir='ltr'>credere</span> <span class='ocrx_word' id='word_1_182' title='bbox 332 2323 356 2352; x_wconf 85' lang='lat' dir='ltr'>se</span> <span class='ocrx_word' id='word_1_183' title='bbox 368 2308 484 2368; x_wconf 87' lang='lat' dir='ltr'>potuerit,</span> <span class='ocrx_word' id='word_1_184' title='bbox 497 2306 538 2368; x_wconf 90' lang='lat' dir='ltr'>qui</span> <span class='ocrx_word' id='word_1_185' title='bbox 549 2303 649 2350; x_wconf 86' lang='lat' dir='ltr'>latebras</span> <span class='ocrx_word' id='word_1_186' title='bbox 660 2303 791 2366; x_wconf 55' lang='lat' dir='ltr'>quaerebam</span> <span class='ocrx_word' id='word_1_187' title='bbox 804 2314 830 2348; x_wconf 85' lang='lat' dir='ltr'>ut</span> <span class='ocrx_word' id='word_1_188' title='bbox 841 2314 904 2348; x_wconf 85' lang='lat' dir='ltr'>recte</span> <span class='ocrx_word' id='word_1_189' title='bbox 912 2304 962 2364; x_wconf 84' lang='lat' dir='ltr'>jam</span> <span class='ocrx_word' id='word_1_190' title='bbox 974 2301 1052 2345; x_wconf 77' lang='lat' dir='ltr'>Burin.</span> <span class='ocrx_word' id='word_1_191' title='bbox 1065 2302 1169 2344; x_wconf 88' lang='lat' dir='ltr'>monuit.</span> <span class='ocrx_word' id='word_1_192' title='bbox 1180 2301 1210 2344; x_wconf 80' lang='lat' dir='ltr'>Et</span> <span class='ocrx_word' id='word_1_193' title='bbox 1219 2296 1278 2344; x_wconf 90' lang='lat' dir='ltr'>conf.</span> <span class='ocrx_word' id='word_1_194' title='bbox 1326 2293 1327 2352; x_wconf 61' lang='lat' dir='ltr'>J</span> 
     </span>
     <span class='ocr_line' id='line_1_22' title="bbox 224 2368 1278 2438; baseline -0.012 -14"><span class='ocrx_word' id='word_1_195' title='bbox 224 2379 294 2425; x_wconf 83' lang='lat' dir='ltr'>Ovid.</span> <span class='ocrx_word' id='word_1_196' title='bbox 305 2379 357 2422; x_wconf 88' lang='lat' dir='ltr'>XIV</span> <span class='ocrx_word' id='word_1_197' title='bbox 366 2378 423 2424; x_wconf 86' lang='lat' dir='ltr'>Met.</span> <span class='ocrx_word' id='word_1_198' title='bbox 435 2376 479 2422; x_wconf 73' lang='lat'>218</span> <span class='ocrx_word' id='word_1_199' title='bbox 490 2391 524 2438; x_wconf 84' lang='lat' dir='ltr'>sq.</span> <span class='ocrx_word' id='word_1_200' title='bbox 536 2374 588 2420; x_wconf 89' lang='lat' dir='ltr'>loco</span> <span class='ocrx_word' id='word_1_201' title='bbox 599 2391 611 2420; x_wconf 91' lang='lat' dir='ltr'>e</span> <span class='ocrx_word' id='word_1_202' title='bbox 622 2373 722 2436; x_wconf 74' lang='lat' dir='ltr'>Virgilio</span> <span class='ocrx_word' id='word_1_203' title='bbox 732 2389 840 2436; x_wconf 83' lang='lat' dir='ltr'>expresso</span> <span class='ocrx_word' id='word_1_204' title='bbox 851 2389 856 2418; x_wconf 91' lang='lat'>:</span> <span class='ocrx_word' id='word_1_205' title='bbox 868 2373 941 2418; x_wconf 82' lang='lat' dir='ltr'>Haud</span> <span class='ocrx_word' id='word_1_206' title='bbox 947 2368 1029 2435; x_wconf 83' lang='lat' dir='ltr'>procul</span> <span class='ocrx_word' id='word_1_207' title='bbox 1041 2370 1140 2432; x_wconf 77' lang='lat' dir='ltr'>adspexi</span> <span class='ocrx_word' id='word_1_208' title='bbox 1153 2368 1219 2434; x_wconf 76' lang='lat' dir='ltr'>lonqo</span> <span class='ocrx_word' id='word_1_209' title='bbox 1231 2376 1278 2432; x_wconf 85' lang='lat' dir='ltr'>post</span> 
     </span>
     <span class='ocr_line' id='line_1_23' title="bbox 225 2437 1278 2512; baseline -0.01 -18"><span class='ocrx_word' id='word_1_210' title='bbox 225 2458 323 2512; x_wconf 82' lang='lat' dir='ltr'>tempore</span> <span class='ocrx_word' id='word_1_211' title='bbox 331 2449 407 2492; x_wconf 81' lang='lat' dir='ltr'>navim</span> <span class='ocrx_word' id='word_1_212' title='bbox 415 2446 451 2490; x_wconf 81' lang='lat' dir='ltr'>Ad</span> <span class='ocrx_word' id='word_1_213' title='bbox 459 2445 562 2508; x_wconf 84' lang='lat' dir='ltr'>litusque</span> <span class='ocrx_word' id='word_1_214' title='bbox 574 2447 668 2491; x_wconf 87' lang='lat' dir='ltr'>cucurri</span> <span class='ocrx_word' id='word_1_215' title='bbox 679 2461 684 2490; x_wconf 93' lang='lat'>:</span> <span class='ocrx_word' id='word_1_216' title='bbox 695 2447 795 2508; x_wconf 81' lang='lat' dir='ltr'>primum</span> <span class='ocrx_word' id='word_1_217' title='bbox 804 2447 827 2489; x_wconf 82' lang='lat' dir='ltr'>in</span> <span class='ocrx_word' id='word_1_218' title='bbox 837 2441 900 2490; x_wconf 87' lang='lat' dir='ltr'>litore</span> <span class='ocrx_word' id='word_1_219' title='bbox 908 2443 969 2488; x_wconf 74' lang='lat' dir='ltr'>ven.</span> <span class='ocrx_word' id='word_1_220' title='bbox 982 2443 1110 2486; x_wconf 85' lang='lat' dir='ltr'>Burmann.</span> <span class='ocrx_word' id='word_1_221' title='bbox 1123 2438 1192 2484; x_wconf 85' lang='lat' dir='ltr'>malit</span> <span class='ocrx_word' id='word_1_222' title='bbox 1202 2455 1208 2484; x_wconf 79' lang='lat' dir='ltr'><em>z</em></span> <span class='ocrx_word' id='word_1_223' title='bbox 1225 2437 1278 2482; x_wconf 72' lang='lat' dir='ltr'>tane</span> 
     </span>
     <span class='ocr_line' id='line_1_24' title="bbox 224 2509 1278 2583; baseline -0.008 -19"><span class='ocrx_word' id='word_1_224' title='bbox 224 2523 322 2583; x_wconf 82' lang='lat' dir='ltr'>primam</span> <span class='ocrx_word' id='word_1_225' title='bbox 330 2519 361 2563; x_wconf 83' lang='lat' dir='ltr'>ad</span> <span class='ocrx_word' id='word_1_226' title='bbox 370 2515 385 2561; x_wconf 84' lang='lat' dir='ltr'>l.</span> <span class='ocrx_word' id='word_1_227' title='bbox 398 2517 497 2562; x_wconf 76' lang='lat' dir='ltr'>classim.</span> <span class='ocrx_word' id='word_1_228' title='bbox 507 2541 539 2552; x_wconf 90' lang='grc'>-</span> <span class='ocrx_word' id='word_1_229' title='bbox 547 2515 599 2562; x_wconf 80' lang='lat'>652.</span> <span class='ocrx_word' id='word_1_230' title='bbox 611 2517 723 2579; x_wconf 87' lang='lat' dir='ltr'>Prospexi</span> <span class='ocrx_word' id='word_1_231' title='bbox 730 2515 816 2562; x_wconf 87' lang='lat' dir='ltr'>Medic.</span> <span class='ocrx_word' id='word_1_232' title='bbox 825 2515 885 2562; x_wconf 86' lang='lat' dir='ltr'>Gud.</span> <span class='ocrx_word' id='word_1_233' title='bbox 896 2530 940 2578; x_wconf 88' lang='lat' dir='ltr'>pro</span> <span class='ocrx_word' id='word_1_234' title='bbox 949 2514 996 2561; x_wconf 80' lang='lat' dir='ltr'>div.</span> <span class='ocrx_word' id='word_1_235' title='bbox 1006 2511 1061 2558; x_wconf 87' lang='lat' dir='ltr'>lect.</span> <span class='ocrx_word' id='word_1_236' title='bbox 1071 2509 1151 2556; x_wconf 88' lang='lat' dir='ltr'>Colot.</span> <span class='ocrx_word' id='word_1_237' title='bbox 1159 2510 1265 2556; x_wconf 77' lang='lat' dir='ltr'>Parthas.</span> <span class='ocrx_word' id='word_1_238' title='bbox 1271 2544 1278 2566; x_wconf 90' lang='lat'>,</span> 
     </span>
     <span class='ocr_line' id='line_1_25' title="bbox 224 2581 1278 2650; baseline -0.009 -14"><span class='ocrx_word' id='word_1_239' title='bbox 224 2588 265 2636; x_wconf 88' lang='lat' dir='ltr'>sed</span> <span class='ocrx_word' id='word_1_240' title='bbox 273 2591 322 2650; x_wconf 78' lang='lat' dir='ltr'>jam</span> <span class='ocrx_word' id='word_1_241' title='bbox 331 2588 446 2648; x_wconf 70' lang='lat' dir='ltr'>prospicio</span> <span class='ocrx_word' id='word_1_242' title='bbox 454 2603 476 2632; x_wconf 85' lang='lat' dir='ltr'>v.</span> <span class='ocrx_word' id='word_1_243' title='bbox 488 2585 542 2643; x_wconf 85' lang='grc'><strong>648.</strong></span> <span class='ocrx_word' id='word_1_244' title='bbox 556 2586 672 2648; x_wconf 84' lang='lat' dir='ltr'>Conspicio</span> <span class='ocrx_word' id='word_1_245' title='bbox 680 2587 754 2642; x_wconf 80' lang='lat' dir='ltr'>Ven,</span> <span class='ocrx_word' id='word_1_246' title='bbox 766 2585 828 2632; x_wconf 88' lang='lat' dir='ltr'>idem</span> <span class='ocrx_word' id='word_1_247' title='bbox 839 2587 900 2630; x_wconf 84' lang='lat' dir='ltr'>Hinc</span> <span class='ocrx_word' id='word_1_248' title='bbox 909 2599 959 2630; x_wconf 86' lang='lat' dir='ltr'>mc:</span> <span class='ocrx_word' id='word_1_249' title='bbox 969 2582 1029 2628; x_wconf 84' lang='lat' dir='ltr'>altcr</span> <span class='ocrx_word' id='word_1_250' title='bbox 1037 2581 1122 2626; x_wconf 83' lang='lat' dir='ltr'>llamh.</span> <span class='ocrx_word' id='word_1_251' title='bbox 1134 2582 1191 2626; x_wconf 81' lang='lat' dir='ltr'>Huc</span> <span class='ocrx_word' id='word_1_252' title='bbox 1201 2596 1242 2626; x_wconf 88' lang='lat' dir='ltr'>me.</span> <span class='ocrx_word' id='word_1_253' title='bbox 1250 2603 1278 2615; x_wconf 85' lang='lat'>-</span> 
     </span>
     <span class='ocr_line' id='line_1_26' title="bbox 225 2646 1278 2718; baseline -0.009 -14"><span class='ocrx_word' id='word_1_254' title='bbox 225 2657 278 2715; x_wconf 82' lang='grc'><strong>654.</strong></span> <span class='ocrx_word' id='word_1_255' title='bbox 296 2658 404 2702; x_wconf 79' lang='lat' dir='ltr'>assumite</span> <span class='ocrx_word' id='word_1_256' title='bbox 415 2667 462 2701; x_wconf 88' lang='lat' dir='ltr'>tres</span> <span class='ocrx_word' id='word_1_257' title='bbox 474 2655 537 2716; x_wconf 83' lang='lat' dir='ltr'>apud</span> <span class='ocrx_word' id='word_1_258' title='bbox 549 2657 628 2700; x_wconf 78' lang='lat' dir='ltr'>Burni.</span> <span class='ocrx_word' id='word_1_259' title='bbox 644 2679 675 2691; x_wconf 93' lang='lat'><em>-</em></span> <span class='ocrx_word' id='word_1_260' title='bbox 691 2655 744 2702; x_wconf 80' lang='lat'>655.</span> <span class='ocrx_word' id='word_1_261' title='bbox 758 2658 781 2700; x_wconf 83' lang='lat' dir='ltr'>in</span> <span class='ocrx_word' id='word_1_262' title='bbox 794 2663 868 2700; x_wconf 82' lang='lat' dir='ltr'>monte</span> <span class='ocrx_word' id='word_1_263' title='bbox 879 2653 970 2718; x_wconf 83' lang='lat' dir='ltr'>aliquot</span> <span class='ocrx_word' id='word_1_264' title='bbox 981 2646 1058 2698; x_wconf 79' lang='lat' dir='ltr'>eum.</span> <span class='ocrx_word' id='word_1_265' title='bbox 1074 2663 1097 2696; x_wconf 88' lang='lat' dir='ltr'>et</span> <span class='ocrx_word' id='word_1_266' title='bbox 1109 2651 1183 2696; x_wconf 87' lang='lat' dir='ltr'>Goth.</span> <span class='ocrx_word' id='word_1_267' title='bbox 1200 2667 1236 2713; x_wconf 87' lang='lat' dir='ltr'>pr.</span> <span class='ocrx_word' id='word_1_268' title='bbox 1249 2673 1278 2685; x_wconf 94' lang='lat'>-</span> 
     </span>
     <span class='ocr_line' id='line_1_27' title="bbox 224 2723 1279 2793; baseline -0.009 -17"><span class='ocrx_word' id='word_1_269' title='bbox 224 2729 278 2776; x_wconf 85' lang='lat'>656.</span> <span class='ocrx_word' id='word_1_270' title='bbox 289 2736 402 2793; x_wconf 70' lang='lat' dir='ltr'>perentam</span> <span class='ocrx_word' id='word_1_271' title='bbox 410 2744 446 2790; x_wconf 83' lang='lat' dir='ltr'>pr.</span> <span class='ocrx_word' id='word_1_272' title='bbox 459 2726 541 2782; x_wconf 78' lang='lat' dir='ltr'>Hamb.</span> <span class='ocrx_word' id='word_1_273' title='bbox 556 2725 624 2772; x_wconf 84' lang='lat' dir='ltr'>Unde</span> <span class='ocrx_word' id='word_1_274' title='bbox 636 2727 715 2772; x_wconf 87' lang='lat' dir='ltr'>Burm.</span> <span class='ocrx_word' id='word_1_275' title='bbox 728 2726 791 2784; x_wconf 75' lang='lat' dir='ltr'>conj.</span> <span class='ocrx_word' id='word_1_276' title='bbox 798 2726 918 2791; x_wconf 58' lang='lat' dir='ltr'>serenam.</span> <span class='ocrx_word' id='word_1_277' title='bbox 929 2725 977 2772; x_wconf 88' lang='lat' dir='ltr'>Sed</span> <span class='ocrx_word' id='word_1_278' title='bbox 987 2723 1109 2785; x_wconf 75' lang='lat' dir='ltr'>vulgatum</span> <span class='ocrx_word' id='word_1_279' title='bbox 1118 2738 1145 2769; x_wconf 87' lang='lat' dir='ltr'>se</span> <span class='ocrx_word' id='word_1_280' title='bbox 1158 2731 1279 2770; x_wconf 80' lang='lat' dir='ltr'>moventem</span> 
     </span>
     <span class='ocr_line' id='line_1_28' title="bbox 224 2793 1084 2864; baseline -0.01 -17"><span class='ocrx_word' id='word_1_281' title='bbox 224 2800 299 2847; x_wconf 90' lang='lat' dir='ltr'>multo</span> <span class='ocrx_word' id='word_1_282' title='bbox 312 2799 446 2864; x_wconf 76' lang='lat' dir='ltr'>praeclarius</span> <span class='ocrx_word' id='word_1_283' title='bbox 458 2813 506 2846; x_wconf 89' lang='lat' dir='ltr'>esse</span> <span class='ocrx_word' id='word_1_284' title='bbox 518 2815 573 2845; x_wconf 87' lang='lat' dir='ltr'>cum</span> <span class='ocrx_word' id='word_1_285' title='bbox 583 2807 648 2845; x_wconf 83' lang='lat' dir='ltr'>vasto</span> <span class='ocrx_word' id='word_1_286' title='bbox 657 2798 715 2846; x_wconf 85' lang='lat' dir='ltr'>mole</span> <span class='ocrx_word' id='word_1_287' title='bbox 720 2802 842 2864; x_wconf 82' lang='lat' dir='ltr'>junctum,</span> <span class='ocrx_word' id='word_1_288' title='bbox 857 2800 908 2862; x_wconf 90' lang='lat' dir='ltr'>quis</span> <span class='ocrx_word' id='word_1_289' title='bbox 922 2812 972 2844; x_wconf 88' lang='lat' dir='ltr'>non</span> <span class='ocrx_word' id='word_1_290' title='bbox 984 2793 1084 2856; x_wconf 69' lang='lat' dir='ltr'>rideat?=</span> 
     </span>
    </p>
   </div>
   <div class='ocr_carea' id='block_1_4' title="bbox 222 2957 1280 3990">
    <p class='ocr_par' dir='ltr' id='par_1_5' title="bbox 222 2957 1280 3910">
     <span class='ocr_line' id='line_1_29' title="bbox 225 2957 1277 3034; baseline -0.005 -22"><span class='ocrx_word' id='word_1_291' title='bbox 225 2961 322 3034; x_wconf 88' lang='lat' dir='ltr'>quibus</span> <span class='ocrx_word' id='word_1_292' title='bbox 335 2958 428 3014; x_wconf 87' lang='lat' dir='ltr'>cadem</span> <span class='ocrx_word' id='word_1_293' title='bbox 439 2960 568 3024; x_wconf 78' lang='lat' dir='ltr'>orationis</span> <span class='ocrx_word' id='word_1_294' title='bbox 578 2961 666 3014; x_wconf 87' lang='lat' dir='ltr'>forma</span> <span class='ocrx_word' id='word_1_295' title='bbox 678 2980 725 3014; x_wconf 89' lang='lat' dir='ltr'>oc-</span> <span class='ocrx_word' id='word_1_296' title='bbox 773 2963 812 3014; x_wconf 89' lang='lat' dir='ltr'>rei</span> <span class='ocrx_word' id='word_1_297' title='bbox 829 2961 969 3014; x_wconf 87' lang='lat' dir='ltr'>clariorem</span> <span class='ocrx_word' id='word_1_298' title='bbox 986 2957 1115 3021; x_wconf 69' lang='lat' dir='ltr'>exhibet„</span> <span class='ocrx_word' id='word_1_299' title='bbox 1124 2976 1210 3028; x_wconf 84' lang='lat' dir='ltr'>quam</span> <span class='ocrx_word' id='word_1_300' title='bbox 1221 2975 1277 3008; x_wconf 81' lang='lat' dir='ltr'>voc.</span> 
     </span>
     <span class='ocr_line' id='line_1_30' title="bbox 223 3037 1280 3114; baseline -0.008 -18"><span class='ocrx_word' id='word_1_301' title='bbox 223 3043 315 3096; x_wconf 80' lang='lat' dir='ltr'>currit.</span> <span class='ocrx_word' id='word_1_302' title='bbox 326 3040 369 3094; x_wconf 85' lang='lat' dir='ltr'>Sic</span> <span class='ocrx_word' id='word_1_303' title='bbox 379 3043 458 3112; x_wconf 83' lang='lat' dir='ltr'>supl</span> <span class='ocrx_word' id='word_1_304' title='bbox 464 3079 472 3107; x_wconf 87' lang='lat'>,</span> <span class='ocrx_word' id='word_1_305' title='bbox 485 3040 536 3110; x_wconf 81' lang='grc'>498</span> <span class='ocrx_word' id='word_1_306' title='bbox 549 3053 618 3094; x_wconf 85' lang='lat' dir='ltr'>erat:</span> <span class='ocrx_word' id='word_1_307' title='bbox 634 3039 725 3114; x_wconf 71' lang='lat' dir='ltr'>Qualis</span> <span class='ocrx_word' id='word_1_308' title='bbox 773 3043 913 3114; x_wconf 84' lang='lat' dir='ltr'>proprium</span> <span class='ocrx_word' id='word_1_309' title='bbox 923 3040 1021 3093; x_wconf 90' lang='lat' dir='ltr'>dabat:</span> <span class='ocrx_word' id='word_1_310' title='bbox 1032 3039 1065 3088; x_wconf 82' lang='lat' dir='ltr'>ab</span> <span class='ocrx_word' id='word_1_311' title='bbox 1076 3056 1145 3110; x_wconf 84' lang='lat' dir='ltr'>rupe</span> <span class='ocrx_word' id='word_1_312' title='bbox 1157 3037 1280 3109; x_wconf 83' lang='lat' dir='ltr'>Cyclopas</span> 
     </span>
     <span class='ocr_line' id='line_1_31' title="bbox 224 3119 1278 3196; baseline -0.003 -23"><span class='ocrx_word' id='word_1_313' title='bbox 224 3131 325 3190; x_wconf 73' lang='lat' dir='ltr'>exercet</span> <span class='ocrx_word' id='word_1_314' title='bbox 332 3138 382 3192; x_wconf 90' lang='lat' dir='ltr'>pro</span> <span class='ocrx_word' id='word_1_315' title='bbox 395 3119 482 3192; x_wconf 87' lang='lat' dir='ltr'>qualis</span> <span class='ocrx_word' id='word_1_316' title='bbox 494 3133 548 3186; x_wconf 84' lang='lat' dir='ltr'>est,</span> <span class='ocrx_word' id='word_1_317' title='bbox 561 3138 643 3191; x_wconf 89' lang='lat' dir='ltr'>quum</span> <span class='ocrx_word' id='word_1_318' title='bbox 652 3141 724 3174; x_wconf 80' lang='lat' dir='ltr'>crer-</span> <span class='ocrx_word' id='word_1_319' title='bbox 770 3126 865 3196; x_wconf 80' lang='lat' dir='ltr'>junge3</span> <span class='ocrx_word' id='word_1_320' title='bbox 877 3124 1040 3195; x_wconf 88' lang='lat' dir='ltr'>prospicitin</span> <span class='ocrx_word' id='word_1_321' title='bbox 1048 3134 1142 3173; x_wconf 85' lang='lat' dir='ltr'>monte</span> <span class='ocrx_word' id='word_1_322' title='bbox 1151 3134 1278 3174; x_wconf 87' lang='lat' dir='ltr'>errantes.</span> 
     </span>
     <span class='ocr_line' id='line_1_32' title="bbox 225 3199 1279 3271; baseline -0.002 -19"><span class='ocrx_word' id='word_1_323' title='bbox 225 3214 276 3252; x_wconf 86' lang='lat' dir='ltr'>oet.</span> <span class='ocrx_word' id='word_1_324' title='bbox 286 3201 329 3250; x_wconf 84' lang='lat' dir='ltr'>An</span> <span class='ocrx_word' id='word_1_325' title='bbox 341 3219 405 3266; x_wconf 78' lang='lat' dir='ltr'>vero</span> <span class='ocrx_word' id='word_1_326' title='bbox 418 3199 477 3252; x_wconf 91' lang='lat' dir='ltr'>talis</span> <span class='ocrx_word' id='word_1_327' title='bbox 489 3201 633 3252; x_wconf 84' lang='lat' dir='ltr'>verborum</span> <span class='ocrx_word' id='word_1_328' title='bbox 648 3219 725 3254; x_wconf 88' lang='lat' dir='ltr'>orna·</span> <span class='ocrx_word' id='word_1_329' title='bbox 773 3205 855 3257; x_wconf 87' lang='lat' dir='ltr'>modo</span> <span class='ocrx_word' id='word_1_330' title='bbox 871 3224 897 3256; x_wconf 89' lang='lat' dir='ltr'>v.</span> <span class='ocrx_word' id='word_1_331' title='bbox 912 3204 965 3271; x_wconf 95' lang='grc'>644</span> <span class='ocrx_word' id='word_1_332' title='bbox 977 3214 1004 3254; x_wconf 87' lang='lat' dir='ltr'>et</span> <span class='ocrx_word' id='word_1_333' title='bbox 1017 3200 1080 3254; x_wconf 83' lang='lat' dir='ltr'>altis</span> <span class='ocrx_word' id='word_1_334' title='bbox 1092 3203 1231 3254; x_wconf 80' lang='lat' dir='ltr'>montibus</span> <span class='ocrx_word' id='word_1_335' title='bbox 1243 3218 1279 3251; x_wconf 86' lang='lat' dir='ltr'>er·</span> 
     </span>
     <span class='ocr_line' id='line_1_33' title="bbox 224 3280 1279 3350; baseline 0.001 -19"><span class='ocrx_word' id='word_1_336' title='bbox 224 3294 267 3350; x_wconf 79' lang='lat' dir='ltr'>tus</span> <span class='ocrx_word' id='word_1_337' title='bbox 287 3280 432 3350; x_wconf 83' lang='lat' dir='ltr'>trepidanti</span> <span class='ocrx_word' id='word_1_338' title='bbox 453 3280 636 3334; x_wconf 74' lang='lat' dir='ltr'>Achaemenidi</span> <span class='ocrx_word' id='word_1_339' title='bbox 659 3284 723 3336; x_wconf 86' lang='lat' dir='ltr'>satis</span> <span class='ocrx_word' id='word_1_340' title='bbox 774 3283 1184 3344; x_wconf 46' lang='lat' dir='ltr'>ront5etinf.655summo2cum</span> <span class='ocrx_word' id='word_1_341' title='bbox 1194 3291 1279 3333; x_wconf 83' lang='lat' dir='ltr'>monte</span> 
     </span>
     <span class='ocr_line' id='line_1_34' title="bbox 224 3359 1278 3433; baseline 0 -23"><span class='ocrx_word' id='word_1_342' title='bbox 224 3360 382 3423; x_wconf 85' lang='lat' dir='ltr'>conveniat,</span> <span class='ocrx_word' id='word_1_343' title='bbox 401 3359 524 3412; x_wconf 85' lang='lat' dir='ltr'>dubitare</span> <span class='ocrx_word' id='word_1_344' title='bbox 541 3362 610 3413; x_wconf 87' lang='lat' dir='ltr'>forte</span> <span class='ocrx_word' id='word_1_345' title='bbox 627 3364 726 3433; x_wconf 74' lang='lat' dir='ltr'>possis¹¹</span> <span class='ocrx_word' id='word_1_346' title='bbox 774 3364 904 3424; x_wconf 68' lang='lat' dir='ltr'>videmus,-</span> <span class='ocrx_word' id='word_1_347' title='bbox 917 3366 980 3414; x_wconf 85' lang='lat' dir='ltr'>item</span> <span class='ocrx_word' id='word_1_348' title='bbox 994 3361 1046 3432; x_wconf 84' lang='lat'>675</span> <span class='ocrx_word' id='word_1_349' title='bbox 1058 3379 1072 3413; x_wconf 89' lang='lat' dir='ltr'>e</span> <span class='ocrx_word' id='word_1_350' title='bbox 1083 3359 1196 3418; x_wconf 75' lang='lat' dir='ltr'>silviset</span> <span class='ocrx_word' id='word_1_351' title='bbox 1205 3379 1278 3412; x_wconf 84' lang='lat' dir='ltr'>mon-</span> 
     </span>
     <span class='ocr_line' id='line_1_35' title="bbox 223 3435 1278 3511; baseline 0.001 -23"><span class='ocrx_word' id='word_1_352' title='bbox 223 3435 426 3490; x_wconf 87' lang='lat' dir='ltr'>Sedinhiscum</span> <span class='ocrx_word' id='word_1_353' title='bbox 435 3440 723 3511; x_wconf 83' lang='lat' dir='ltr'>poetaquodammodo</span> <span class='ocrx_word' id='word_1_354' title='bbox 774 3440 921 3494; x_wconf 79' lang='lat' dir='ltr'>tibusoltis.</span> <span class='ocrx_word' id='word_1_355' title='bbox 934 3443 997 3492; x_wconf 84' lang='lat' dir='ltr'>Mox</span> <span class='ocrx_word' id='word_1_356' title='bbox 1012 3440 1065 3510; x_wconf 80' lang='grc'>649</span> <span class='ocrx_word' id='word_1_357' title='bbox 1084 3440 1197 3494; x_wconf 81' lang='lat' dir='ltr'>Victum</span> <span class='ocrx_word' id='word_1_358' title='bbox 1209 3439 1278 3509; x_wconf 83' lang='lat' dir='ltr'>infe-</span> 
     </span>
     <span class='ocr_line' id='line_1_36' title="bbox 222 3518 1276 3594; baseline 0.002 -27"><span class='ocrx_word' id='word_1_359' title='bbox 222 3519 304 3568; x_wconf 86' lang='lat' dir='ltr'>tacite</span> <span class='ocrx_word' id='word_1_360' title='bbox 313 3530 474 3570; x_wconf 87' lang='lat' dir='ltr'>conventum</span> <span class='ocrx_word' id='word_1_361' title='bbox 484 3523 558 3572; x_wconf 87' lang='lat' dir='ltr'>estin</span> <span class='ocrx_word' id='word_1_362' title='bbox 568 3518 634 3586; x_wconf 87' lang='lat' dir='ltr'>hoc,</span> <span class='ocrx_word' id='word_1_363' title='bbox 648 3531 678 3570; x_wconf 93' lang='lat' dir='ltr'>ut</span> <span class='ocrx_word' id='word_1_364' title='bbox 688 3521 724 3586; x_wconf 91' lang='lat' dir='ltr'>ii,</span> <span class='ocrx_word' id='word_1_365' title='bbox 773 3521 867 3587; x_wconf 83' lang='lat' dir='ltr'>licem,</span> <span class='ocrx_word' id='word_1_366' title='bbox 886 3522 973 3594; x_wconf 88' lang='lat' dir='ltr'>simpl.</span> <span class='ocrx_word' id='word_1_367' title='bbox 992 3523 1121 3575; x_wconf 84' lang='lat' dir='ltr'>miserum</span> <span class='ocrx_word' id='word_1_368' title='bbox 1131 3557 1151 3585; x_wconf 82' lang='lat'>,-</span> <span class='ocrx_word' id='word_1_369' title='bbox 1162 3533 1276 3572; x_wconf 84' lang='lat' dir='ltr'>tenuem.</span> 
     </span>
     <span class='ocr_line' id='line_1_37' title="bbox 225 3594 1278 3674; baseline 0.002 -28"><span class='ocrx_word' id='word_1_370' title='bbox 225 3614 291 3668; x_wconf 90' lang='lat' dir='ltr'>quos</span> <span class='ocrx_word' id='word_1_371' title='bbox 312 3594 452 3672; x_wconf 82' lang='lat' dir='ltr'>loquentes</span> <span class='ocrx_word' id='word_1_372' title='bbox 480 3598 596 3666; x_wconf 86' lang='lat' dir='ltr'>inducit,</span> <span class='ocrx_word' id='word_1_373' title='bbox 617 3600 724 3669; x_wconf 90' lang='lat' dir='ltr'>poetica</span> <span class='ocrx_word' id='word_1_374' title='bbox 772 3598 904 3674; x_wconf 74' lang='lat' dir='ltr'>Argutum</span> <span class='ocrx_word' id='word_1_375' title='bbox 920 3613 1000 3672; x_wconf 84' lang='lat' dir='ltr'>puto,</span> <span class='ocrx_word' id='word_1_376' title='bbox 1015 3600 1049 3652; x_wconf 83' lang='lat' dir='ltr'>de</span> <span class='ocrx_word' id='word_1_377' title='bbox 1063 3599 1170 3652; x_wconf 89' lang='lat' dir='ltr'>infelici</span> <span class='ocrx_word' id='word_1_378' title='bbox 1185 3599 1278 3652; x_wconf 84' lang='lat' dir='ltr'>arbore</span> 
     </span>
     <span class='ocr_line' id='line_1_38' title="bbox 223 3678 1278 3752; baseline 0.001 -24"><span class='ocrx_word' id='word_1_379' title='bbox 223 3680 345 3730; x_wconf 86' lang='lat' dir='ltr'>oratione</span> <span class='ocrx_word' id='word_1_380' title='bbox 357 3691 475 3731; x_wconf 82' lang='lat' dir='ltr'>utantur.</span> <span class='ocrx_word' id='word_1_381' title='bbox 490 3678 634 3746; x_wconf 88' lang='lat' dir='ltr'>Quodnisi</span> <span class='ocrx_word' id='word_1_382' title='bbox 646 3679 723 3736; x_wconf 79' lang='lat' dir='ltr'>itase</span> <span class='ocrx_word' id='word_1_383' title='bbox 773 3681 910 3750; x_wconf 80' lang='lat' dir='ltr'>accipere:</span> <span class='ocrx_word' id='word_1_384' title='bbox 927 3678 1142 3752; x_wconf 70' lang='lat' dir='ltr'>lapidosecoma</span> <span class='ocrx_word' id='word_1_385' title='bbox 1156 3678 1192 3732; x_wconf 78' lang='lat' dir='ltr'>ab</span> <span class='ocrx_word' id='word_1_386' title='bbox 1206 3696 1278 3741; x_wconf 85' lang='lat' dir='ltr'>osse,</span> 
     </span>
     <span class='ocr_line' id='line_1_39' title="bbox 222 3755 1277 3831; baseline -0.003 -23"><span class='ocrx_word' id='word_1_387' title='bbox 222 3755 350 3826; x_wconf 84' lang='lat' dir='ltr'>haberet,</span> <span class='ocrx_word' id='word_1_388' title='bbox 360 3758 496 3831; x_wconf 86' lang='lat' dir='ltr'>quomodo</span> <span class='ocrx_word' id='word_1_389' title='bbox 506 3756 632 3828; x_wconf 70' lang='lat' dir='ltr'>tragoedia</span> <span class='ocrx_word' id='word_1_390' title='bbox 642 3756 723 3810; x_wconf 88' lang='lat' dir='ltr'>scribi</span> <span class='ocrx_word' id='word_1_391' title='bbox 773 3758 847 3830; x_wconf 89' lang='lat' dir='ltr'>quod</span> <span class='ocrx_word' id='word_1_392' title='bbox 857 3760 885 3810; x_wconf 85' lang='lat' dir='ltr'>in</span> <span class='ocrx_word' id='word_1_393' title='bbox 893 3773 921 3810; x_wconf 82' lang='lat' dir='ltr'>se</span> <span class='ocrx_word' id='word_1_394' title='bbox 930 3757 1041 3810; x_wconf 82' lang='lat' dir='ltr'>habent.</span> <span class='ocrx_word' id='word_1_395' title='bbox 1048 3757 1152 3812; x_wconf 22' lang='lat'>-1653.</span> <span class='ocrx_word' id='word_1_396' title='bbox 1164 3757 1277 3810; x_wconf 77' lang='lat' dir='ltr'>Addixi:</span> 
     </span>
     <span class='ocr_line' id='line_1_40' title="bbox 223 3837 1277 3910; baseline -0.001 -22"><span class='ocrx_word' id='word_1_397' title='bbox 223 3841 333 3910; x_wconf 80' lang='lat' dir='ltr'>posset?</span> <span class='ocrx_word' id='word_1_398' title='bbox 772 3839 881 3908; x_wconf 34' lang='lat' dir='ltr'>signato,</span> <span class='ocrx_word' id='word_1_399' title='bbox 900 3837 991 3900; x_wconf 71' lang='lat' dir='ltr'>verbo,</span> <span class='ocrx_word' id='word_1_400' title='bbox 1002 3839 1127 3908; x_wconf 81' lang='lat' dir='ltr'>exprimit</span> <span class='ocrx_word' id='word_1_401' title='bbox 1151 3837 1277 3908; x_wconf 87' lang='lat' dir='ltr'>despera·</span> 
     </span>
    </p>

    <p class='ocr_par' dir='ltr' id='par_1_6' title="bbox 258 3914 1278 3990">
     <span class='ocr_line' id='line_1_41' title="bbox 258 3914 1278 3990; baseline -0.003 -21"><span class='ocrx_word' id='word_1_402' title='bbox 258 3917 320 3987; x_wconf 82' lang='grc'><strong>647.</strong></span> <span class='ocrx_word' id='word_1_403' title='bbox 351 3917 439 3968; x_wconf 86' lang='lat' dir='ltr'>domos</span> <span class='ocrx_word' id='word_1_404' title='bbox 453 3933 507 3980; x_wconf 66' lang='lat' dir='ltr'>,sc⁸¹</span> <span class='ocrx_word' id='word_1_405' title='bbox 517 3914 641 3985; x_wconf 80' lang='lat' dir='ltr'>ferarum</span> <span class='ocrx_word' id='word_1_406' title='bbox 667 3936 723 3970; x_wconf 89' lang='lat' dir='ltr'>non</span> <span class='ocrx_word' id='word_1_407' title='bbox 771 3917 1278 3990; x_wconf 64' lang='lat' dir='ltr'>tionem‚·,ait.,Serv.·;2at=qusteuusi</span> 
     </span>
    </p>
   </div>
   <div class='ocr_carea' id='block_1_5' title="bbox 223 3991 1327 4078">
    <p class='ocr_par' dir='ltr' id='par_1_7' title="bbox 223 3991 1327 4078">
     <span class='ocr_line' id='line_1_42' title="bbox 223 3991 1327 4078; baseline 0.005 -30"><span class='ocrx_word' id='word_1_408' title='bbox 223 3997 339 4074; x_wconf 83' lang='lat' dir='ltr'>otiosum</span> <span class='ocrx_word' id='word_1_409' title='bbox 352 3991 597 4078; x_wconf 51' lang='lat' dir='ltr'>postlustrasnsm</span> <span class='ocrx_word' id='word_1_410' title='bbox 608 3998 739 4068; x_wconf 37' lang='lat' dir='ltr'>,speciem¹</span> <span class='ocrx_word' id='word_1_411' title='bbox 772 4016 811 4054; x_wconf 79' lang='lat' dir='ltr'>sc.</span> <span class='ocrx_word' id='word_1_412' title='bbox 828 4011 869 4054; x_wconf 83' lang='lat' dir='ltr'>est</span> <span class='ocrx_word' id='word_1_413' title='bbox 883 4018 950 4074; x_wconf 84' lang='lat' dir='ltr'>pro,</span> <span class='ocrx_word' id='word_1_414' title='bbox 964 4017 1009 4068; x_wconf 50' lang='lat' dir='ltr'>¹ms</span> <span class='ocrx_word' id='word_1_415' title='bbox 1026 3997 1136 4056; x_wconf 76' lang='lat' dir='ltr'>tradere</span> <span class='ocrx_word' id='word_1_416' title='bbox 1155 3999 1276 4062; x_wconf 74' lang='lat' dir='ltr'>decrevi,</span> <span class='ocrx_word' id='word_1_417' title='bbox 1326 4019 1327 4030; x_wconf 55' lang='lat'>¹</span> 
     </span>
    </p>
   </div>
   <div class='ocr_carea' id='block_1_6' title="bbox 0 0 1350 4594">
    <p class='ocr_par' dir='ltr' id='par_1_8' title="bbox 0 0 1350 4594">
     <span class='ocr_line' id='line_1_43' title="bbox 0 0 1350 4594; baseline 0 0"><span class='ocrx_word' id='word_1_418' title='bbox 0 0 1350 4594; x_wconf 95' lang='lat' dir='ltr'> </span> 
     </span>
    </p>
   </div>
  </div>
 </body>
</html>
