2656 4592
314 257 320 286 l

315 345 550 418 assinos
573 297 726 414 nisan
749 346 811 414 tv.
868 389 870 398 ι
927 321 928 324 ‘
1020 351 1083 440 529

28 475 210 542 Armatam
222 473 349 540 facibus
360 491 498 540 matrem
510 490 543 538 et
554 473 762 562 serpentibus
773 470 851 538 atris

28 584 155 665 Quum
168 581 266 669 fugit,
280 581 479 670 ultricesque
490 579 608 646 sedent
619 580 653 644 in
666 581 778 644 limine
791 581 888 644 Dirae.

81 689 190 776 Erg0,
204 686 262 751 ubi
273 677 426 775 concepit
438 687 550 751 Furias
563 686 668 751 evicta
679 685 809 766 dolore,

31 790 266 882 Decrevitque
278 793 376 871 mori,
390 808 520 880 tempus
532 813 645 856 secum
657 793 726 879 ipsa
738 789 944 882 modumque
1041 802 1086 866 475

33 898 166 986 Exigit,
181 914 227 977 et,
241 915 390 962 moestam
403 897 497 964 dictis
510 895 662 986 adgressa
674 919 836 981 sororem,

33 1005 229 1068 Consilium
241 1005 333 1068 vultu
347 1004 440 1092 tegit,
453 1027 491 1068 ac
503 1025 596 1092 spem
609 1004 717 1066 fronte
731 1017 876 1089 serenat:
929 1037 935 1046 ·

34 1110 177 1190 lnveni,
192 1129 359 1197 gannane,
373 1110 459 1174 viam
471 1111 613 1198 (gratare
625 1109 760 1196 sorori),

32 1292 170 1341 consulere
179 1309 228 1340 non
237 1293 306 1348 lieetr
318 1306 352 1340 est
361 1296 423 1341 enim
432 1297 457 1340 in
466 1291 549 1340 lth.1v
558 1293 640 1341 larunt
649 1296 673 1339 in
683 1297 734 1357 ejus
744 1291 1024 1358 Commentariis—473.
1035 1295 1093 1342 Cam

36 1365 104 1411 videt
113 1365 220 1411 Parthas.
233 1363 342 1430 Confugit
353 1367 434 1411 llamb.
452 1381 487 1428 pr.
499 1378 522 1412 et
538 1366 648 1412 liottend.
659 1365 725 1411 alter.
736 1375 784 1411 tum
791 1366 816 1429 f.
829 1367 875 1412 nt.
887 1368 945 1413 divoe
956 1368 1017 1414 Gud.
1033 1385 1046 1414 a
1060 1385 1091 1414 m.

37 1449 94 1498 pr„
110 1435 180 1498 quod
195 1449 243 1480 non
256 1435 394 1496 displicebat
407 1437 510 1481 Heinsio.
523 1460 553 1469 -
568 1435 621 1496 476.
632 1451 659 1480 ae
671 1451 701 1480 m.
720 1437 806 1481 Medic.
816 1436 879 1496 fictis
890 1453 994 1502 aggressa
1006 1439 1067 1484 Gud.
1080 1455 1094 1485 a

39 1519 74 1551 m.
85 1521 123 1568 pr.
134 1517 159 1550 et
170 1506 262 1567 Menag.
275 1522 310 1568 pr.
321 1521 364 1567 pro
374 1523 421 1552 var.
434 1505 488 1550 leet.
504 1521 556 1549 eum
570 1506 622 1549 Etr.
636 1507 713 1550 Burm.
726 1506 749 1550 d.
758 1505 831 1568 afflata
846 1505 905 1551 alter
916 1509 1008 1568 Menag.
1022 1520 1044 1553 et
1056 1525 1092 1570 pr.

40 1575 130 1622 flamb.
141 1591 155 1620 a
164 1591 195 1620 m.
208 1591 254 1624 ser.
262 1574 353 1638 -477,
365 1585 389 1620 et
399 1590 461 1638 spem
469 1575 657 1639 Parthas-fiante
666 1589 746 1620 serena
755 1579 817 1638 conj.
828 1577 907 1621 Heius.
920 1577 966 1622 Sed
975 1594 997 1624 v.
1005 1590 1093 1623 notam.

42 1735 82 1789 do
100 1737 209 1803 saltem,
222 1751 395 1811 expresserat.
407 1736 477 1792 Nam
497 1734 547 1791 ali·

42 1831 88 1871 ter
100 1839 157 1870 rem
167 1821 285 1886 ornavit,
292 1821 361 1883 ,dum
373 1820 493 1872 Orestem
503 1820 548 1870 fu·

43 1912 152 1951 rentem
187 1899 313 1964 exhibet,
348 1899 488 1970 Euripides
520 1901 548 1950 in

44 1968 138 2030 Oreit.
150 1995 175 2028 v.
189 1977 240 2030 255
253 1995 311 2048 sqq.
326 1978 411 2050 lphig.
425 1981 452 2030 in
466 1981 547 2031 Taur.

48 2059 103 2112 ²83
123 2069 149 2110 et
168 2058 217 2123 al.,
230 2058 307 2110 aliter
318 2071 379 2130 post
393 2061 457 2110 istas
469 2061 548 2111 Rani-

48 2139 111 2188 nius
128 2136 178 2187 sub
194 2137 239 2188 fin.
257 2138 459 2190 Andromachae.
472 2139 550 2191 Cete-

47 2219 130 2288 roqui
142 2217 242 2269 Orestis
254 2219 339 2270 Furiis
353 2217 391 2270 nil
407 2219 491 2290 magis
501 2237 549 2269 no·

50 2313 111 2351 tum
132 2299 160 2350 in
183 2299 357 2370 antiquitate,
379 2317 420 2349 res
442 2316 549 2369 quoque

48 2379 133 2430 obvia
149 2379 176 2429 in
193 2381 256 2430 artis
269 2378 403 2450 operibus.
419 2377 459 2430 cf.
478 2397 550 2430 nune

49 2460 178 2530 Boettiger
206 2456 392 2509 Farienmaslre
419 2458 473 2509 tab.
505 2459 549 2508 lll.

51 2537 143 2588 Verba
155 2550 243 2589 autem
256 2539 294 2588 sie
310 2537 491 2607 expedienda:
504 2547 554 2587 aut

51 2615 128 2668 velut
139 2617 167 2668 in
175 2635 251 2669 seena
258 2617 455 2687 Orestesfurita
466 2617 553 2669 Furiis

53 2696 214 2768 exagitatio,
236 2715 296 2748 eam
308 2695 387 2770 sagit
401 2713 436 2746 m.
449 2709 499 2749 ete.
515 2697 551 2750 ef.

54 2779 118 2828 var.
131 2777 201 2830 Leet.

93 2856 246 2926 474-477.
265 2857 402 2927 Exquisita
418 2875 479 2909 eum
496 2871 552 2910 arte

55 2938 137 2991 etiam
157 2935 208 2986 lroe
227 2955 259 2988 ex
274 2937 364 2989 indole
376 2957 408 2989 ae
420 2957 494 2989 more
506 2938 554 2988 ho-

56 3018 173 3079 minnm,
192 3016 239 3084 qui
257 3029 373 3067 extrema
391 3019 479 3068 aninlo
497 3019 554 3088 agi-

56 3106 131 3158 tant,
143 3105 172 3144 ut
184 3093 323 3144 eonsilium
341 3111 417 3144 suum
434 3095 556 3145 dissimu-

57 3177 122 3228 lent.
140 3174 243 3238 evt'eta,
263 3185 293 3224 ut
311 3185 405 3244 poeta,
423 3191 473 3244 pro
494 3176 556 3224 aim-

58 3256 123 3330 pliri
139 3255 206 3306 vieta
224 3253 297 3304 dixit.
315 3254 398 3326 exigit
418 3253 487 3306 bene
505 3272 554 3324 pro

62 3335 208 3399 constitnit,
226 3333 299 3404 quod
318 3333 346 3383 lit
363 3352 391 3384 re
412 3346 505 3386 exacta
524 3351 555 3385 ae

60 3415 213 3466 deliberata.
235 3431 306 3483 spem
321 3412 414 3482 fronte
435 3423 554 3479 serenat,

58 3496 213 3566 exquisitius
221 3511 302 3565 quam
313 3494 430 3544 frontem
441 3504 555 3559 serenat,

64 3589 90 3629 et
101 3575 227 3646 explicat,
244 3593 291 3644 spe
309 3591 379 3626 nora
396 3592 427 3624 ae
447 3573 556 3628 meliore

62 3665 190 3726 concepta
205 3654 247 3707 vel
268 3666 388 3715 ostensa;
403 3653 456 3704 hoc
475 3666 558 3705 trans·

63 3737 145 3788 fertur
159 3735 193 3787 ad
207 3737 293 3806 ipsam
309 3753 399 3806 spem,
417 3743 558 3804 quoe'sere·

64 3819 123 3868 nior
141 3828 167 3867 et
190 3815 276 3867 laetior
301 3814 429 3886 affulgere
450 3826 556 3884 potest3

66 3895 183 3965 adeoque
196 3895 267 3946 Dido
280 3913 353 3966 spem
364 3905 482 3959 serenat,
491 3911 560 3946 sere·

67 3976 163 4026 niorem
172 3993 203 4026 ae
213 3974 340 4025 laetiorem
350 3973 467 4024 ostendit
474 3973 557 4026 vultu.

67 4055 101 4105 Ut
110 4070 178 4124 spem
190 4050 265 4105 arelat
273 4050 394 4119 simulat,
404 4051 451 4105 lib.
461 4053 487 4120 1,
499 4069 569 4123 209.-

136 4158 162 4196 2.

596 1736 707 1810 Propius
723 1737 759 1790 ad
775 1734 911 1810 vulgarem
929 1734 1039 1790 modum
1057 1738 1096 1791 si·

596 1818 647 1869 lius
658 1841 664 1868 ι
674 1817 756 1869 tristia
760 1817 854 1888 fronte
864 1829 965 1870 serenat
974 1820 1009 1870 Xl
1012 1859 1019 1886 ,
1033 1819 1094 1888 369.

596 1915 666 1968 spem
679 1897 772 1967 fronte
792 1915 911 1949 serenans
931 1916 963 1949 ex
985 1899 1094 1971 Virgilio

597 1981 690 2030 sumsit
702 1979 852 2030 Nemesian.
865 1979 919 2030 Ecl.
934 1981 978 2044 lv,
995 1997 1034 2050 17,

633 2057 684 2126 478
701 2075 760 2126 sqq.
778 2055 888 2108 Simulat
907 2058 993 2124 Dido,
1006 2078 1034 2111 se
1051 2079 1098 2130 pa·

598 2155 657 2187 rare
684 2154 788 2188 sacrum
805 2137 953 2207 magicum,
976 2155 1029 2208 quo
1051 2150 1099 2190 aut

598 2216 694 2266 AEneas
704 2217 799 2266 iterum
809 2218 894 2266 amori
905 2215 1038 2287 illigetur,
1052 2229 1099 2269 aut

599 2296 658 2365 ipsa
673 2312 761 2346 amore
774 2294 901 2346 solvatur.
919 2296 965 2345 Est
978 2295 1045 2348 adeo
1059 2314 1099 2348 sa-

599 2393 688 2436 crum,
707 2373 786 2444 quale
802 2375 829 2423 in
842 2373 941 2446 Eeloga
957 2377 1017 2426 Vlll
1033 2376 1100 2428 vidi-

599 2473 665 2508 mus.
683 2455 713 2504 In
732 2466 789 2504 toto
805 2453 858 2506 hoc
874 2469 1025 2508 commento
1044 2470 1108 2509 tam'

601 2552 713 2606 operose
726 2533 883 2586 adornando
902 2548 928 2587 et
942 2536 1098 2588 instruenda

600 2614 657 2668 hac
669 2616 815 2686 respexisse
828 2613 914 2666 videri
923 2614 1100 2682 debefflido,

601 2707 653 2759 ut,
676 2694 807 2747 sacrificio
835 2713 934 2746 arcano
958 2696 1102 2766 parando,
1162 2691 1163 2699 ¹

603 2793 656 2846 quo
676 2775 783 2827 arbitris
802 2777 910 2826 remotis
932 2777 989 2828 sola
1009 2795 1104 2847 opera·

602 2869 689 2922 retur,
701 2854 736 2906 ad
747 2868 859 2910 mortem
871 2855 922 2906 sibi
934 2856 1103 2908 inferendam
1156 2891 1159 2897 -

603 2936 848 3005 opportunitatem,
865 2934 1000 2986 silentium
1019 2949 1045 2986 et
1062 2953 1103 2986 so·

603 3013 759 3077 litudinem,
778 3011 897 3064 liaberet.
919 3011 971 3063 Sed
990 3024 1016 3064 et
1035 3013 1103 3066 illud

604 3096 730 3144 furorem
743 3095 837 3144 misere
857 3095 970 3144 amantis
998 3097 1103 3167 arguit,

605 3172 678 3243 quod
694 3184 779 3224 vestes
797 3173 885 3223 AEneae
897 3185 924 3223 et
941 3185 1028 3224 torum
1042 3193 1105 3245 con-

602 3252 719 3323 jugalem
734 3270 823 3303 seeum
836 3252 957 3303 comburi
973 3252 1102 3322 vult(inf.

605 3331 655 3400 495
673 3333 743 3404 sq),
763 3329 889 3402 quodque
908 3333 995 3383 AEneae
1012 3333 1103 3405 gladio

604 3412 632 3462 in
640 3429 667 3461 se
670 3411 818 3483 jugulando
825 3414 916 3466 utitur.
925 3413 991 3478 Quae
997 3431 1041 3464 av.
1052 3413 1104 3480 504

605 3491 759 3560 sqq-521
779 3503 935 3558 narrantur,
955 3491 990 3543 ad
1003 3511 1105 3564 praepa·
1161 3536 1163 3540 ,

605 3569 719 3622 randum
738 3582 764 3620 et
785 3570 979 3640 auspicandum
998 3589 1105 3624 sacrum

605 3652 738 3722 pertinere
765 3663 838 3720 puta.
866 3652 988 3722 Namque
1016 3653 1105 3723 ipsum

606 3748 711 3782 sacrum
722 3733 836 3782 nonnisi
849 3750 896 3783 av.
911 3731 963 3784 63⁰
973 3750 1032 3802 sqq.
1046 3749 1106 3804 per·
1196 3729 1198 3735 ’

607 3813 708 3882 agitur;
721 3810 844 3864 trahebat
863 3831 894 3864 ac
914 3811 1059 3864 differebat
1073 3812 1106 3865 il·
1118 3807 1121 3814 ’

606 3890 654 3942 lud
673 3910 777 3943 sacrum
796 3911 925 3964 suamque
941 3905 1053 3944 mortem
1066 3911 1106 3943 re·

607 3972 1104 4044 gina,quamdiuAEneaspraesenserat.

608 4051 737 4106 Tenenda
756 4052 828 4119 hac,
850 4063 879 4101 ut
900 4050 933 4101 de
957 4061 1107 4106 summast

894 4137 929 4204 il
