2742 4586
268 279 331 345 238
515 279 549 342 P.
574 274 806 340 VIRGlLll
829 275 1061 342 MARONIS

266 405 339 467 Neu
351 401 512 491 populum
523 400 658 488 antiqua
669 397 731 463 sub
744 398 903 486 religione
915 400 1011 464 tueri.

266 510 365 587 Nam,
378 509 404 572 si
416 524 523 572 vestra
534 527 651 570 manus
663 505 817 569 violasset
829 503 916 569 dona
927 506 1101 586 Minervae,

236 618 238 623 ’
264 616 353 677 Tum
365 620 520 700 magnum
531 611 666 676 exitium
677 608 785 699 (quod
797 608 832 676 di
844 611 934 699 prius
946 633 1046 679 omen
1058 612 1093 676 in
1105 612 1219 699 ipsum
1272 643 1312 688 ιφ

265 721 464 784 Convertant
473 723 479 782 l
489 722 499 804 )
511 717 630 782 Priami
641 717 782 803 imperio
794 715 1045 806 Phrygibusque
1058 719 1221 784 futurum.

264 827 320 892 Sin
333 825 483 890 manibus
496 823 615 889 vestris·
623 839 766 888 vestram
777 821 1001 889 adscendisset
1012 825 1048 887 in
1059 823 1196 889 urbem:

265 933 360 998 Ultro
373 933 483 996 Asiam
494 952 614 1018 magno
627 930 769 1022 Pelopea
780 928 823 994 ad
835 929 956 996 moenia
967 929 1056 995 bello

263 1041 459 1115 Venturam,
473 1053 506 1100 et
517 1052 648 1102 nostros
661 1059 699 1100 ea
709 1037 777 1100 fata
788 1057 922 1100 manere
934 1053 1083 1124 nepotes

306 1143 443 1208 Talibus
456 1140 582 1206 insidiis
596 1141 788 1234 perjurique
800 1157 869 1206 arte
882 1141 1012 1206 Sinonis

264 1249 395 1316 Credita
407 1270 472 1327 res,
487 1247 640 1335 captique
653 1246 738 1312 dolis
750 1246 958 1336 lacrimisque
970 1248 1108 1328 coactis,

261 1361 353 1442 Quos
366 1363 479 1443 neque
487 1350 649 1442 Tydides,
664 1375 725 1418 nec
738 1354 914 1419 Larissaeus
926 1353 1083 1435 Achilles,

262 1467 337 1532 Non
347 1461 426 1528 anni
438 1459 598 1531 domuere
611 1459 745 1541 decem,
759 1484 827 1530 non
838 1460 930 1532 mille
943 1462 1071 1531 carinae

261 1660 326 1713 quot.
337 1650 360 1692 in
370 1648 441 1710 portis
449 1619 496 1691 aeci
506 1645 591 1692 Moret.
604 1661 644 1692 nec
653 1647 708 1692 duci
714 1650 802 1709 primus
810 1648 894 1694 Mor-et.
903 1649 1098 1711 possetl'riscian,
1106 1647 1165 1693 ibid.
1176 1649 1310 1695 c.Gudiano

262 1733 285 1767 ct
295 1719 324 1766 al.
334 1745 366 1756 —
378 1717 428 1764 188.
438 1719 487 1763 Nec
497 1716 544 1763 alii.
556 1717 603 1763 Sed
612 1720 637 1763 in
648 1717 685 1764 his
695 1719 792 1765 varietas
801 1719 865 1765 MSS.
878 1719 908 1764 ad
917 1719 1043 1764 fastidium.
1055 1721 1125 1763 maeri
1133 1719 1246 1765 Priscian.
1256 1721 1272 1766 l.
1282 1737 1310 1775 c.,

260 1794 351 1837 vitiose.
360 1815 393 1826 -
402 1805 452 1852 ¹9⁰·
461 1789 573 1834 excidium
584 1791 696 1835 Priscian.
705 1790 763 1835 ibid.
770 1789 828 1836 alter
837 1791 919 1836 Hsmb.
931 1791 1027 1837 etVoss.
1037 1789 1150 1854 mquam}
1157 1805 1246 1837 ornans
1262 1793 1309 1853 epi·

192 1877 194 1882 ’
261 1863 344 1910 theton
356 1873 397 1908 est.
409 1885 441 1895 -
453 1875 503 1922 ¹9¹·
514 1869 645 1906 convaleat
653 1862 736 1922 Puqet.
749 1860 854 1925 Pluyqiis
863 1862 984 1924 flambpr.
997 1877 1050 1907 cum
1057 1861 1148 1924 aliquot
1157 1861 1230 1906 codd.
1241 1863 1309 1908 Pierii

261 1945 285 1978 et
301 1932 383 1994 fragm.
403 1931 478 1974 Vatic.
496 1932 666 1992 antiquissimo.
679 1933 827 1977 Burmannus
842 1930 923 1978 laudat
934 1931 1054 1978 Draksnb.
1070 1931 1101 1976 ad
1116 1930 1243 1986 stlvt11,
1259 1930 1308 1986 aii.

261 2001 378 2066 Frr'qilram
388 1997 500 2064 Fntqsius
511 1998 573 2046 male
588 2000 704 2048 scribitur.
716 2025 748 2038 -
760 2016 811 2062 ¹9²·
821 2005 902 2051 assuit
913 2000 1016 2048 mansus
1030 2000 1135 2050 Parrbas-
1150 2012 1174 2046 et
1184 2002 1246 2048 Van.
1258 2015 1309 2046 curn

261 2074 330 2120 Goth.
343 2069 614 2135 tert.-193.maqaam
627 2073 709 2119 llamb.
722 2089 758 2135 pr.
776 2071 872 2136 Pelopea
887 2074 981 2131 Heius,
996 2086 1076 2130 recte,
1092 2088 1149 2122 cum
1165 2072 1276 2118 Medicso
1288 2083 1310 2119 et

261 2143 339 2190 Schol.
349 2144 415 2188 Statii
425 2141 485 2190 adde
496 2141 566 2190 Goth.
579 2158 625 2190 sec.
635 2141 713 2206 Vulgo
727 2141 845 2206 Pelopea,
855 2144 921 2208 quod
933 2156 956 2192 et
972 2148 1049 2208 ipsum
1059 2144 1121 2189 bene
1137 2142 1261 2198 scribitur,
1270 2141 1310 2192 sed
1360 2177 1361 2180 .

261 2201 309 2264 tion
318 2215 341 2262 b.
356 2215 372 2260 l.
385 2214 416 2262 ad
428 2212 533 2275 Pelopeia
542 2229 588 2260 sec.
599 2215 681 2260 Hamb.
688 2249 695 2272 ,
708 2214 856 2278 interpolate.
866 2241 898 2251 —
911 2214 962 2276 194.
980 2199 1102 2262 inssostros
1113 2215 1182 2258 Witt.
1195 2223 1309 2262 etvestros

258 2292 374 2350 bigot-
387 2286 436 2348 196.
446 2289 529 2332 coactis
545 2287 640 2332 Heinsio
655 2299 776 2350 acceptum
792 2287 929 2344 ferendum,
946 2290 987 2352 qui
1003 2288 1104 2334 Medicei
1118 2287 1308 2348 optimorumque

260 2360 329 2407 codd.
341 2371 364 2405 et
374 2359 596 2415 Grammaticorum,
607 2361 680 2406 Servii
690 2359 804 2420 inprimis,
814 2359 875 2405 forte
893 2371 916 2407 et
928 2362 1013 2406 Donati
1021 2361 1186 2410 ,auctoritatem
1196 2368 1261 2402 recte
1273 2372 1307 2402 se·

260 2443 346 2495 quutus
358 2442 400 2475 est.
413 2430 498 2475 Probat
510 2445 605 2493 quoque
616 2429 737 2494 Tyrsrhitt.
749 2430 812 2493 apud
821 2431 902 2477 Dawes
913 2431 980 2478 Misc.
991 2434 1042 2478 crit.
1055 2446 1108 2476 cum
1118 2430 1226 2490 Borgess.
1237 2427 1265 2470 V.
1283 2429 1305 2472 C.

258 2520 283 2566 p.
293 2500 347 2548 386.
362 2501 442 2546 sicet
458 2516 471 2545 a
487 2503 617 2563 Pomponio
635 2501 722 2547 lectum
738 2514 760 2547 et
772 2504 797 2546 in
805 2502 889 2564 lrsqm.
900 2503 976 2550 Vatia.
985 2503 1086 2549 Illustrat
1099 2499 1204 2546 lacrimas
1219 2508 1306 2545 coactos

257 2575 338 2618 Heius.
350 2582 373 2618 et
381 2571 405 2616 b.
416 2571 433 2616 l.
443 2587 481 2618 ess
490 2572 596 2619 tetendit
605 2575 654 2634 ipsa
663 2588 743 2619 rerum
752 2575 811 2619 ratio
822 2590 849 2622 ac
859 2578 952 2622 veritas.
962 2575 1124 2638 Vulgocoacti,
1133 2575 1216 2635 sicque
1228 2585 1306 2626 omnes

258 2642 338 2688 Pierii.

257 2801 312 2842 tam
335 2791 469 2862 ingentem
496 2791 610 2860 molem,
636 2795 757 2850 trabibus
805 2796 952 2866 Trojanos,
970 2795 1105 2850 conversis
1123 2794 1204 2855 fatis,
1222 2791 1304 2861 Argos

255 2881 420 2938 contextam,
434 2871 593 2925 extollereet
602 2888 717 2938 tantam,
728 2887 758 2927 ut
807 2891 865 2927 esse
877 2875 950 2927 bello
969 2878 1100 2947 petituros
1115 2885 1141 2924 et
1160 2872 1302 2923 excisuros.

198 2978 204 2982 ·
257 2948 292 3002 ad
315 2949 411 3002 coelum
440 2953 591 3023 pertingere
615 2953 756 3023 videatur)
845 2949 1305 3026 roi-198AEigrsqiumepiphtsne·

253 3029 331 3097 jussit
342 3028 464 3082 Calchas.
477 3031 564 3082 mian
579 3033 608 3082 in
619 3031 756 3084 membro·
802 3053 862 3101 ms,
873 3033 1008 3091 inclusum
1019 3033 1151 3088 sententia
1163 3032 1257 3102 aliqua
1267 3033 1305 3082 im-

255 3127 314 3160 rum
322 3108 416 3161 ordine
424 3109 634 3164 etcollocssione
647 3125 755 3180 poetam
803 3109 1301 3184 primisqueadmiserationemaptuui.
1358 3135 1359 3140 ¹

255 3191 386 3262 agnoscis.
403 3190 515 3261 antiqua
535 3187 677 3261 reliqr'one,
687 3191 715 3246 h·
729 3211 753 3244 e.
803 3192 1082 3259 sciscitassem,
1093 3194 1180 3264 simpl.
1195 3194 1304 3246 Thessa·

254 3287 300 3336 aa,
312 3287 366 3339 qua
378 3281 529 3338 surreptum
541 3268 690 3321 Palladium
708 3288 755 3323 an·-
801 3274 859 3336 lus;
872 3274 938 3328 alias
950 3293 1004 3328 non
1016 3277 1080 3328 satis
1093 3287 1234 3336 accuratu
1244 3293 1303 3328 nam

254 3361 298 3402 tea
308 3349 462 3410 coluerant;
475 3367 509 3401 ne
519 3366 590 3400 nunc
602 3369 652 3420 pro
664 3350 753 3406 Palla·
802 3357 909 3408 Larissa
921 3368 977 3408 tum
995 3355 1093 3408 Achilli
1105 3357 1301 3426 conpetebat,

254 3429 300 3484 dio
312 3430 402 3500 Equus
420 3429 581 3491 baberetur;
595 3447 648 3500 quo
663 3449 754 3485 sacro·
802 3435 850 3488 ssd
859 3435 943 3493 letho
953 3457 960 3497 ;
971 3449 998 3488 et
1007 3435 1149 3507 aPelasgis
1158 3435 1302 3490 habitabas

254 3527 314 3562 rum
337 3511 410 3566 cultu
432 3510 561 3563 demerita
584 3523 610 3564 et
633 3514 752 3582 propitia
802 3529 854 3568 tur.
864 3535 888 3568 v.
901 3516 1019 3576 bladii,
1033 3516 1084 3582 840
1096 3533 1155 3586 sqq.
1167 3515 1245 3569 mille
1261 3536 1303 3568 ca·

253 3589 359 3640 reddita
376 3589 463 3642 Pallas
480 3590 608 3655 eandem,
620 3591 655 3641 'ut
673 3604 751 3657 ante,
801 3598 867 3649 rina
882 3614 994 3650 numero
1013 3597 1106 3668 paullo
1126 3597 1240 3650 liberius
1258 3617 1301 3650 ex-

253 3670 365 3724 tutelam
379 3672 477 3724 colenti
489 3672 591 3742 populo
604 3685 749 3743 praestaret.
800 3695 907 3748 presso,
917 3691 946 3728 ut
953 3678 1040 3730 solent
1047 3690 1143 3748 poetae.
1156 3679 1300 3749 r.Popiunn

291 3752 340 3820 189
351 3769 408 3822 sqq.
419 3750 515 3802 Melius
525 3751 668 3822 baecquam
678 3753 751 3824 apud
801 3757 835 3810 ad
847 3758 923 3810 Iliad.
936 3759 962 3818 β.
975 3760 1083 3810 Barnes.
1097 3757 1132 3810 ad
1144 3757 1238 3828 Eurip.
1252 3759 1300 3810 An.-

253 3832 398 3904 Tryphiod.
419 3831 470 3884 288
487 3848 563 3899 sqq,
585 3835 607 3884 si
628 3835 751 3888 conferre
800 3837 885 3896 drom.
913 3838 968 3890 106.
993 3837 1130 3890 Munclrsr.
1152 3837 1188 3890 ad
1207 3841 1297 3910 Hygia.

252 3915 388 3966 lohet-⁴·
407 3912 560 3980 ¹9²-19i
578 3911 656 3966 Sina
674 3916 749 3968 vobis
798 3935 834 3988 97
848 3917 904 3970 fab.
918 3921 998 3972 etism
1009 3918 1123 3972 Cerdam
1140 3919 1176 3971 ad
1195 3919 1224 3970 b.
1243 3921 1298 3971 let
1357 3981 1358 3990 ,

252 3997 281 4050 in
297 3989 533 4068 urbem-inductus
557 4004 626 4050 essct
645 4012 750 4066 equus,
799 3999 890 4054 Ursin.
904 4016 1117 4074 nuper.qnoqus
1129 3997 1296 4058 Wernsdorl.
1357 3999 1358 4016 ¹
