2742 4586
377 356 612 458 mantuus
635 357 789 421 arasa
812 356 861 418 11.

95 488 282 554 'Paetorum
294 482 381 550 inter
391 505 426 548 se
439 481 572 561 Priami,
586 498 763 570 postesque
776 477 880 570 relicti
958 531 963 536 .

98 595 251 681 Atergo:
265 591 379 656 infelix
391 613 456 679 qua
469 613 519 672 se,
532 587 613 654 dum
627 610 728 676 regua
740 583 930 662 manebant,

97 701 226 789 Saepius
238 697 468 764 Andromache
482 697 569 763 ferre
582 695 771 764 incomitata
782 693 909 761 solebat

100 805 152 871 Ad
165 829 312 886 soceros,
327 823 359 872 et
371 828 432 870 avo
445 827 587 894 puerum
599 808 792 894 Astyanacta
803 800 962 866 trahebat.

102 911 217 978 Evado
228 913 270 978 ad
283 913 404 977 summi
416 913 544 1002 fastigia
556 911 727 976 culminis:
741 908 831 974 unde

101 1019 184 1085 Tela
196 1043 297 1083 manu
310 1020 421 1084 miseri
429 1018 597 1108 jactabant
610 1017 707 1080 inrita
718 1016 851 1080 Teucri.

102 1125 252 1203 Turrim,
267 1125 301 1188 in
314 1125 642 1213 praecipititstantem,
657 1123 861 1210 summisque
874 1118 937 1185 sub
948 1133 1034 1182 astra
1106 1127 1152 1187 toa

103 1231 266 1297 Eductam
278 1232 388 1310 tectiS,
402 1231 492 1296 unde
505 1232 613 1295 omnis
625 1229 726 1318 Troja
739 1227 862 1310 videri,
964 1210 968 1215 ¹

102 1339 144 1404 Et
156 1341 310 1412 Danaum
322 1339 425 1403 solitae
438 1359 553 1418 naves,
568 1353 601 1400 et
612 1335 735 1399 Achaia
747 1341 866 1414 castr'a,

102 1444 259 1534 Adgressi
272 1445 360 1509 ferro
374 1445 513 1524 circum,
528 1466 593 1533 qua
605 1451 732 1506 summa
745 1439 884 1505 labantis

102 1557 281 1620 iuncturas
293 1552 438 1616 tabulata
452 1549 587 1629 dabant,
601 1548 817 1615 convellimus
830 1545 902 1610 altis

1018 435 1022 444 .
1082 350 1142 436 2⁶7

1101 587 1147 644 455

134 1725 188 1782 455.
205 1741 252 1788 qao
266 1723 314 1768 duo
325 1723 404 1767 Burm.
417 1738 471 1768 cum
481 1720 550 1766 Goth.
567 1737 603 1783 pr.
617 1685 668 1784 ιᾳιια
684 1735 708 1765 se
726 1715 806 1780 infelix
816 1717 910 1775 Menaq.
928 1729 963 1775 pr.
980 1719 1027 1756 tum
1045 1726 1063 1753 r.
1083 1707 1156 1770 aliqui

103 1802 127 1842 in
137 1800 203 1842 Serv.
213 1821 246 1831 -
254 1793 308 1850 456.
325 1791 486 1838 Andromacha
497 1791 557 1838 alter
568 1792 662 1852 Menag.
671 1813 703 1824 -
712 1789 766 1850 457.
783 1789 925 1844 Astyanacta
935 1780 1006 1826 Wall.
1023 1779 1158 1829 Astianacta

102 1867 152 1916 alii.
170 1869 245 1912 Totus
261 1881 340 1912 versus
359 1865 440 1911 deerat
458 1863 528 1910 Goth.
553 1879 589 1924 pr.
604 1887 635 1897 —
653 1861 706 1918 458.
724 1861 755 1905 od
768 1860 854 1908 vsinrittit
872 1852 992 1917 Eugraph..
1009 1853 1034 1896 in
1049 1847 1170 1894 Eunuch.‘

102 1941 218 1992 Terent,
239 1949 294 1982 sane
312 1934 458 1996 elegantius;
479 1935 521 1980 sed
539 1935 632 1995 scriptis
650 1945 731 1978 contra
750 1929 899 1981 dicentibus;
918 1936 1003 1988 praeter
1019 1919 1089 1966 Goth.
1105 1933 1158 1980 pr:
1236 1965 1241 1974 ⁸

103 2013 182 2057 Guiet.
200 2009 263 2068 conj.
274 2007 354 2052 Evado
366 2005 407 2051 bac
423 2023 442 2052 s.
453 2006 493 2070 f.,
511 2005 575 2069 quod
590 2016 612 2049 et
626 2006 719 2049 Servius
731 1999 833 2064 supplet.
851 1999 902 2044 inde
912 1999 988 2058 Sprot.
1001 2019 1033 2029 -
1044 1991 1097 2052 459.
1106 1992 1157 2052 jac-

102 2082 183 2128 tabant
193 2081 292 2143 undique
304 2081 417 2142 Excerpta
427 2081 554 2142 Burmann.
566 2079 646 2121 inertia
658 2093 671 2120 a
685 2091 717 2120 m.
731 2091 767 2136 pr.
781 2073 862 2134 fragm.
875 2071 950 2114 Vatia.
961 2092 991 2103 -
1000 2064 1053 2121 460.
1075 2071 1160 2106 turrem

103 2156 206 2200 Carisius
224 2151 266 2197 lib.
285 2153 297 2196 l
313 2152 370 2196 lust.
390 2152 491 2196 Gramm.
511 2150 623 2210 agnoscit.
640 2149 669 2192 At
685 2145 775 2191 Gellius
789 2145 855 2197 xut,
878 2156 905 2203 19
920 2137 1041 2184 Valerium
1057 2132 1160 2178 Probum

103 2227 187 2280 ¹turrim
201 2222 285 2284 legisse
298 2223 361 2268 testis
373 2233 422 2276 est;
435 2236 479 2273 nee
488 2219 558 2265 aliter
569 2220 658 2279 scripti.
670 2216 719 2260 vid.
732 2217 847 2269 Pierium,
864 2213 944 2256 lleins.
961 2220 984 2254 et
999 2203 1091 2268 Erytbr.
1107 2200 1159 2246 lad.

103 2293 129 2340 b.
147 2312 169 2341 v.
185 2320 218 2329 —
234 2292 288 2349 461.
308 2291 359 2336 inde
375 2293 452 2352 Sprot.
470 2315 502 2325 -
517 2287 572 2354 4627
594 2285 695 2340 Achaia,
711 2285 785 2330 forma
805 2294 881 2345 poetae
900 2278 1057 2329 solleuuiore‚
1080 2273 1159 2316 Heius.

104 2380 196 2412 tantum
217 2368 243 2410 in
262 2362 434 2410 recentioribus
452 2372 589 2423 repererat3
603 2371 626 2404 at
647 2355 813 2404 accedentibus
832 2355 914 2398 Fraus.
929 2351 1037 2394 Wittian.
1054 2341 1160 2423 Parrbas.

104 2437 142 2484 ed.
154 2437 216 2481 Ven.
232 2447 255 2480 et
266 2432 379 2488 Dorvill.,
398 2433 485 2496 quibus
500 2429 603 2476 addendi
617 2426 727 2474 nonnulli
744 2425 814 2471 codd.
829 2424 912 2477 Pierii,
926 2431 950 2485 et
964 2419 1040 2481 primo
1056 2427 1162 2458 omnium

103 2507 159 2554 loco
176 2508 257 2569 fragm.
276 2507 351 2551 Vatic.
370 2521 394 2566 p.
418 2519 474 2566 171,
491 2504 597 2565 reposuit
615 2502 770 2545 Burmannus.
784 2495 862 2558 Vulgo
878 2491 986 2540 Achaica.
997 2489 1070 2533 Totus
1082 2498 1162 2529 versus

102 2579 188 2628 ,deerat
198 2577 269 2623 Goth.
280 2589 333 2623 tert.
343 2601 374 2611 -
383 2575 436 2633 463.
454 2578 540 2620 circum
550 2573 617 2636 ferro
633 2570 738 2617 Parrlras.
756 2583 808 2633 quta
818 2566 879 2611 Gud.
890 2583 902 2610 a
914 2581 944 2610 m.
956 2579 991 2625 pr.
1004 2557 1101 2604 labentes
1114 2554 1162 2599 duo

104 2651 186 2694 Burm.
196 2663 249 2693 cum
261 2647 324 2692 binis
333 2645 404 2690 Goth.
413 2671 446 2682 -
454 2643 508 2701 464.
523 2647 574 2689 imis
583 2645 676 2705 Hagen.
688 2656 732 2703 pro
742 2656 790 2686 var.
801 2637 868 2693 lect,
881 2653 908 2682 ex
918 2630 1120 2694 interpretatione.
1134 2625 1163 2668 ln

104 2800 203 2851 domus
211 2811 354 2871 pugnatur.
363 2798 498 2869 lllaporta
507 2798 610 2868 postica

106 2895 169 2931 cum
192 2893 304 2943 ornatu,
322 2896 401 2948 quem
420 2891 474 2929 tam
493 2878 610 2949 vulgaris

106 2977 150 3010 res
169 2959 213 3008 vix
233 2957 375 3010 videbatur
395 2976 491 3028 capere
514 2975 610 3028 posse,

105 3038 264 3110 designatur
281 3055 330 3108 per
352 3050 467 3108 quatuor
486 3036 612 3089 determi-

106 3119 232 3180 nationes
242 3141 248 3168 :
259 3130 298 3170 est
311 3116 408 3182 limen,
419 3129 481 3168 sunt
493 3133 574 3179 coecoe,
582 3115 610 3166 h.

107 3217 132 3249 e.
148 3200 246 3269 ignotae
258 3198 317 3249 aliis
330 3216 380 3250 nec
397 3199 505 3268 cognitu
518 3195 612 3246 faciles

106 3290 136 3330 et
148 3277 248 3343 obvia,
255 3276 479 3348 fores-peruius
491 3293 550 3326 usus
562 3285 614 3344 tec·

106 3369 196 3408 torum
210 3357 314 3408 Priami
333 3357 402 3407 inter
419 3375 459 3420 se,
472 3355 499 3406 b.
513 3374 535 3405 e.
558 3371 612 3425 qua

106 3455 261 3489 commeare
271 3449 297 3488 et
307 3454 450 3488 convenire
458 3453 485 3486 se
498 3453 612 3485 invicem

106 3516 251 3569 commode
263 3527 405 3587 poterant,
418 3515 465 3584 qui
477 3512 613 3564 inhabita-

105 3594 177 3648 bant
193 3595 345 3668 regiam3h.
367 3614 389 3647 e.
412 3593 517 3646 familia
540 3593 613 3664 regia

107 3696 158 3748 per
171 3676 262 3747 plures
275 3677 421 3740 domos,ut
432 3673 504 3745 apud
517 3675 614 3724 Home·

107 3776 170 3810 rum
182 3768 235 3821 est,
248 3756 290 3807 vel
302 3757 396 3826 palatii
408 3768 497 3826 partes
511 3753 613 3823 disper-

108 3855 148 3888 sa.
160 3846 245 3906 postes
255 3833 340 3886 relicti
348 3855 365 3886 a
375 3843 444 3908 teryo
454 3872 463 3900 ,
473 3833 500 3886 h.
515 3854 537 3886 e.
550 3851 613 3904 por·

108 3931 153 3981 ta,
174 3934 233 3987 quae
255 3934 270 3966 a
293 3928 369 3987 tergo
388 3927 464 3982 erat,
488 3916 615 3985 opposita

109 3999 165 4062 illi,
182 4014 241 4067 quae
259 4008 298 4048 est
317 3997 345 4046 iu
357 3996 451 4048 aedium
463 3997 561 4062 fronte.
581 3993 617 4046 ad

110 4095 225 4143 soceros,
237 4077 371 4132 Priamum
382 4088 409 4132 et
420 4077 558 4132 Hecubam
567 4105 616 4144 ,-

659 2791 794 2855 trahebat,
821 2784 1054 2842 accommodatum
1077 2777 1164 2830 brevi·

658 2873 710 2923 bus
723 2871 799 2941 pueri
810 2868 960 2941 gressibus3
973 2879 1023 2933 pro
1037 2855 1162 2909 ducebat.

660 2953 702 3004 Sic
712 2971 771 3022 sup,
784 2970 809 3001 v.
832 2949 884 2999 320
897 2957 1064 3016 parvamque
1084 2954 1165 3006 nepo-

661 3021 712 3083 tern
736 3035 795 3102 Ipse
816 3028 906 3080 trabit.
929 3023 1030 3084 evado,
1052 3037 1088 3068 sc.
1111 3015 1165 3066 hac

661 3123 741 3183 porta
759 3113 893 3180 ingressus
918 3104 1027 3174 regiam.
1049 3126 1083 3135 -
1102 3095 1162 3160 458,

662 3191 753 3244 Evado
767 3191 802 3241 ad
813 3185 910 3240 summi
916 3179 1029 3254 fastigia
1042 3173 1166 3228 culminis

663 3273 724 3339 441.
735 3271 795 3336 445.
805 3268 902 3320 tectiin
913 3267 971 3335 ipso
985 3260 1079 3311 domus
1090 3254 1165 3306 aditu

665 3372 695 3406 ac
708 3349 820 3401 foribus.

698 3430 855 3499 460-467.
870 3429 903 3478 In
911 3421 1059 3498 precipiti,
1071 3419 1165 3470 turrim
1211 3429 1214 3436 '

662 3515 689 3569 in
702 3510 815 3562 editiore
829 3509 889 3559 loco
900 3506 1030 3576 positam,
1043 3498 1167 3551 eandem-

664 3609 716 3663 que
738 3589 907 3652 altissimam,
929 3585 1013 3646 hanc,
1036 3581 1091 3630 sive
1108 3578 1166 3646 ipse

664 3670 858 3734 adscenderat,
872 3681 897 3719 et
910 3664 1016 3730 culmen
1026 3662 1053 3711 in
1062 3659 1166 3711 hostsm

663 3753 765 3822 dejicit,
778 3753 832 3802 sive
841 3769 855 3801 e
864 3749 957 3799 vicinis
965 3744 1043 3805 locis,
1053 3753 1082 3790 ut
1092 3737 1169 3808 equi-

663 3833 724 3884 dem
735 3831 866 3894 arbitros,
877 3827 971 3880 ferreis
981 3823 1057 3873 uncis
1067 3831 1093 3870 et
1105 3835 1168 3868 con-

663 3915 697 3964 tis
706 3924 860 3983 quassatam
871 3921 897 3960 et
907 3905 1098 3958 labefactatam
1107 3893 1170 3953 altis

665 3993 779 4056 sedibus,
802 4011 816 4042 e
837 3983 1035 4044 fundamentis,
1061 3975 1169 4029 tandem

666 4077 694 4126 in
711 4060 864 4125 obsidentes
877 4065 1014 4136 dejiciunt.
1032 4077 1086 4130 qua
1099 4075 1171 4110 sam-
