2656 4592
230 331 292 412 482
477 325 511 388 P.
536 319 1025 386 v1usrnnunnnn1s

229 456 317 518 Hinc
329 448 458 515 deserta
470 447 523 512 siti
535 446 641 533 regio,
654 444 786 532 lateque
799 444 948 508 furentes

229 558 360 626 Barcaei.
373 553 462 636 Quid
473 552 562 618 bella
572 553 662 640 Tyro
674 550 841 637 surgentia
852 547 977 631 dicam,

230 663 453 750 Germanique
465 658 591 724 minas?

229 772 288 836 Dis
301 765 457 858 equidem
469 761 658 851 auspicibus
671 784 747 826 reor
759 777 792 826 et
803 763 937 826 Junone
949 760 1101 829 secunda
1253 779 1276 835 ts»

229 878 329 940 Hunc
341 895 476 939 cursum
488 870 602 936 Iliacas
614 885 715 933 vento
727 868 874 934 tenuisse
886 868 1024 936 carinas.

155 1031 158 1037 -
228 983 336 1065 Quam
348 996 385 1044 tu
398 977 530 1057 urbem,
544 999 652 1055 soror,
666 975 752 1040 hanc
763 978 894 1040 cernes!
908 997 983 1064 quae
995 997 1139 1064 surgere
1152 999 1248 1066 regna

229 1087 392 1176 Conjugio
405 1085 477 1149 tali!
491 1085 660 1148 Teucrum
672 1081 907 1146 comitantibus
919 1082 1034 1161 umis,

229 1195 353 1258 Punica
365 1214 399 1256 se
413 1190 544 1278 quamis
555 1186 694 1252 adtollet
705 1187 809 1276 gloria
821 1186 936 1252 rebus!

228 1302 283 1364 Tu
295 1296 396 1362 modo
408 1315 508 1384 posce
522 1292 602 1358 deos
615 1295 761 1374 veniam,
776 1293 942 1382 sacrisque
955 1283 1057 1359 litatis
1251 1309 1273 1354 50

229 1404 370 1491 Indulge
382 1401 542 1488 hospitio,
556 1421 754 1492 caussasque
767 1400 897 1465 innecte
909 1398 1083 1466 morandi:

226 1584 245 1632 5.
261 1579 399 1628 numinum
406 1585 508 1641 postem,
520 1578 562 1640 qui
570 1575 670 1639 infimos
681 1576 772 1622 ditem
782 1576 902 1622 Nomas.
913 1575 986 1634 Quod
992 1574 1053 1622 Silio
1062 1575 1086 1631 1,
1099 1579 1147 1624 215
1162 1577 1273 1632 Nuntiet,

226 1669 282 1717 qens
299 1654 368 1702 naseu
380 1647 452 1711 frere.
464 1643 506 1694 ubi
519 1664 542 1692 v.
554 1647 632 1708 intpp.
644 1671 676 1682 ·-
685 1645 724 1702 it.
739 1649 787 1693 sitit
796 1645 868 1692 wau.
879 1657 903 1692 et
916 1646 998 1692 lienb-
1009 1661 1046 1706 pr.
1060 1661 1073 1691 a
1087 1661 1121 1691 rn.
1131 1663 1179 1694 sec.
1187 1648 1273 1710 fiemus

227 1737 275 1770 tres
284 1725 377 1777 Heius„
388 1734 415 1768 ut
422 1723 547 1783 jungitur,
562 1716 651 1782 lateque
653 1719 757 1782 serentis
766 1718 855 1764 &reci
861 1717 918 1782 quid
925 1716 997 1773 bella,
1007 1717 1050 1763 sed
1060 1719 1143 1764 minus
1152 1719 1219 1765 bene.
1229 1718 1273 1763 inu·

227 1811 271 1860 que
281 1803 387 1859 vagantes
397 1803 499 1855 quatuor
509 1791 635 1836 Burmann.
646 1803 670 1836 et
682 1793 715 1838 sic
727 1788 808 1836 iaudat
817 1789 988 1853 ffieronynus:
1001 1805 1033 1836 sc.
1043 1805 1073 1835 ex
1080 1792 1273 1852 niterpretatione.

220 1867 259 1907 ’ν-
270 1866 308 1922 43.
322 1863 435 1918 Bmchoei,
446 1860 560 1916 samus,
576 1859 683 1917 Burchei,
694 1860 789 1916 Bashei,
804 1861 921 1908 scribitur.
933 1885 966 1897 -
976 1859 1015 1917 45.
1027 1865 1140 1923 auspiciis
1148 1862 1242 1908 Doruill.
1250 1885 1274 1898 -

227 1937 266 1994 46.
286 1937 339 1984 Huc
354 1935 433 1997 vulgp
448 1936 517 1982 Hunc
533 1932 620 1980 Medic.
633 1949 687 1979 cum
699 1933 843 1996 potioribus,
860 1948 904 1979 nee
921 1948 970 1978 non
981 1935 1015 1980 sie
1029 1935 1154 1981 Romanus
1169 1951 1223 1980 cun
1235 1933 1276 1979 alin

227 2009 290 2058 Pier.
303 2019 327 2054 et
337 2006 460 2068 fragment.
470 2004 546 2054 Vatis.
558 2005 586 2050 Et
595 2003 704 2050 codicum
714 2005 848 2050 emunitati
861 2015 942 2066 putem
954 2005 979 2049 in
993 2003 1082 2050 talibus
1096 2019 1150 2051 esre
1164 2004 1276 2058 eunden,

228 2080 272 2125 etsi
282 2076 415 2125 stulterum
426 2089 489 2123 recte
499 2076 598 2131 dicitur,
612 2087 639 2122 ut
649 2074 690 2120 lib.
703 2077 726 2132 1,
745 2075 789 2132 534
808 2076 861 2122 Huc
874 2089 955 2120 emus
964 2074 1022 2137 suit
1041 2077 1098 2122 Huc
1108 2079 1183 2122 etiarn
1195 2078 1277 2122 Sento

227 2151 403 2210 interpretatur.
413 2170 444 2182 -
452 2144 491 2207 47.
505 2145 620 2203 Quantam
629 2145 708 2190 niuem
719 2161 755 2208 pr.
766 2145 849 2192 Hemb.
860 2161 914 2190 am.
924 2160 970 2192 tec.
984 2157 1009 2190 et
1019 2162 1033 2190 a
1044 2161 1082 2206 pr.
1092 2147 1163 2191 Leid.
1175 2171 1208 2183 -
1215 2147 1250 2203 48.
1259 2155 1277 2190 et

226 2223 257 2264 ·T.
270 2218 367 2266 norvilt.
378 2242 410 2254 -
419 2218 457 2280 49.
467 2216 550 2264 attollit
558 2216 596 2266 vel
604 2216 694 2274 adtollit
703 2229 758 2264 tres.
768 2241 800 2254 ·-
810 2219 847 2264 5ο.
855 2217 923 2263 mm
932 2215 1013 2278 plures
1022 2217 1144 2274 Pieriani;
1155 2219 1198 2265 sed
1207 2233 1276 2266 omues

226 2290 353 2335 Burmann.
363 2287 424 2334 deos.
433 2305 465 2324 -e
474 2288 511 2332 5ι.
526 2302 673 2350 romanique
690 2287 772 2334 Hamb.
782 2304 819 2350 pr.
836 2289 864 2332 D.
882 2286 919 2332 etl.
933 2287 999 2332 Junt.

227 2441 343 2514 Syrtium
356 2440 470 2494 accolas.
481 2459 541 2512 sup.
554 2441 582 2503 1,
596 2439 657 2509 539.
678 2439 729 2507 540
778 2441 873 2512 pitiarn
890 2433 1027 2504 noriiinat‚
1050 2441 1107 2492 sive
1128 2445 1195 2513 quia
1218 2444 1276 2494 inter

222 2519 293 2592 fines
317 2520 410 2590 Libyci
427 2557 436 2584 ‚
457 2538 541 2591 penus
565 2516 731 2572 intractabile
779 2519 914 2590 principes
934 2517 999 2571 deos
1021 2517 1277 2591 (hrthaginicnsiun

227 2597 305 2650 bello.
319 2597 677 2661 desertasiti,inhabitabiiis
689 2615 730 2650 ra·
778 2611 837 2650 erat
851 2619 856 2650 =
874 2599 909 2650 cf.
923 2616 982 2669 sup.
996 2596 1031 2649 ad
1043 2599 1074 2662 1,
1091 2598 1124 2650 15
1140 2612 1170 2651 et
1187 2618 1246 2651 mox
1256 2617 1274 2650 v.
1310 2663 1311 2672 ἵ

227 2679 309 2729 ritate
317 2693 402 2746 aquae.
415 2675 487 2728 Serv.
498 2674 633 2746 Significat
641 2689 730 2728 autem
780 2675 828 2746 593
839 2679 893 2730 sive
906 2678 970 2748 quie
978 2679 1112 2749 conjugiis
1125 2679 1176 2732 illa
1182 2692 1274 2751 preest

228 2755 325 2819 Anna,
350 2772 366 2806 a
388 2752 463 2818 nulla
483 2766 561 2824 parte
586 2755 731 2824 quiequam
780 2756 904 2826 49-55.
925 2758 1033 2829 quantis
1052 2758 1149 2824 mbas,
1173 2762 1276 2832 opibus,

229 2835 321 2888 auxilii
347 2853 378 2886 nc
404 2833 521 2905 presidii
541 2835 628 2886 Poeuis
651 2827 1275 2910 posse''potentia.M01deosveniamposce
1310 2891 1311 2896 ,

229 2913 592 2986 sperariBarcoet'aRarce,
605 2913 730 2986 Cyrenai·
781 2934 825 2982 re,
838 2934 883 2970 eos
903 2915 1013 2987 placare
1032 2917 1275 2988 acpropitiosred·
1310 2901 1311 2969 i

227 3015 265 3050 cae
279 2995 360 3062 urbe,
372 3013 421 3065 per
434 2995 571 3066 prolepsin
586 2993 631 3046 hic
642 2995 730 3048 norni-
779 2993 843 3046 dere
853 2994 942 3065 juben
962 3012 1087 3046 caussam
1103 2997 1134 3048 in
1157 2997 1211 3050 illis
1223 3015 1273 3066 ις,

227 3078 300 3138 nuti3
322 3093 386 3126 nam
406 3074 491 3126 multo
521 3074 634 3126 seriores
654 3075 730 3128 fuere
780 3089 958 3146 quormque
968 3091 1011 3126 me
1025 3073 1161 3126 insomnia
1174 3088 1274 3136 temne

228 3155 303 3208 urbis
316 3154 446 3226 origines,
459 3154 559 3224 quippe
572 3171 588 3203 a
599 3153 669 3204 Batti
681 3151 728 3204 de-
777 3151 816 3206 ad
826 3153 961 3226 expianda
972 3153 1077 3206 scilicet
1088 3155 1275 3210 insomniorum

227 3253 303 3288 snum
314 3232 457 3304 nepotibus
471 3232 592 3286 condite.
606 3250 630 3282 v.
641 3234 728 3284 Hero·
777 3236 883 3294 omina,
893 3231 1079 3301 sacrificatis,
1089 3237 1276 3290 novehocdic-

228 3313 284 3366 dot.
298 3315 343 3380 lv,
356 3313 419 3376 160,
429 3325 455 3364 et
463 3312 500 3364 ibi
507 3324 563 3362 not.
574 3309 627 3364 late
633 3311 729 3382 furen-
778 3326 835 3364 tum
847 3313 924 3382 (unm
941 3314 1053 3383 proprie
1066 3313 1164 3366 litatur
1175 3317 1227 3368 diis
1238 3335 1277 3387 per

194 3391 200 3400 '
227 3403 264 3446 tes
286 3394 395 3446 Bamoei.
414 3393 571 3446 Insederaut
589 3412 652 3465 ergo
673 3395 729 3461 jam
778 3411 856 3445 sacru
878 3411 898 3444 s.
923 3394 1022 3457 raons,
1042 3394 1195 3468 ¹victimis),
1215 3394 1277 3468 quod

229 3484 286 3523 tum
297 3470 345 3524 has
356 3483 439 3524 terras
449 3471 558 3526 barbari
569 3471 674 3541 ferique
683 3491 731 3542 po-
778 3471 884 3526 Servius
897 3473 977 3526 etiam
996 3484 1090 3539 notat,
1113 3474 1164 3528 sed
1183 3476 1278 3548 Virgilii
1308 3537 1309 3546 ἵ

228 3550 287 3620 puli
299 3550 352 3601 late
364 3563 501 3622 vagantes.
513 3549 618 3602 Servius
630 3572 636 3601 ι
658 3552 729 3621 «Hi,
780 3553 901 3624 exemplo
912 3566 938 3605 et
951 3551 997 3605 alii
1008 3552 1101 3606 dixere
1117 3551 1201 3607 litare
1212 3555 1277 3608 virti-

228 3628 376 3682 secundum
387 3630 523 3682 Titianum
535 3630 563 3682 iu
579 3624 731 3700 Choro'gra-
780 3651 843 3684 mas.
856 3631 938 3684 -50.
953 3630 1065 3704 indulqe
1077 3631 1214 3704 hospitio,
1225 3635 1277 3687 hos·

227 3707 377 3780 phia(quas
392 3708 456 3760 Julii
475 3708 587 3760 Houorii
606 3707 727 3762 Oratoris
777 3712 917 3783 pinnati,
937 3710 1137 3765 benevolentiae
1147 3715 1180 3766 in
1198 3715 1277 3785 hospi·

225 3790 293 3861 fuit)
309 3787 461 3840 Phoenicem
481 3785 571 3839 navali
591 3785 728 3857 quondam
775 3803 847 3858 tem,
860 3791 895 3844 da
907 3809 1018 3862 operam
1036 3791 1142 3863 hospiti
1153 3793 1277 3848 benevole

226 3870 314 3922 vicere
332 3866 508 3918 certamine.»
531 3864 657 3916 Germani
675 3865 727 3919 mi·
774 3868 910 3923 habendo.
924 3871 1024 3922 Versus
1046 3868 1089 3923 52.
1115 3871 1150 3927 53
1170 3875 1276 3926 adten-

227 3965 283 4002 ηας.
297 3949 331 4000 cf.
342 3948 368 4012 1,
382 3945 429 3998 351
445 3963 485 4016 sq.
775 3962 906 4022 pestatem
925 3961 1063 4020 spectare,
1080 3954 1220 4006 monitum
1236 3951 1275 4005 sub

263 4026 306 4092 45.
321 4028 453 4082 iunonem
474 4025 641 4099 potissimum
663 4043 737 4100 pro·
775 4030 795 4086 f.
807 4028 928 4084 Exscurs.
941 4029 964 4084 11
981 4027 1017 4084 ad
1029 4029 1079 4085 lib.
1091 4029 1140 4086 111.
1161 4031 1275 4094 desevit,
