2718 4598
253 292 316 374 304
457 263 460 272 '
617 283 921 356 excursust

285 419 342 468 Etsi
354 425 442 468 autem
456 428 516 466 cum
528 421 678 486 temporum
695 413 809 466 decursu
824 415 857 468 ab
874 415 991 486 antiquis
1007 413 1060 468 illis
1079 415 1159 468 rebus
1173 410 1294 490 mytldcis

194 547 197 553 .
253 497 287 551 ad
297 498 425 549 seriorum
437 505 587 564 temporum
603 509 645 544 res
658 505 683 544 et
700 511 776 544 casus
793 493 928 556 historiar,
948 492 1142 565 procederent,
1162 509 1254 549 tamen
1272 511 1296 549 et

251 579 388 647 aequiores
400 573 542 641 scriptores
552 571 586 623 ab
596 572 792 642 antiquioribus
805 573 958 626 Graecorum
970 573 1050 625 rebus
1060 577 1115 625 orsi
1126 575 1230 626 bellum
1242 578 1295 627 fere

250 659 410 726 Trojanum,
432 654 558 722 quoniam
575 651 609 703 ab
625 669 656 704 eo
676 651 738 704 inde
758 665 876 725 tempore
896 655 1016 724 civitates
1033 672 1064 705 ac
1088 673 1171 726 regna
1190 655 1294 706 Graeciae

251 739 305 787 sive
325 734 360 786 ad
388 743 487 784 certam
510 732 623 782 formam
646 732 753 783 fuerant
785 732 941 804 descripta,
965 735 1019 784 sive
1038 735 1190 794 futurarum
1216 753 1294 805 opum

251 816 339 885 prima
363 813 438 864 initia
466 822 609 880 ceperant,
628 812 656 860 in
676 811 810 882 principio
833 829 944 882 operum
960 831 1070 863 suonam
1085 811 1166 863 modo
1188 813 1292 864 brevius

249 895 331 948 modo
352 895 486 964 copiosius
505 890 677 960 repetebant;
696 891 768 962 quod
787 910 836 944 nec
858 891 1022 963 Thucydides
1040 894 1130 944 lacere
1152 895 1290 944 recusavit.

252 975 286 1026 Et
305 977 333 1026 iu
355 973 442 1038 hunc,
464 982 547 1041 puto,
572 989 680 1022 censum
698 973 810 1022 veniunt
830 972 951 1024 nonnulli
971 975 1134 1043 scriptores,
1156 975 1204 1042 qui
1227 975 1292 1023 Tro·

248 1057 326 1124 jonas
358 1072 399 1106 res
424 1052 610 1124 perscripsisse
639 1051 784 1114 dicuntur;
809 1069 876 1124 quos
906 1055 934 1104 in
962 1067 1117 1106 transcursu
1147 1052 1230 1104 modo
1251 1072 1292 1105 eas

250 1134 344 1188 leviter
374 1135 491 1204 attigisse
514 1131 718 1185 existimandum
736 1144 784 1184 est.
804 1134 844 1184 lta
868 1133 940 1204 apud
960 1135 1069 1206 Dionys.
1093 1134 1180 1186 Halic.
1208 1135 1240 1198 l,
1262 1134 1292 1199 48

249 1215 410 1266 Menecrates
419 1211 552 1264 Xanthius
565 1210 705 1262 historiam
715 1211 748 1262 ab
761 1211 872 1264 Achillis
884 1214 978 1265 funere
988 1215 1141 1284 auspicatus
1154 1225 1292 1276 narratur,

250 1297 359 1349 exordio
377 1313 484 1366 quoque
505 1294 567 1345 libri
589 1292 723 1362 subjecto;
740 1311 793 1364 quo
813 1305 902 1346 tamen
921 1296 1072 1346 summatim
1093 1306 1217 1358 tantum,
1237 1313 1293 1345 cum

249 1375 284 1429 ad
303 1377 386 1447 Lyciae
403 1392 444 1426 res
463 1370 507 1442 (cri
528 1369 647 1441 hostensi)
667 1372 838 1443 exponendas
861 1373 905 1426 ille
919 1386 1096 1444 properaret,
1108 1375 1240 1442 Trojanas
1254 1390 1292 1424 res

247 1457 401 1526 perstrictus
414 1455 495 1504 luisse
509 1451 617 1504 credere
629 1451 700 1503 licet.
716 1453 804 1504 Etiam
818 1451 1001 1518 Callisthenes,
1012 1455 1086 1522 cujus
1102 1454 1199 1503 Groecoe
1207 1451 1293 1503 Histo-

247 1537 294 1588 rioe
308 1535 371 1586 olim
390 1533 530 1586 celebratae
546 1533 668 1596 luerunt,
681 1531 715 1582 ab
737 1551 807 1584 anno
827 1535 901 1604 pacis
914 1532 1061 1591 Antalcidae
1078 1533 1120 1584 Ol.
1139 1533 1262 1598 XCVIII,
1277 1549 1290 1582 a

247 1615 385 1678 deductae,
398 1610 507 1683 quando
520 1611 553 1663 de
565 1611 647 1680 Troja
658 1625 739 1683 capta
749 1615 833 1683 egisse
846 1624 1009 1664 memoratur
1020 1611 1056 1681 (v.
1069 1611 1157 1662 Schol.
1173 1609 1291 1680 Euripid.

246 1697 306 1746 Vet.
321 1692 393 1764 apud
405 1692 492 1742 Ursin.
507 1689 542 1742 ad
554 1692 626 1762 Virg.
640 1692 663 1740 ΙΙ
675 1693 734 1742 AEn.
750 1691 800 1744 255
813 1703 839 1743 et
851 1691 1027 1762 interpolatus
1038 1689 1072 1742 ab
1085 1709 1117 1742 eo
1130 1689 1207 1740 locus
1219 1688 1291 1738 Iliad.

246 1775 271 1834 β.
289 1785 351 1845 post
369 1791 407 1823 vs.
431 1770 491 1824 855.
511 1783 674 1822 memoratus
695 1785 735 1822 est
753 1792 770 1823 a
785 1772 872 1824 Strab.
885 1773 950 1839 Xll,
966 1791 993 1843 p.
1009 1771 1081 1841 817.)
1094 1772 1182 1842 primo
1202 1771 1293 1822 saltem

245 1855 397 1908 Graecarum
408 1854 585 1904 Historiarum
598 1852 668 1905 libro
680 1853 810 1922 Trojanas
822 1871 864 1905 res
876 1855 1027 1906 summatim
1039 1870 1162 1902 narrasse
1172 1851 1290 1903 videtur:

246 1936 296 1986 ctsi
306 1971 314 2000 ,
326 1934 378 1985 hoc
391 1935 429 1984 ita
446 1934 564 1996 factum,
581 1943 611 1981 ut
625 1945 777 2002 separatum
793 1932 903 2003 aliquod
918 1950 985 2004 opus
997 1930 1132 2002 particula
1141 1931 1190 1982 illa
1201 1931 1293 1983 haberi

246 2029 351 2090 posset,
371 2015 503 2084 suspicari
519 2015 606 2082 possis
625 2032 657 2064 ex
675 2012 760 2065 Cicer.
773 2015 797 2063 V
810 2013 844 2065 ad
856 2015 913 2064 niv.
936 2030 975 2065 12.

280 2094 347 2146 Cum
359 2093 393 2146 ab
411 2092 453 2143 his
466 2091 660 2162 scriptoribus,
681 2095 781 2162 quires
797 2093 840 2145 vel
854 2095 983 2145 universa
994 2091 1124 2159 Gracia,
1145 2091 1189 2143 vel
1206 2093 1294 2162 singu·
1345 2143 1346 2152 ,

243 2173 336 2225 larum·
356 2173 494 2224 civitatum
524 2172 643 2240 certique
667 2173 794 2243 temporis
820 2184 1002 2243 exponerent,
1030 2183 1119 2223 tamen
1148 2171 1294 2241 Trojanum
1345 2161 1346 2253 i

242 2253 344 2305 bellum
361 2271 416 2303 non
434 2251 514 2322 plane
534 2242 798 2321 praetermitteretur:
821 2249 878 2304 fieri
895 2251 925 2303 id
946 2252 1029 2304 multo
1050 2253 1135 2323 magis
1148 2251 1243 2303 debuit
1261 2252 1292 2303 ab

242 2333 294 2396 iis,
308 2332 353 2400 qui
366 2331 542 2382 Historiarum
553 2341 695 2400 systemata
713 2331 877 2398 conderent,
891 2335 920 2382 u't
933 2350 974 2383 res
987 2331 1116 2400 Trojanas
1129 2334 1292 2401 omninoque

244 2423 331 2464 totum
349 2406 452 2480 cyclum
470 2406 617 2478 mythicum
630 2409 755 2478 operibus
770 2412 824 2460 suis
841 2412 989 2462 intexerent
1006 2422 1051 2462 aut
1063 2409 1239 2481 praefigerent.
1262 2411 1293 2460 Et

242 2490 296 2542 hoc
314 2491 415 2542 factum
431 2487 505 2540 vides
528 2506 544 2539 a
557 2487 673 2539 Diodoro
686 2489 776 2541 Siculo
794 2493 822 2542 in
841 2490 915 2542 libris
930 2493 1047 2562 quinque
1068 2491 1225 2561 prioribus,
1248 2490 1293 2560 qui

242 2581 347 2631 extant,
360 2569 388 2618 in
401 2566 497 2637 quibus
513 2583 574 2617 eum
587 2568 744 2640 Dionysium
757 2571 869 2621 maxime
879 2569 1013 2620 Milesium
1023 2587 1105 2639 supra
1115 2583 1292 2622 memoratum

242 2647 412 2720 exscripsisse
427 2647 556 2717 suspicor.
579 2647 614 2697 cf.
635 2647 682 2698 lib.
704 2649 754 2715 ΙΙΙ,
775 2647 807 2700 52
819 2687 827 2715 ,
839 2648 886 2698 ubi
900 2667 925 2698 v.
947 2649 1059 2700 Wessel.
1077 2645 1116 2720 (t)
1136 2649 1213 2700 Idem
1233 2663 1291 2701 ante

242 2746 304 2779 eum
316 2727 350 2779 ab
362 2725 528 2777 Anaximene
537 2727 713 2798 Lampsaceno
735 2729 854 2794 lactum,
873 2730 919 2798 qui
930 2729 1074 2794 Alexandri
1087 2741 1210 2800 tempore
1229 2732 1291 2782 vixit

241 2820 269 2860 et
285 2808 319 2859 ab
332 2809 520 2876 antiquissimis
541 2808 648 2860 Graeciae
669 2808 748 2860 rebus
769 2805 833 2878 (iai
856 2809 978 2875 &sunniae
998 2808 1038 2860 sai
1062 2807 1114 2860 a'eri
1134 2812 1179 2860 aad
1199 2808 1290 2878 aprinae

240 2883 317 2951 pireus
326 2886 371 2937 cair
390 2880 625 2956 ulsbpu'arurivssts
639 2882 696 2952 (nair
707 2884 801 2955 aprinae
813 2885 912 2956 inopiae
928 2889 970 2940 vel
981 2884 1020 2940 riis
1033 2885 1122 2955 apuleus
1139 2891 1185 2942 noir
1196 2889 1292 2941 ‘misrr-

239 2963 300 3032 aas)
318 2963 458 3014 historiam
482 2981 566 3034 usque
594 2963 628 3015 ad
651 2984 769 3036 pugnam
792 2963 1004 3023 Mantineensem
1032 2980 1212 3037 pertexuerat.
1238 2969 1289 3019 vid.

240 3042 344 3094 Diodor
359 3044 416 3109 XV,
431 3044 464 3112 89
478 3056 504 3094 et
515 3045 592 3095 Voss.
606 3043 639 3098 de
654 3046 720 3096 Hist.
734 3046 779 3096 Gr.
792 3049 820 3110 I,
835 3064 884 3113 10,
898 3067 947 3100 nec
960 3067 1013 3098 non
1026 3049 1054 3098 in
1070 3048 1194 3100 Pisandri
1212 3068 1289 3122 opere

240 3124 313 3174 infra
339 3120 485 3173 laudando.
508 3123 568 3174 Fuit
596 3140 704 3194 quoque
728 3128 843 3197 scriptor
862 3129 987 3197 antiquus
1005 3124 1172 3195 (remearis
1190 3125 1290 3184 arcuada

239 3200 302 3256 neira
316 3201 389 3273 apud
397 3203 505 3273 Dionys.
519 3202 604 3254 Helie.
615 3205 642 3267 Ι,
656 3221 688 3274 72
701 3243 710 3269 ,
722 3209 787 3271 etl,
800 3207 833 3276 49
847 3206 945 3275 dextris:
955 3206 994 3258 aui
1004 3205 1073 3272 tipus
1087 3207 1169 3281 οἱξίος)
1188 3210 1288 3281 Cepha-

241 3279 266 3338 lo
278 3280 430 3352 Gergithius
448 3299 494 3332 seu
511 3281 669 3354 Gergethius
689 3281 738 3351 (ecel
757 3283 866 3354 rlpqnda
880 3288 944 3338 urbs
967 3286 1107 3359 AEolidis),
1130 3290 1177 3358 qui
1202 3290 1291 3358 Tpainrl

239 3364 401 3431 scripserat:
416 3361 450 3411 cf.
462 3363 538 3412 Notae
549 3361 584 3414 ad
596 3364 721 3433 Apollod.
735 3385 761 3435 p.
777 3367 843 3436 740:
858 3368 977 3424 diversus
990 3367 1050 3433 ille,
1064 3370 1113 3418 etsi
1124 3368 1288 3439 obloquatur

238 3441 292 3492 Leo
313 3438 426 3490 Allatius
445 3438 478 3490 de
497 3444 585 3512 patria
606 3445 714 3494 Homeri
733 3465 756 3496 c.
778 3463 801 3510 1,
819 3466 835 3498 a
854 3445 1014 3518 Cephalione
1033 3447 1075 3498 vel
1098 3447 1288 3518 Cephaloeone‚

238 3521 314 3588 qu'us
325 3516 433 3581 σύντομος
445 3514 552 3596 iacopsair
565 3521 616 3572 fuit
636 3522 773 3574 Musarum
789 3528 896 3577 nomine
909 3529 1068 3597 inscriptus,
1090 3545 1132 3577 res
1145 3545 1160 3577 a
1172 3528 1243 3578 Nino
1255 3529 1288 3580 ad

236 3663 316 3696 tamen
333 3649 377 3695 hac
393 3666 463 3713 opera
480 3668 517 3697 me
533 3667 582 3697 non
600 3654 644 3696 nisi
663 3652 736 3702 lineas
785 3676 839 3706 vera
849 3659 945 3705 historia
953 3655 1102 3705 conferendae
1109 3662 1226 3706 rationem
1236 3677 1288 3706 mu-

180 3763 182 3766 .
237 3723 329 3768 duxisse
341 3723 382 3777 iis,
395 3724 436 3784 qui
449 3724 473 3767 in
485 3722 534 3766 baee
550 3726 681 3770 accuratius
696 3728 735 3770 in·
784 3731 861 3774 nierat
876 3731 1001 3793 Dionysius
1015 3730 1120 3775 Milesius
1134 3731 1217 3792 paullo
1234 3743 1286 3776 ante
1343 3787 1344 3794 ¹

236 3795 330 3856 quirere
351 3791 453 3847 uellent,
474 3793 598 3837 obscurum
618 3809 667 3840 esse
687 3811 735 3842 nou
784 3800 1285 3862 memoratus;etipseHellanicusLesbius‚
1343 3813 1344 3840 t

236 3867 321 3926 potuit.
783 3873 825 3933 qui
845 3872 870 3914 in
889 3869 954 3916 libris
971 3887 1040 3933 supra
1059 3871 1160 3917 laudatis
1178 3873 1286 3938 mythice

196 3981 199 3994 ,
268 3937 301 3994 (ι)
313 3934 348 3978 Cl.
360 3931 585 3978 commentationem
593 3935 734 3996 paulloante
783 3943 910 3987 narrationi
929 3941 1036 3988 historias
1052 3942 1198 3990 subtexuisse
1218 3945 1286 3990 ride·

234 4005 359 4052 laudatam.
372 4003 439 4046 Viam
450 4001 479 4046 ad
491 3995 551 4050 hauc
562 4005 668 4068 mythice
681 4027 733 4058 rum
781 4023 828 4058 tur.
839 4012 868 4058 cf.
878 4014 974 4078 Dionys.
983 4014 1057 4062 Helio.
1068 4015 1089 4071 l,
1101 4015 1132 4071 48
1142 4031 1177 4076 pr.
