2718 4598
268 269 329 348 3³4
617 261 881 328 excursus
904 261 956 327 vr

266 409 330 444 nam
343 387 492 460 producto,
503 385 621 456 'quando
636 403 722 438 mores
739 389 794 456 ejus
814 387 891 438 simul
910 399 970 439 sunt
988 385 1163 458 exprimendi.
1183 387 1310 464 Virgilius
1338 427 1339 436 κ

266 489 331 522 vero
342 470 430 519 omnia
444 466 478 518 ad
495 479 622 518 terrorem
638 467 734 518 efferre
747 478 772 518 et
789 465 880 518 debuit
889 479 915 518 et
929 467 1020 518 voluit.
1034 465 1155 531 Scilicet,
1170 472 1249 538 quod
1258 475 1308 539 jam

267 550 321 602 alio
334 549 393 600 loco
405 545 556 617 (Antiquar.
570 544 779 618 Abbandlnuyen
791 548 814 596 ll
824 547 859 596 St.
876 548 946 617 pn),
959 550 1172 600 ammonitum
1185 564 1239 615 est,
1254 570 1307 602 cum

266 630 350 681 multa
360 627 490 679 subtiliter
498 639 525 677 et
537 637 613 678 acute
626 643 706 697 super
717 627 868 679 Laocoonte
878 627 1082 704 disputaremus,
1093 631 1218 700 inprimis
1232 649 1307 700 snper

266 711 466 779 comparatione
476 707 598 758 carminis
610 720 636 758 et
646 689 855 778 symplegmalis‚
868 720 929 758 sunt
939 721 1029 760 tamen
1041 709 1172 778 pleraque
1186 730 1203 760 a
1215 729 1246 762 re
1259 724 1306 762 eta

265 787 452 858 poetaaliena.
470 786 558 834 inanis
575 797 632 836 erat
641 785 787 855 disputatio
801 789 899 851 omnis,
917 799 1005 837 utrum
1024 789 1120 838 artifex
1137 801 1264 857 poetam,
1279 807 1306 838 an

265 865 461 928 bisonticam,
475 873 536 914 ante
546 865 637 915 oculos
653 863 791 925 habuerit3
810 877 891 917 restat
907 868 975 917 enim
994 867 1118 929 tertium,
1133 867 1209 936 quod
1218 885 1305 918 vernn

266 957 324 1005 cst,
346 944 470 996 babuisse
491 957 632 1013 utrumque
653 943 771 994 diversos
796 957 916 996 auctores
936 962 1002 1015 quos
1027 957 1202 1012 sequeretur3
1228 947 1305 995 fuisse

267 1041 374 1094 quoque
395 1026 531 1094 utriusque
550 1019 689 1074 consilium
705 1024 786 1093 plane
803 1023 949 1076 diversum:
970 1025 1036 1076 alter
1051 1025 1123 1075 euim
1139 1023 1193 1075 boc
1205 1024 1305 1075 efficere

266 1104 350 1154 voluit
359 1140 367 1166 ‚
377 1115 406 1154 ut
424 1105 619 1155 miserationem
635 1117 768 1167 moveret,
782 1105 848 1156 alter
861 1118 963 1170 autem,
975 1107 1052 1156 Maro
1066 1118 1172 1168 noster,
1183 1118 1214 1155 ut
1226 1119 1304 1155 terro·

266 1197 329 1232 rem.
341 1183 433 1263 Haecpi
444 1182 673 1245 animadverteris,
686 1195 715 1232 ut
730 1201 798 1253 saepe
814 1183 856 1249 fit,
868 1203 945 1236 omne
963 1203 1074 1237 acumen
1092 1183 1227 1235 concidit:
1241 1181 1303 1232 redit

265 1276 306 1310 res
320 1258 354 1311 ad
363 1275 491 1310 summam
506 1259 708 1330 simplicitatem.

525 1521 891 1651 excussus
927 1564 1036 1650 vn.

470 1737 583 1826 Equus
596 1737 631 1801 T
626 1742 755 1823 rosanus
767 1742 801 1802 in
815 1737 924 1803 urbem
936 1737 1093 1803 inductus.

304 1901 343 1962 ll,
354 1899 400 1966 ²37
415 1913 472 1966 sqq.
485 1895 694 1965 Scanditfatolis
706 1897 830 1948 machina
843 1917 929 1950 moros
950 1913 999 1950 etc.
1013 1899 1074 1947 Non
1091 1898 1165 1950 male
1177 1899 1244 1963 haec,
1257 1902 1303 1951 sine

269 1981 351 2032 dubio
365 1987 478 2030 evetere
493 1989 587 2046 poeta,
605 1989 733 2027 ornantur
751 1977 823 2047 apud
840 1977 983 2048 Trypbiod.
995 1997 1019 2027 v.
1032 1979 1083 2028 318
1100 1992 1160 2048 sqq.
1176 1979 1262 2030 Pallas
1275 1981 1304 2029 ibi

268 2063 326 2130 ipsa
337 2061 440 2128 Equum
452 2056 578 2126 impellit,
590 2057 659 2106 Juno
670 2069 756 2108 autem
765 2071 791 2108 et
800 2058 937 2127 Neptunus
950 2071 1032 2128 porta
1043 2075 1205 2129 compagem
1215 2060 1304 2111 laxant.
1338 2067 1339 2070 ’

267 2141 399 2190 Priamum
411 2139 497 2206 ipsum
507 2135 650 2187 inducendi
664 2149 797 2187 auctorem
809 2137 905 2202 fuisse,
916 2140 965 2189 etsi
974 2134 1125 2193 Cassandra
1134 2138 1305 2202 reclamante,

270 2217 315 2268 alii
327 2215 506 2274 tradiderant;
522 2227 550 2264 ut
567 2232 598 2264 ex
610 2217 712 2284 Hygino
723 2217 741 2264 f.
764 2206 988 2288 108lntelligitur.
1000 2219 1117 2272 Omnino
1133 2223 1228 2293 plures
1245 2223 1306 2272 lianc

267 2298 446 2348 narrationem
457 2292 569 2344 ornandi
582 2294 668 2359 modi,
680 2295 759 2344 variis
769 2295 844 2345 noris
856 2296 961 2346 casibus
973 2316 1004 2348 ac
1024 2302 1161 2353 miraculis
1171 2322 1259 2354 rerum
1271 2305 1306 2352 in·

268 2379 344 2428 textis
353 2414 361 2440 ‚
369 2373 441 2445 apud
452 2387 553 2424 veteres
563 2374 644 2424 fuisse
660 2373 796 2434 videntur;
813 2393 871 2424 cum
884 2375 931 2426 llla
945 2395 961 2427 a
972 2382 1132 2433 tenuissimis
1151 2385 1236 2433 initiis
1248 2401 1305 2452 pro-

266 2457 338 2506 fecta
348 2466 414 2505 esset
423 2474 430 2513 ς
440 2472 464 2501 ν.
477 2471 534 2522 sup.
545 2453 652 2502 Excurs.
662 2455 708 2503 ΠΙ.
716 2454 776 2504 alam
785 2453 880 2524 Odyss.
893 2455 926 2515 θ,
940 2456 990 2525 492
1005 2460 1110 2531 Ulysses
1125 2451 1304 2513 Demodocum

266 2531 389 2582 hortatur
398 2553 403 2581 :
412 2531 471 2578 Ἀλλ’
482 2529 528 2595 a'ys
537 2527 577 2589 di,
588 2527 711 2594 μετὲβηθι
720 2529 758 2580 nal
767 2530 840 2581 ἵππον
849 2531 930 2596 κόσμον
941 2535 1014 2587 aaron
1025 2539 1167 2605 cooperias,
1176 2537 1215 2592 ris
1225 2537 1305 2592 'Eroir

265 2610 368 2660 incisori
382 2605 420 2660 ads
431 2605 531 2676 bbulis,
540 2610 583 2660 'Or
592 2610 641 2660 ποτ’
659 2611 685 2659 is
701 2607 823 2678 aspirem
835 2607 899 2663 sins
911 2613 986 2677 ’lueys
995 2615 1044 2670 dior
1055 2614 1201 2678 'Odooesdr³
1214 2619 1303 2686 'Ardfu's

266 2689 399 2751 ἐμπλήσας,
414 2685 435 2735 οἴ
445 2679 513 2738 Ἴλιον
531 2685 697 2752 ἐξαλάπαξαν.
711 2689 775 2740 lude
789 2689 934 2741 Demodoci
945 2693 1031 2762 ipsum
1050 2715 1159 2747 carmen
1170 2697 1303 2765 subjicitur

266 2785 292 2816 v.
315 2764 478 2828 Sco-Sao,
495 2766 523 2814 in
540 2783 592 2835 quo
614 2766 680 2818 nihil
693 2781 732 2819 est
753 2769 823 2838 quod
842 2770 984 2822 admodum
994 2773 1138 2844 improbes.
1157 2777 1192 2826 At
1205 2794 1302 2826 omnem
1337 2781 1338 2784 ’

267 2841 420 2896 πιθανότητα
434 2861 553 2914 egressus
575 2858 614 2896 est
626 2860 706 2916 poeta
725 2849 752 2897 in
764 2848 876 2899 notabili
895 2845 1014 2919 episoditl
1037 2851 1070 2903 de
1083 2855 1185 2905 Helena
1204 2853 1302 2924 Equum

266 2925 456 2977 obambulante
475 2925 568 2997 Odyss.
589 2929 615 2987 d,
630 2929 678 2998 274
693 2946 765 2998 sqq,
786 2929 858 2999 quod
874 2931 900 2979 in
918 2931 970 2981 alio
992 2933 1060 2984 forte
1077 2947 1167 2985 vetere
1186 2947 1302 3004 poemate

265 3005 433 3077 probabilius
444 3008 494 3058 fuit
502 3019 651 3072 tractatum,
661 3009 1002 3082 utietiamexTryphiodor.
1014 3013 1063 3078 1152
1078 3032 1118 3084 sq.
1131 3028 1251 3084 apparet,
1260 3013 1302 3063 ubi

265 3090 376 3158 propius
392 3085 426 3138 ad
444 3089 500 3138 veri
513 3087 629 3157 aliquam
646 3093 761 3160 speciem
774 3109 815 3143 res
833 3095 957 3162 exposita.
976 3093 1058 3158 Nam,
1073 3109 1103 3144 ut
1114 3096 1216 3147 Helena
1229 3113 1301 3146 voces

264 3167 425 3218 Achivorum
436 3167 473 3217 ita
485 3166 661 3233 simulaverit,
674 3183 719 3235 ut,
734 3173 779 3241 qni
796 3173 823 3220 in
834 3169 910 3240 Equo
930 3166 1065 3238 latebant,
1079 3174 1233 3241 crederent,
1245 3191 1301 3226 suas

264 3263 359 3297 uxores
370 3243 506 3296 advenisse
524 3243 647 3314 Trojam,
665 3251 713 3300 etsi
725 3267 773 3318 per
785 3267 812 3300 so
829 3267 924 3300 vocum
936 3249 995 3299 talis
1015 3249 1128 3300 imitatio
1143 3265 1198 3302 arte
1216 3254 1300 3321 parari

263 3337 351 3394 potest
364 3325 505 3396 (Twininy
520 3324 553 3375 ad
569 3329 676 3378 Aristot.
698 3329 730 3379 de
748 3329 818 3380 Post.
839 3349 864 3399 p.
884 3331 916 3395 qa
934 3332 1044 3380 miratur
1057 3350 1164 3402 quoque
1177 3332 1299 3383 Helenam

261 3407 317 3474 jam
329 3418 431 3455 tantum
443 3407 470 3454 in
483 3423 514 3455 ea
527 3420 582 3457 arte
592 3409 754 3478 profecisse)
766 3421 854 3460 tamen
867 3429 915 3479 pro
927 3413 1050 3461 carminis
1061 3423 1185 3463 etrerum
1198 3431 1300 3463 narran·
1336 3455 1337 3460 ,

265 3482 358 3532 darum
374 3483 502 3552 gravitate
518 3485 595 3534 nimis
613 3485 744 3536 ludicrum
757 3501 783 3537 et
795 3487 924 3540 absonum
937 3503 984 3540 est.
997 3490 1064 3540 Mihi
1082 3491 1114 3542 de
1132 3491 1178 3542 illo
1192 3491 1248 3541 loco
1265 3494 1298 3540 ita
1336 3499 1337 3538 ἕ

264 3559 431 3609 statuendum
445 3559 566 3626 videtur,
579 3576 624 3627 ut,
638 3567 787 3634 suspicione
800 3565 833 3617 de
851 3567 963 3618 conditis
975 3570 1003 3618 in
1014 3565 1091 3637 Equo
1104 3569 1211 3619 Achivis
1223 3569 1297 3620 semel

264 3650 335 3701 orta,
348 3639 449 3690 Helena
460 3644 612 3705 accesserit,
626 3656 652 3693 et
663 3646 737 3694 varia
756 3651 911 3711 tentaverit,
928 3665 980 3717 quo
999 3646 1130 3711 efficeret,
1148 3661 1190 3712 ut,
1205 3651 1249 3717 qui
1264 3651 1298 3698 in-

263 3716 330 3766 clusi
348 3730 449 3783 essent,
467 3720 570 3768 feminae
590 3721 640 3770 sibi
659 3724 748 3773 amicae
767 3743 795 3775 se
812 3725 965 3796 proderent.
983 3727 1075 3794 ltaque
1095 3744 1150 3776 non
1171 3727 1248 3777 modo
1270 3745 1296 3776 se

263 3812 391 3866 suumque
401 3816 497 3847 nomen
507 3799 614 3866 profata
626 3817 753 3871 suamque
766 3823 828 3876 erga
840 3805 967 3867 Achivos,
979 3803 1124 3874 populares
1137 3823 1198 3855 suos
1207 3842 1214 3869 ‚
1224 3806 1296 3857 bene·

261 3875 404 3926 volentiam
421 3889 447 3926 et
466 3878 493 3924 in
518 3879 659 3946 pristinum
679 3885 804 3934 maritum
823 3884 901 3936 fidem
927 3886 1111 3934 intemeratam
1130 3898 1224 3936 testata
1245 3899 1295 3950 est,

261 3971 353 4004 verum
365 3957 443 4008 etiam
460 3955 558 4007 reditus
570 3957 653 4009 suiad
665 3961 780 4014 Achivos
794 3977 819 4016 et
837 3966 863 4015 in
875 3965 1003 4017 Graeciam
1016 3963 1179 4017 desiderium
1190 3983 1294 4016 comme·
