2656 4592
224 269 292 357 '⁴7⁸
474 255 1019 326 P.V1RG1L11MAROuts

227 395 361 457 Postera
373 383 515 454 Phoehea
526 382 685 447 lustrabat
695 379 847 470 lampade
859 397 976 462 terrae,

228 502 497 584 Humentemque
509 495 635 558 Aurora
647 490 725 578 polo
738 489 921 554 dimoverat
933 487 1106 570 umbram,

226 610 338 691 Quum
351 608 397 670 sic
410 604 599 668 unanimam
610 599 801 689 adloquitur
812 599 897 662 male
910 621 989 664 sana
1000 621 1176 664 sororem:

228 717 322 780 Anna
336 719 443 790 soror,
458 732 531 799 quae
543 731 597 772 me
610 727 801 796 suspensam
814 705 977 770 insomnia
989 710 1135 771 terrent!
1162 739 1167 754 ι

228 823 309 904 Quis
324 841 428 883 novus
441 816 495 881 hic
507 816 627 880 nostris
639 815 796 880 suecessit
807 809 942 878 sedibus
954 811 1094 902 hospes!
1257 846 1280 878 ιι

209 912 212 920 ’
228 928 336 1009 Quem
348 947 419 990 sese
431 946 490 987 ore
502 922 625 986 ferens!
640 943 739 1009 quam
751 919 828 984 forti
841 927 990 1007 pecto‘re,
1005 935 1038 984 et
1050 922 1170 986 armis!

267 1119 291 1166 6.
305 1117 416 1165 lusenbot
426 1115 522 1164 Ptelea
533 1116 632 1164 Dorvill.
644 1141 676 1154 -
686 1134 707 1180 7.
720 1117 784 1163 ldem
795 1131 875 1164 versus
882 1119 931 1180 jam
944 1131 996 1180 sup.
1009 1117 1054 1172 lll,
1069 1115 1124 1178 589.
1136 1141 1171 1153 -
1183 1117 1206 1164 8.
1225 1121 1282 1162 Τισιι

230 1191 320 1255 aliquot
332 1192 393 1236 Pier.
408 1191 538 1236 unanimam
550 1189 629 1234 lleins.
642 1190 746 1250 reposuit
759 1206 787 1235 ex
798 1189 883 1235 Medic.
897 1189 998 1244 stallis,
1011 1190 1082 1235 etiam
1091 1191 1159 1250 ‚Pien
1172 1189 1212 1234 elii
1224 1206 1283 1233 um-

229 1268 311 1308 nimem
321 1277 379 1308 suno
391 1265 467 1308 minus
477 1273 550 1323 grato.
560 1285 591 1296 -
601 1277 623 1321 9.
633 1275 741 1323 suspenso
750 1259 835 1306 Medic.
848 1277 861 1306 a
871 1277 906 1323 pr.
918 1275 949 1306 m.
961 1274 985 1307 et
997 1261 1067 1308 Goth.
1079 1273 1136 1306 tert.
1146 1273 1283 1324 suspensum

229 1351 265 1380 me
274 1335 365 1394 Memfi.
377 1349 414 1396 pr.
426 1341 494 1381 terret
504 1331 646 1378 anonnullis
655 1332 755 1388 lectum,
766 1349 778 1378 e
788 1335 867 1380 Servio
875 1345 898 1379 et
907 1349 920 1379 e
930 1335 1009 1379 Pierio
1018 1345 1096 1396 patet3
1107 1335 1175 1380 etsie
1186 1336 1282 1388 smne,

230 1403 372 1450 defendente
383 1405 454 1450 etiam
464 1404 593 1464 Pomponio
602 1402 701 1459 Sabino,
714 1415 740 1448 ιιι
749 1401 827 1464 vigilis
837 1405 866 1448 sit
877 1405 974 1448 attonita
983 1403 1053 1448 Dido.
1063 1405 1098 1448 Ex
1108 1403 1195 1449 eodem
1205 1403 1282 1456 diuo,

230 1475 326 1522 alteram
336 1474 459 1522 lectionem
473 1482 556 1520 tenent
566 1489 615 1520 etse
629 1475 772 1536 Aproniani,
788 1490 840 1536 quae
852 1473 915 1520 haud
927 1474 999 1522 dubie
1014 1475 1159 1521 meliorest:
1173 1477 1283 1521 msomnio

232 1552 322 1589 terrent.
335 1545 392 1588 Nam
404 1545 493 1589 somnia
504 1554 601 1605 possunt
611 1555 713 1599 terrere,
728 1559 776 1588 non
788 1543 874 1605 vigilia.
884 1569 915 1578 —-
930 1560 964 1590 ro.
981 1543 1092 1589 maenibus
1107 1543 1190 1607 hospes
1199 1547 1281 1592 Franc.

229 1616 260 1660 At
268 1613 353 1658 Catulli
363 1617 516 1660 imitationem
526 1630 579 1659 eum
588 1615 674 1660 Ursino
683 1619 787 1676 agnoseit
798 1617 923 1661 Burmann.
930 1641 962 1652 -
974 1632 982 1660 ι
990 1632 1009 1662 ι.
1020 1616 1094 1674 Quam
1104 1615 1282 1670 sempeternus,

230 1683 298 1730 male.
311 1685 406 1748 quems.
415 1701 438 1748 p.
451 1695 474 1730 et
482 1689 551 1730 arnus
566 1685 706 1731 emendabat
715 1683 865 1732 Marllandut
875 1699 928 1748 post
936 1685 1015 1732 Vales.
1027 1697 1126 1732 notante
1133 1687 1283 1738 Burrenum,

231 1769 255 1803 et
267 1759 299 1802 sie
309 1773 362 1802 am.
374 1772 410 1818 pr.
421 1755 466 1802 luit
475 1759 500 1802 in
512 1758 601 1818 Fragm.
610 1757 685 1800 Vatie.
696 1773 734 1818 ap.
749 1757 835 1802 Bottar.
847 1773 871 1819 p.
888 1758 937 1819 175.
950 1757 1014 1802 Bene
1027 1755 1126 1818 quidem
1137 1769 1162 1801 et
1175 1757 1220 1802 hoc
1230 1757 1283 1800 dic-

135 1854 138 1862 ι
232 1839 282 1872 tum
292 1839 351 1872 esset
359 1844 365 1881 3
377 1843 458 1874 verum
467 1826 560 1873 videtur
569 1826 629 1872 illud
641 1829 717 1888 ipsum
727 1843 806 1891 quem,
814 1827 838 1873 h.
848 1845 868 1874 e.
877 1826 979 1889 qualem,
986 1826 1069 1890 paullo
1077 1827 1191 1872 disertius
1198 1828 1284 1888 exponi

232 1900 258 1942 in
269 1897 324 1944 illo:
334 1898 467 1962 quomfortt'
474 1908 563 1961 pectore
574 1901 684 1942 stanteis.
694 1899 782 1944 Tamen
793 1897 831 1944 vel
843 1902 874 1945 sic
884 1898 1014 1961 elegantius
1025 1897 1160 1959 legeretur,
1174 1913 1247 1961 quam
1261 1900 1286 1941 in

233 1967 303 2014 codd.
314 1967 378 2012 Leid.
391 1968 500 2014 llottend.
514 1985 550 2030 pr.
567 1968 650 2014 llamb.
662 1984 698 2031 pr.
712 1981 736 2014 et
747 1970 802 2032 lieg.
818 1986 831 2014 a
843 1985 874 2014 m.
889 1985 939 2031 pr,
951 1984 1007 2014 cum
1018 1967 1090 2014 Goth.
1102 1983 1150 2014 sec.
1163 1985 1178 2014 a
1189 1983 1220 2012 m.
1231 1983 1285 2029 pr,

235 2145 316 2184 tatem
327 2141 465 2205 susceptos
472 2151 529 2187 esse
539 2133 681 2187 videretur.
690 2135 732 2188 Ad
780 2167 815 2178 —
824 2137 849 2190 8.
861 2134 930 2188 male
938 2155 1002 2188 sana
1009 2174 1018 2201 ‚
1028 2138 1140 2201 insana,
1148 2132 1286 2200 μυιομέιι.

233 2231 259 2264 v.
278 2212 301 2278 4.
317 2211 340 2265 5.
358 2214 392 2264 cf.
407 2214 532 2284 Apollon.
546 2214 595 2280 111,
608 2215 659 2282 453
672 2233 730 2286 sqq.
780 2218 867 2269 Etiam
877 2218 1087 2269 amantissimam
1100 2234 1225 2268 sororem
1245 2233 1287 2266 ex·

233 2293 317 2343 Amor
330 2306 418 2344 autem
429 2292 487 2358 hie,
499 2295 565 2344 utin
577 2297 733 2347 memoriam
769 2298 879 2367 'quisito
888 2295 1023 2348 vocabulo
1036 2295 1200 2346 tenerrimam
1213 2293 1288 2344 dixit.

235 2389 357 2437 revoces,
371 2373 392 2422 is
409 2385 462 2440 est,
477 2392 530 2445 quo
542 2375 632 2426 Venus
645 2388 671 2427 et
682 2375 734 2426 tal·
782 2393 799 2446 9
811 2394 868 2447 sqq.
882 2378 912 2427 ln
925 2377 1061 2439 oratione,
1075 2393 1136 2446 quae
1149 2376 1289 2445 sequitur,

234 2469 279 2502 sus
302 2452 431 2503 Ascanius
452 2452 585 2506 Didonem
606 2455 733 2507 incende·
782 2455 1289 2527 observeamorisetpndorispngnam,

234 2543 295 2582 rant
307 2548 364 2601 sup.
378 2531 537 2602 l,672.712
551 2552 591 2604 sq.
782 2550 809 2589 et
828 2540 940 2587 inanem·
951 2537 1111 2606 pervicaciae
1134 2536 1291 2587 ostentatio·

270 2610 295 2660 6.
310 2626 333 2680 75
347 2608 479 2662 Auroram
488 2632 538 2683 pro
550 2614 613 2678 Die,
628 2625 658 2664 ut
677 2617 733 2666 Ho-
782 2637 842 2676 nem
859 2617 1010 2686 victamque
1019 2615 1188 2684 jamdudum
1202 2617 1236 2667 ab
1250 2618 1290 2666 al-

233 2705 308 2740 mero
322 2683 380 2744 'Hele
393 2688 465 2742 diota
481 2704 533 2760 est,
549 2704 660 2764 propter
673 2695 734 2746 reli·
781 2700 853 2750 fectu
868 2707 992 2748 mentem.
1003 2694 1085 2762 Quod
1094 2696 1208 2748 Annam
1215 2713 1289 2750 soro-

234 2786 290 2838 qua
298 2769 410 2838 occipio.
422 2767 531 2821 lustrare
540 2773 568 2822 in
576 2771 619 2824 his
631 2787 657 2824 et
664 2776 735 2826 simi·
781 2775 954 2830 remDidonis
960 2774 1074 2842 inducit,
1082 2793 1140 2826 non
1146 2777 1288 2834 nutricem

234 2847 306 2900 libus
322 2859 362 2899 est
375 2848 460 2900 obire.
478 2847 489 2919 (
501 2851 572 2903 Male
589 2850 661 2904 Serv.
672 2871 733 2904 oum
782 2869 811 2909 ut
820 2859 876 2908 lere
886 2855 971 2906 Greci
983 2856 1011 2905 in
1021 2854 1069 2906 tali
1082 2873 1111 2906 re
1126 2855 1236 2922 solent,
1250 2854 1290 2906 ad·

236 2927 308 2978 aliis:
326 2926 490 2996 illustrabat,
509 2929 552 2982 vel
570 2931 734 3003 purgabat.)
782 2937 890 2990 modum
903 2937 1000 3007 placet.
1014 2934 1067 2986 Sed
1080 2935 1166 2988 debet
1183 2937 1216 2988 id
1234 2939 1291 2986 Vir·

234 3006 394 3077 lampadem
413 3025 462 3077 pro
481 3009 541 3061 face
560 3012 617 3080 jam
637 3011 734 3063 Lucre·
782 3017 860 3090 gilius
868 3015 1012 3087 Apollonio
1020 3013 1209 3088 Rhodio,qui
1218 3015 1292 3068 ctat-

232 3087 287 3137 tius
300 3086 373 3138 dixit.
386 3088 547 3140 Humentem
559 3091 695 3155 umbram,
707 3111 733 3143 v.
783 3099 882 3167 dopo,
894 3094 995 3147 Medeae
1006 3095 1109 3162 sorori,
1127 3096 1222 3148 simile
1234 3093 1291 3146 offi-

234 3183 294 3236 sup.
312 3168 351 3232 ll,
365 3167 388 3219 8.
402 3168 462 3219 Duo
474 3168 523 3220 hos
540 3187 631 3222 versus
644 3189 734 3242 repre·
783 3178 853 3227 cium
864 3174 1007 3236 tribuerat;
1019 3187 1100 3245 aquo
1115 3188 1143 3228 et
1155 3177 1292 3228 insomnia

234 3245 383 3312 hendebat‚
397 3261 525 3319 tunquam
535 3251 615 3302 alieni
625 3255 733 3303 etnimii
781 3253 865 3307 habet
883 3247 995 3306 Didonis
1013 3266 1040 3306 et
1060 3257 1163 3307 amoris
1188 3259 1293 3309 confes-

234 3342 359 3392 ornntus‚
372 3330 416 3380 lll.
432 3331 542 3382 Homius
554 3333 582 3381 P.
595 3333 645 3400 Ill,
661 3353 685 3384 c.
700 3349 730 3384 ιι
782 3339 883 3388 sionem
896 3337 982 3387 sorori
994 3337 1106 3388 factam.
1119 3355 1146 3388 v.
1160 3337 1291 3409 Apollon-

235 3408 394 3479 Princt'pior.
413 3410 474 3460 Crit.
495 3411 625 3464 Videntur
644 3425 732 3466 tamen
781 3417 831 3482 111,
851 3417 903 3469 616
920 3427 978 3486 sqq:
998 3415 1051 3482 645
1067 3433 1128 3487 sqq.
1145 3417 1225 3470 Nam
1245 3419 1294 3469 llo·

234 3487 366 3558 ejusmodi
379 3492 504 3559 temporis
522 3491 732 3561 declarationes,
782 3499 847 3550 meri
859 3497 1022 3548 Nausicaam
1031 3496 1164 3567 Virgilius
1177 3501 1227 3550 vix
1238 3512 1293 3550 ante

235 3566 454 3642 quandoquidem
467 3571 539 3642 apud
549 3575 692 3624 Homerum
707 3587 733 3627 et
782 3575 873 3628 oculos
883 3576 983 3629 habere
992 3578 1099 3645 potuit,
1115 3577 1198 3650 quod
1211 3578 1294 3630 Cerda

234 3648 376 3719 Virgilium
384 3651 461 3701 toties
471 3654 660 3720 recurrunt‚in
669 3672 733 3723 pro·
781 3657 897 3710 volebat.
910 3658 1019 3708 Annam
1034 3659 1092 3725 jam
1104 3659 1225 3712 Naevius
1244 3679 1294 3710 me·

235 3730 299 3799 priae
308 3727 465 3798 etsimplieis
472 3732 599 3781 orationis
607 3730 667 3783 loco
675 3751 731 3788 esse
780 3747 944 3803 metaverat,
958 3748 1025 3788 teste
1036 3737 1132 3790 Servio
1147 3740 1187 3792 ad
1204 3747 1232 3794 d.
1244 3759 1261 3810 9
1273 3741 1294 3790 in

233 3806 377 3872 habende,
390 3809 657 3878 etprobandaeetiam
669 3813 732 3866 hae·
780 3817 867 3882 Bello,
880 3828 959 3888 puta,
971 3817 1084 3869 Punico.

234 3900 324 3952 tenus,
342 3887 415 3957 qnod
432 3890 592 3940 narrationis
608 3893 732 3960 jejunita·
816 3915 840 3966 9.
853 3913 1002 3968 suspensam
1020 3901 1119 3949 ornate
1136 3899 1296 3970 adjectumt

234 3978 288 4018 tem
297 3966 338 4018 vel
349 3977 467 4020 tenorem
475 3968 579 4020 variant
589 3982 615 4021 et
626 3987 730 4028 ornant.
780 3973 816 4026 ad
823 3987 920 4028 metum
927 3975 1296 4046 pertinetddumbrathaer.
