2694 4574
168 250 235 313 DE
259 241 480 312 CARMlNE
504 246 648 311 EPICO
671 248 976 314 VIRGILIANO.
1056 253 1095 317 ‘23
1117 277 1139 300 ⁷

58 368 169 459 quidni
190 374 378 436 Homerum
396 371 430 432 in
451 369 599 458 partibus
621 391 755 458 quoque
780 389 836 434 aut
861 372 996 459 singulis
1018 372 1098 436 locis

13 553 14 556 Ἴ
59 477 265 565 sequendum
276 477 428 564 putaret?
446 493 494 554 et,
518 499 621 564 quum
643 477 779 540 omnino
797 477 940 565 vestigiis
960 477 1030 567 ejus
1051 477 1099 541 in-

59 583 206 664 sisteret,
239 581 511 672 quandoquidem
539 600 771 670 argumentum
795 584 895 648 affine
926 608 964 650 ae
992 584 1098 650 simile

59 689 235 769 tractabat,
262 688 398 755 difficile
430 705 499 752 erat
530 711 664 769 cavere,
689 711 731 753 ne
757 691 791 753 in
819 689 951 755 easdem
978 691 1100 778 passim
1136 703 1139 710 ’

59 815 165 856 rerum
191 793 300 874 ideas,
325 794 442 858 eadem
467 792 710 881 phantasmata,
738 795 869 860 easdem
897 797 1098 876 sententiaa,

13 959 15 998 ,
59 895 170 982 eadem
187 901 266 965 πάθη
284 900 476 974 incurreret.
498 898 581 964 Sunt
594 917 705 992 autem
722 901 840 984 multa,
857 924 930 989 quae
946 897 1012 966 uno
1027 893 1099 966 tan-

13 1063 14 1066 ,
60 1019 125 1064 tum
138 1004 243 1068 modo
256 1021 349 1068 recte
371 1004 436 1070 dici
458 1019 491 1070 et
510 1005 623 1070 efferri
641 1024 797 1094 possunt3
816 1007 932 1106 multa,
955 1031 1047 1098 quae,
1073 1008 1101 1072 si

13 1165 14 1180 ,
61 1126 180 1172 naturae
201 1127 425 1174 consentanea
449 1114 519 1174 esse
536 1111 678 1192 dehent,
701 1113 827 1176 variare
845 1113 930 1182 velle
950 1115 1099 1202 ineptum

60 1213 104 1276 sit.
118 1217 282 1279 Praeterea
294 1239 362 1291 non
374 1215 469 1282 facile
482 1239 673 1305 assequare,
688 1217 857 1305 quomodo
869 1237 967 1307 poeta
983 1217 1100 1283 doctus
1136 1207 1138 1218 ¹

13 1321 14 1372 ἶ
61 1335 88 1381 et
101 1319 295 1385 Graecorum
308 1338 482 1408 poetarum
496 1322 638 1412 lectione
653 1323 827 1412 subactum
846 1323 971 1389 habens
981 1393 983 1398 ,
994 1340 1027 1388 et
1048 1347 1099 1388 or-

13 1417 14 1470 ἷ
60 1440 166 1487 natum
179 1426 367 1512 ingenium,
382 1449 486 1516 quum
499 1449 534 1492 se
548 1427 590 1490 ad
611 1451 694 1515 opus
709 1452 806 1494 suum
818 1447 1042 1510 converteret,
1055 1431 1101 1494 ita
1138 1437 1143 1454 ³

61 1530 180 1608 omnia,
206 1552 282 1619 quae
303 1531 443 1618 legerat,
468 1533 587 1597 animo*
603 1534 768 1620 expellere
790 1553 823 1598 et
844 1536 1016 1599 exturbare
1039 1559 1101 1622 po·
1155 1570 1161 1590 ι

61 1637 185 1718 tuisset,
202 1655 239 1702 ut
254 1637 337 1701 nihil
350 1649 389 1702 e'x
403 1639 539 1726 pristina
558 1640 701 1713 lectione
718 1641 950 1727 obversaretur
967 1643 1099 1706 animo:

63 1744 195 1807 maxima
221 1760 334 1807 autem
362 1745 499 1824 eorum,
528 1731 615 1833 quae
634 1747 817 1811 imitatione
854 1754 1004 1835 expressa
1037 1747 1103 1812 diei

64 1869 214 1937 possunt,
236 1874 312 1940 pars
331 1850 496 1941 ejusmodi
522 1870 587 1932 est,
608 1868 732 1917 utnon
759 1871 827 1917 tam
847 1853 922 1917 data
943 1877 1043 1942 opera
1069 1871 1102 1918 et
1142 1921 1144 1924 ,

66 1954 167 2020 studio
188 1957 365 2024 Homerica
392 1956 493 2020 verba
514 1973 571 2021 aut
591 1959 769 2023 sententias
793 1957 933 2024 reddere
958 1959 1102 2024 voluisse

65 2060 164 2124 videri
176 2061 296 2148 possit,
310 2083 410 2149 quam
423 2077 459 2124 ut
471 2063 582 2149 potius
596 2063 629 2124 in
640 2085 678 2125 ea
690 2063 843 2126 incidisse
855 2062 960 2126 videri
973 2062 1106 2142 debeat,

64 2167 130 2253 ipsa
146 2189 199 2246 re,
214 2189 251 2230 ea
263 2189 336 2254 quae
355 2167 435 2230 olim
451 2166 537 2230 lecta
555 2182 587 2229 et
599 2167 736 2252 ¹cognita
750 2167 784 2229 in
799 2167 897 2253 simili
909 2184 1102 2253 argumento

65 2273 220 2335 memoria
243 2271 391 2352 tenebat,
418 2273 540 2335 iterum
558 2269 601 2334 ad
622 2272 770 2334 animum
792 2288 978 2347 revocante.
1003 2271 1102 2358 lltqui
1150 2327 1152 2332 .

65 2375 124 2442 hoc
140 2376 290 2442 imitandi
306 2399 427 2466 genus,
443 2393 571 2441 tantum
592 2377 702 2455 abest,
720 2393 758 2440 ut
773 2375 972 2464 reprehendi
984 2377 1090 2464 possit

65 2484 142 2565 (etsi
158 2482 310 2547 nonnulli
328 2483 362 2546 id
382 2484 507 2554 faciunt
517 2483 551 2546 in
568 2484 689 2548 nostris
707 2503 841 2572 quoque
857 2483 980 2570 poetis,
1004 2483 1103 2547 etiam

13 2583 15 2594 ’
66 2589 96 2651 in
118 2590 396 2677 ingeniosissimo,
417 2588 610 2668 Wielando,
626 2593 637 2674 )
655 2604 698 2652 ut
708 2595 842 2676 poetam
864 2587 999 2652 doctum
1021 2588 1103 2652 nihil

67 2697 162 2784 magis
172 2715 288 2786 arguat
298 2714 332 2761 et
342 2695 466 2761 deceat.
476 2695 539 2760 Sed
552 2698 586 2759 in
598 2696 737 2783 Virgilio
748 2694 1038 2782 reprehendendo,
1050 2685 1105 2760 vel

67 2801 246 2882 laudando,
272 2803 306 2867 id
334 2800 426 2891 quod
451 2803 559 2890 primo
583 2802 658 2866 loeo
681 2799 902 2889 reputandum
922 2817 1006 2879 erat,
1035 2824 1104 2864 non
1147 2879 1148 2882 Ἴ

67 2911 280 2976 meminerant
293 2911 355 2974 viri
367 2909 473 2989 docti,
489 2926 636 2997 poetam,
651 2909 777 2973 etiamsi
789 2907 958 2995 ingenium
974 2930 1050 2971 eum
1062 2907 1105 2970 ad

68 3040 147 3082 nova
165 3036 199 3082 et
223 3020 344 3083 intacta
365 3018 512 3097 tulisset,
535 3017 684 3082 hoc'suae
705 3017 791 3081 aetati
809 3016 943 3103 suisque
967 3015 1106 3102 popula·

67 3122 151 3186 ribus
178 3121 326 3187 tribuere
357 3123 527 3202 debuisse,
563 3139 620 3186 aut
652 3122 768 3186 saltem
790 3122 824 3184 in
851 3121 1007 3208 opinione
1027 3120 1104 3209 'ejus

68 3229 219 3316 temporis
232 3229 402 3292 communi
414 3229 657 3294 excusationem
670 3226 808 3307 habere,
829 3250 932 3316 quum
945 3225 986 3290 ad
1000 3242 1104 3290 artem

68 3343 233 3419 poetae,'et
251 3333 294 3398 ad
309 3335 466 3424 majorem
480 3331 632 3400 carminis
648 3335 841 3398 suavitatem
855 3332 1021 3420 pertinere
1033 3355 1103 3396 cre·
1181 3337 1187 3344 ’

69 3437 211 3520 deretur,
237 3443 269 3504 si
284 3440 387 3506 multa
405 3462 452 3504 ex
472 3438 599 3506 Graecis
617 3456 724 3506 essent
740 3460 898 3525 expressa
915 3439 974 3503 vel
989 3437 1103 3504 adum·

70 3542 169 3609 brata.

107 3653 179 3714 Xll.
206 3653 281 3719 Hoc
303 3653 405 3716 aetatis
436 3673 503 3716 suae
532 3651 679 3742 judicio,
705 3671 722 3712 a
747 3665 860 3714 nostro
890 3649 975 3712 forte
1006 3671 1105 3714 sensu

71 3778 198 3841 prorsus
221 3755 347 3839 alieno,
380 3757 568 3822 continetur
594 3755 743 3820 defensio
774 3771 899 3843 poetae,
927 3770 959 3818 et
994 3776 1106 3818 caussa

74 3879 216 3945 perorata
252 3879 314 3942 est,
349 3865 376 3928 si
410 3860 493 3927 illud
525 3860 787 3927 demonstratum
813 3858 946 3926 dedero.
977 3859 1105 3928 Scilicet
