2724 4580
417 302 754 386 intrarunt.
810 399 814 406 ⁴
1048 319 1106 407 ιε,

59 449 194 506 bricanda
209 451 277 522 petit
288 447 377 517 (vm,
390 445 575 519 370-453),
588 465 650 499 mox
661 445 775 514 demissa
789 441 835 495 illa
851 442 918 494 ooelo
930 439 1108 512 (trs-540,

60 533 197 587 tot-ad
209 534 256 604 Ε).
491 542 493 550 ’
647 533 657 560 o

95 613 205 663 Interea
217 609 281 662 dum
293 609 389 660 AEneas
413 607 485 678 apud
503 606 656 660 Evandrum
668 619 695 658 et
705 605 831 657 Etruscos
846 603 943 656 auxilia
959 603 1109 673 conquirit,

61 693 169 743 Turnus
192 703 281 744 castra
302 690 481 758 Trojanorum
502 701 649 760 oppugnat.
668 689 743 740 Facit
770 685 836 738 illud
860 685 972 736 Junonis
991 686 1110 742 monitu,

62 775 145 824 misse
162 772 198 824 ad
209 790 270 824 eum
282 769 352 822 Iride
365 768 418 838 (ΙΧ
433 772 501 843 pr.)
522 772 553 821 ln
568 770 619 822 hac
631 780 779 820 castrorum
792 768 1049 838 oppugnatione„ut
1060 765 1111 815 As·

63 853 158 903 canius
178 871 193 904 e
212 869 308 924 pugna
332 850 484 902 discrimine
504 849 715 914 subduceretur,
739 848 837 919 Apollo
861 850 888 898 in
906 847 977 898 Buta
996 847 1112 917 speciem
1165 915 1170 922 ι

62 944 182 984 mutatus
196 953 212 984 a
223 932 370 1006 pugnando
389 951 451 984 eum
463 931 595 984 absterret
613 928 804 1001 (638-663).
824 929 947 995 Turnus,
970 940 1117 999 postquam

62 1031 113 1082 per
125 1027 234 1083 portam
245 1025 383 1086 patentem
394 1014 422 1064 in
439 1025 527 1065 castre
548 1014 694 1082 irruperat.
713 1011 845 1084 Trojanos
856 1011 1010 1080 perterritos
1022 1010 1113 1080 lugat,

63 1094 171 1144 Junone
185 1095 238 1164 ipsi
256 1095 378 1154 favente3
397 1091 483 1144 donec
494 1093 567 1142 Jovis
577 1093 654 1159 jussu
667 1090 701 1142 ab
720 1089 790 1142 Iride
810 1103 937 1142 avocatur
948 1087 1014 1158 (802
1028 1089 1112 1160 sqq).

65 1173 168 1224 Omitto
189 1173 301 1246 Cybeles
318 1175 495 1225 interventum
516 1175 544 1223 in
569 1172 652 1223 classe
671 1172 758 1223 AEneae
782 1170 931 1238 servanda,
949 1170 1064 1240 navibus
1087 1170 1115 1222 in
1181 1241 1184 1250 Ἰ

65 1251 205 1323 Nymphas
219 1255 327 1305 mutatis
340 1251 410 1320 (IX,
423 1251 571 1320 69-122;
585 1251 622 1315 X,
637 1250 807 1320 2¹9·“²5⁰)·

102 1329 225 1382 Concilio
238 1330 349 1383 deorum
359 1332 431 1381 lacto
438 1367 448 1394 ,
462 1330 567 1400 Jupiter
580 1325 691 1379 dissidia
703 1339 838 1378 moventes
851 1325 992 1398 objurgat:
1006 1326 1115 1386 differre
1182 1380 1184 1384 ,

68 1409 164 1463 saltem
177 1411 241 1463 odia
253 1414 282 1462 in
293 1410 360 1464 illud
372 1423 478 1481 tempus
488 1409 581 1477 jubet,
595 1426 649 1479 quo
664 1407 798 1478 Carthago
816 1419 843 1459 et
853 1408 938 1458 Roma
949 1424 1116 1458 concursura

68 1494 123 1542 sint
135 1489 191 1560 (X,
210 1511 251 1563 pr.
261 1494 279 1565 ).
293 1494 383 1544 Venus
396 1490 429 1542 de
442 1491 546 1559 injuriis
559 1502 585 1540 et
597 1489 722 1560 periculis
739 1491 826 1540 AEneae
845 1489 940 1540 creatis
953 1499 1116 1558 conquesta,

69 1584 100 1621 ut
114 1571 210 1623 saltem
222 1572 352 1624 Ascanius
365 1571 506 1623 incolumis
519 1569 656 1633 discedat,
667 1582 807 1640 precatur3
821 1570 902 1619 satius
912 1567 1014 1638 alioqui
1025 1570 1117 1634 fuisse,

69 1663 101 1701 ut
112 1650 199 1720 Trojae
218 1653 303 1703 latum
316 1670 456 1704 commune
472 1651 573 1721 experti
590 1661 678 1701 essent
695 1661 772 1720 pater
785 1660 811 1700 et
829 1647 897 1702 filius
914 1645 966 1715 (X,
982 1648 1115 1720 18-62).

70 1732 142 1782 Juno
155 1721 255 1783 refellit
269 1735 400 1785 Venerem
415 1743 441 1783 et
450 1732 571 1782 Turnum
583 1728 704 1781 defendit
715 1727 765 1797 (62
773 1729 871 1800 -99).
883 1727 1004 1780 Tandem
1014 1729 1119 1798 Jupiter
1196 1793 1200 1798 1

70 1811 161 1862 neutri
173 1813 245 1881 parti
257 1831 284 1864 se
297 1812 417 1876 studere,
431 1810 478 1862 sed
490 1812 552 1863 fatis
565 1821 650 1862 totam
663 1827 719 1860 rem
732 1809 896 1860 committere
908 1806 975 1858 velle
988 1807 1119 1879 significat

71 1884 264 1962 (roo-115).
281 1893 446 1960 Interspersa
470 1889 602 1942 sunt·alia
622 1888 769 1941 nonnulla:
791 1889 906 1940 Lausum
927 1897 953 1938 et
973 1887 1119 1939 Pallantem

32 1971 35 1982 ⁴
72 1969 203 2041 congredi
219 1983 291 2036 vetat
314 1973 418 2041 Jupiter
439 1968 496 2038 (X,
520 1969 601 2040 436),
629 1969 788 2040 Mezentium
814 1967 849 2020 ad
873 1982 992 2036 pugnam
1012 1967 1121 2038 instigat

71 2048 128 2118 (Χ,
141 2047 225 2119 689),
239 2041 300 2118 iride
318 2049 486 2102 Tarchonem
499 2047 566 2118 (XI,
581 2049 655 2120 725).
669 2051 758 2100 Venus
778 2057 908 2099 monstrat
919 2044 1046 2111 herbam,
1066 2065 1121 2116 qua

72 2131 162 2181 AEneae
180 2121 275 2192 vulnds
294 2145 403 2184 sanatur
415 2130 495 2200 (ΧΠ,
512 2130 583 2200 trr).
597 2129 727 2181 Graviora
748 2141 823 2194 sunt,
841 2132 915 2198 quod
933 2123 1023 2176 Turno
1045 2128 1121 2180 adest
1186 2128 1196 2146 '

72 2210 191 2260 Juturna
210 2211 326 2282 nympha
345 2229 421 2262 soror
437 2209 492 2279 (X,
512 2209 573 2278 [139.
593 2210 745 2280 xl1,139).
767 2211 855 2262 AEneae
877 2211 993 2263 adventu
1012 2210 1122 2278 Trojani

73 2288 185 2340 tandem
196 2293 289 2342 castris
302 2304 458 2363 erumpunt,
471 2303 498 2342 et
510 2292 602 2360 copias
614 2291 739 2360 utrinque
747 2291 876 2362 jungunn
886 2291 950 2349 belli
962 2288 1052 2362 itaque
1066 2303 1124 2345 tota

74 2369 148 2420 mole
171 2371 199 2420 in
218 2371 336 2423 Turnum
357 2389 506 2435 conversa,
526 2371 597 2421 Juno
620 2388 636 2421 a
655 2371 721 2422 Jove
740 2372 864 2442 precibus
885 2373 1073 2442 consequitur,
1094 2373 1140 2424 ut.

75 2467 139 2500 eum
151 2469 242 2523 pugna
254 2452 402 2505 subducere
414 2453 493 2504 liceat
505 2450 562 2521 (Χ,
574 2451 725 2504 606-688
734 2453 752 2524 ).

112 2529 252 2597 Tandem,
267 2550 355 2584 rerum
370 2550 473 2583 summa
491 2529 526 2582 ad
541 2549 659 2602 pugnam
678 2533 747 2582 inter
766 2532 885 2584 Turnum
908 2546 934 2585 et
951 2534 1061 2585 AEneam
1078 2530 1125 2584 de·

76 2606 179 2674 ducta,
200 2611 290 2677 Juno,
309 2632 342 2664 ne
362 2615 421 2682 ipsa
444 2627 493 2662 nec
513 2610 634 2682 pactioni
654 2629 705 2662 nec
735 2627 830 2688 pugna
853 2614 972 2681 intersit,
996 2605 1124 2676 discedit,

75 2689 222 2741 Juturnam
240 2690 382 2755 hortatur,
401 2702 431 2742 ut
451 2692 544 2755 fratri,
566 2707 726 2761 quacunque
746 2694 832 2762 possit
852 2695 969 2758 ratione,
988 2701 1128 2748 succurrat

76 2767 159 2836 (ΧΠ,
183 2772 348 2846 134-160)
367 2771 422 2844 (r),
445 2772 518 2842 quod
530 2773 577 2825 illa
596 2774 677 2825 variis
698 2773 794 2825 modiis
815 2776 915 2828 frustra
934 2776 1024 2827 facere
1042 2784 1128 2829 tentat

77 2847 149 2915 (468
162 2867 220 2922 sqq.
235 2852 287 2905 623
300 2871 339 2924 sq.
354 2853 406 2922 784
417 2870 456 2923 sq.
466 2853 485 2924 ).
503 2853 654 2905 Novissimo
667 2855 738 2904 enim
759 2856 902 2907 certamine
919 2854 1128 2927 congrediuntur

77 2930 187 2981 Turnus
206 2943 233 2982 et
244 2933 347 2984 AEneas.
362 2933 439 2984 Nune
451 2933 572 3003 Jupiter,
585 2927 615 2984 ut
637 2932 710 2985 illam
722 2933 858 3003 placaret,
880 2947 1004 2986 accurate
1016 2953 1077 2985 cum
1095 2951 1129 2985 ea

78 3011 154 3079 agit,
167 3011 277 3080 ejusque
289 3011 413 3082 precibus
426 3011 478 3063 hoc
490 3012 601 3077 tribuit,
623 3025 669 3078 ut,
682 3013 864 3081 Trojanorum
886 3013 992 3064 nomine
1010 3011 1128 3078 abolito,

79 3087 238 3140 Latinorum
250 3103 347 3142 nomen
360 3091 495 3157 obtineat,
511 3109 632 3144 sermone
645 3109 753 3163 quoque
769 3093 864 3144 Latino
877 3103 998 3155 servato,
1010 3088 1128 3161 Trojano

80 3173 216 3231 extincto;
237 3171 364 3222 oriundos
377 3191 408 3224 ex
429 3173 511 3224 mixta
525 3172 578 3224 hac
589 3185 667 3245 gente
679 3174 813 3225 Romanos
829 3173 928 3244 pietate
940 3174 969 3223 in
985 3173 1070 3243 ipsam
1081 3173 1130 3223 Ju-

79 3269 182 3302 nonem
195 3252 311 3322 insignes
323 3254 381 3304 fore
398 3251 462 3323 (791
474 3253 562 3319 —841
573 3254 593 3325 ).
606 3253 672 3305 lnde
684 3255 789 3325 Jupiter
807 3271 885 3304 omen
903 3254 1025 3305 instantis
1037 3253 1129 3303 Turno

79 3334 176 3383 mortis
189 3334 269 3383 mittit
280 3333 435 3384 bubonem:
456 3352 509 3403 quo
530 3335 588 3384 viso
600 3336 732 3397 Juturna,
757 3333 898 3404 desperata
917 3335 1007 3385 fratris
1026 3331 1129 3397 salute,

81 3410 200 3463 discedit
221 3409 421 3484 (stt-886).
449 3411 475 3464 Si
493 3413 545 3464 hoc
564 3414 645 3466 modo
661 3432 750 3465 rerum
771 3425 906 3464 momenta
926 3411 1129 3484 ponderanturt

81 3491 199 3543 deorum
219 3491 397 3544 interventum
414 3491 488 3543 haud
509 3491 590 3545 dubie
611 3511 735 3565 magnam
754 3494 809 3543 vim
829 3504 855 3545 et
875 3491 1017 3545 utilitatem
1036 3491 1131 3544 adres

84 3573 165 3643 epica
186 3589 246 3622 cum
269 3574 398 3644 gravitate
420 3571 598 3643 expediendas
614 3573 715 3626 habere
728 3585 848 3644 apparet.
870 3572 993 3626 Ceterum
1010 3573 1131 3625 videmus
1194 3584 1197 3590 ’

83 3651 221 3702 Junonem
239 3653 308 3702 inter
325 3664 351 3704 et
370 3653 500 3703 Venerem
514 3670 604 3704 omnes
621 3653 670 3704 has
683 3658 772 3724 partes
791 3654 880 3724 epicas
898 3670 954 3705 esse
967 3652 1130 3705 distributas.

84 3727 181 3784 Mirari
202 3731 279 3796 licet,
291 3731 422 3804 Apollinis
443 3745 533 3804 partes
551 3751 608 3786 esse
627 3733 732 3799 nullas,
754 3737 801 3805 qui
812 3747 901 3787 tamen
921 3731 1132 3803 Trojanis.apud

86 3813 235 3862 Homerum
246 3812 373 3877 favebat,
394 3825 421 3864 et
431 3814 541 3864 AEneam
554 3831 687 3886 expugna
699 3833 760 3866 cum
780 3815 910 3868 Diomede
929 3824 1080 3868 servaverat
1091 3812 1131 3874 E,

87 3893 140 3960 (δι
155 3911 213 3963 sqq.
227 3894 327 3944 Verum
337 3895 413 3946 Maro
426 3895 557 3966 simplicia
568 3907 594 3948 et
612 3898 681 3948 inter
694 3914 722 3950 se
732 3897 989 3970 consonapraetuli15
1000 3891 1130 3966 Apollinis

120 4058 156 4123 (r)
167 4059 203 4106 td
214 4060 338 4108 norissima
350 4060 399 4112 haee
408 4063 440 4137 cl1
450 4065 504 4113 Ere.
514 4064 537 4112 11
548 4063 578 4112 ad
589 4063 639 4112 Lib.
650 4064 699 4110 ΧΠ.
