2724 4580
253 309 313 376 ¹70
599 235 871 356 ¹nrnmnsns
896 289 930 354 r*

248 429 358 481 operam
384 412 515 464 vaticiniis
536 422 563 464 et
582 414 699 470 oraculis
721 413 858 467 variandis
879 414 995 486 reliquit.
1017 412 1078 468 Alia
1105 425 1236 486 sequutus
1257 428 1305 470 est

248 491 392 555 Horatius,
407 493 453 561 qui
465 492 596 562 Apollinis
610 511 720 564 operam
732 497 760 546 in
773 495 855 568 stirpe
867 495 985 563 Trojana
1000 493 1134 548 servanda
1151 497 1258 568 egregie
1272 506 1302 546 et

211 626 215 640 1
247 584 339 624 ornate
352 575 473 645 exposuit
482 573 569 626 Canu.
582 574 672 640 1V,6,
687 569 718 628 13
736 593 778 646 sq.
968 569 971 576 ’

529 875 902 1010 sxeuasns
938 880 1008 966 n.

492 1050 558 1117 Ad
571 1051 699 1118 Verba:
718 1075 785 1142 quo
797 1052 935 1116 numine
946 1050 1036 1115 laeso.

279 1211 303 1263 8.
317 1211 411 1276 Musa,
430 1211 499 1262 mihi
514 1229 613 1264 caussas
632 1230 763 1276 memora,
782 1230 835 1282 quo
854 1209 965 1261 numine
984 1207 1059 1274 lusu,
1083 1209 1186 1279 Quidve
1205 1208 1302 1264 dolens

242 1291 334 1362 seqlua
345 1291 423 1342 deum
434 1301 473 1342 tot
483 1290 585 1342 volvere
596 1309 669 1341 casus
681 1293 816 1362 Insiqnem
826 1290 926 1362 pietate
938 1286 1043 1354 vitum,
1057 1299 1096 1340 tot
1107 1290 1182 1340 adire
1196 1287 1304 1342 labores

241 1369 385 1442 Impulerit
392 1392 401 1432 ;
421 1381 533 1422 tantaene
554 1370 651 1422 animis
672 1369 816 1422 celestibus
839 1371 903 1422 iroe!
923 1369 1059 1422 Sententia
1086 1383 1126 1421 est
1150 1370 1297 1440 expedita;

241 1449 370 1504 haeremus
388 1463 477 1503 tamen
496 1453 525 1502 in
545 1452 605 1522 ipso
618 1451 727 1503 exordio
748 1462 802 1502 tam
824 1450 958 1522 splendidi
971 1453 1111 1516 carminis,
1130 1463 1216 1521 poetas
1235 1469 1299 1502 cas-

240 1530 407 1601 tigatissimi,
425 1532 452 1582 in
470 1532 670 1595 enuntiatione,
693 1549 751 1600 quae
764 1551 813 1583 nec
831 1533 893 1583 satis
916 1531 1054 1584 elaborata
1065 1549 1115 1582 nec
1132 1532 1212 1602 spica
1230 1548 1297 1601 gra-

240 1609 322 1660 vitate
345 1610 409 1661 satis
433 1609 515 1681 digna
537 1629 594 1662 esse
613 1610 727 1662 videtur.
756 1611 870 1663 Caussas
890 1613 982 1681 quaerit
998 1623 1079 1682 poeta
1098 1629 1112 1662 e
1128 1611 1223 1674 Musa,
1244 1628 1299 1661 cur

240 1687 337 1740 AEncas
369 1701 409 1745 tot
440 1691 517 1743 malis
549 1703 575 1743 et
602 1691 741 1743 laboribus
766 1691 885 1762 objectus
918 1693 1006 1743 fuerit.
1035 1693 1203 1762 Repetuntur
1224 1687 1297 1744 illaer

240 1770 407 1838 antiquitatis
436 1769 551 1822 heroica
573 1789 666 1839 sensu,
687 1790 703 1822 a
726 1772 834 1823 deorum
851 1772 899 1822 ira.
924 1773 985 1822 Jam
1007 1780 1114 1841 poterat
1138 1769 1223 1838 quaeri
1246 1780 1297 1818 aut

239 1849 363 1912 omnino,
382 1851 456 1919 cujus
474 1851 593 1902 numinis
611 1852 652 1902 ira
668 1870 699 1902 ea
716 1851 827 1917 fuisset,
842 1864 903 1918 aut,
921 1851 943 1902 si
955 1849 988 1902 de
1001 1849 1108 1901 nurnine
1130 1846 1298 1913 constabat,

239 1927 308 1996 quid
318 1929 374 1997 ejus
387 1931 454 1981 iram
466 1946 648 2002 provocasset.

275 2009 336 2060 Jam
346 2011 462 2081 primum
471 2013 596 2084 ambigua
604 2025 643 2064 est
655 2014 683 2064 in
695 2025 776 2084 poeta
788 2014 885 2077 oratio,
898 2024 954 2062 tum
966 2011 1091 2063 laborare
1100 2009 1209 2062 videtur
1214 2010 1299 2078 junc-

204 2140 211 2149 ,
238 2098 317 2154 tura,
340 2107 398 2160 quae
420 2105 460 2142 est
481 2091 626 2143 admodum
646 2093 761 2145 molesta
781 2106 807 2144 et
829 2095 941 2163 ingrata.
964 2092 1059 2156 Musa,
1083 2107 1214 2154 memora,
1239 2107 1298 2160 quo

237 2170 350 2221 numine
363 2169 434 2239 loeso,
452 2192 505 2244 quo
527 2173 578 2226 deo
591 2174 672 2240 laeso,
686 2174 802 2226 debebat
821 2176 917 2243 sequi:
938 2172 979 2224 vir
990 2172 1090 2244 pietate
1110 2170 1221 2242 iusiqm‘s
1243 2171 1298 2220 im-

236 2248 330 2320 pulsus
340 2251 431 2322 suerit
445 2253 547 2306 volvere
567 2266 605 2307 tot
619 2275 692 2308 casus
713 2266 760 2307 etc.
786 2253 911 2326 Sequitur
927 2267 1016 2306 tamen
1033 2252 1166 2304 alterum:
1194 2252 1297 2323 quidve

238 2327 329 2381 dolens
350 2332 440 2404 reqina
455 2331 532 2386 deum
546 2345 583 2386 tot
594 2335 696 2387 volvere
714 2353 786 2388 casus
803 2335 889 2386 virum
905 2332 1048 2405 impulerit.
1067 2332 1187 2383 Recessit
1199 2332 1296 2401 itaque

210 2445 212 2450 -
237 2422 321 2480 poeta
339 2430 355 2462 a
375 2415 464 2482 priore
482 2417 625 2483 junctura,
646 2427 673 2468 et
688 2417 793 2468 transiit
810 2415 846 2467 ad
867 2414 964 2476 aliam;
989 2412 1062 2484 quod
1081 2412 1204 2482 exemplo
1216 2411 1296 2462 haud

238 2507 331 2540 carere
342 2493 468 2542 memini:
482 2495 510 2544 in
522 2494 632 2547 exordio
643 2508 732 2548 tamen
744 2497 846 2548 facturn
858 2497 949 2545 miror.
963 2496 1045 2544 Porro
1058 2510 1112 2543 non
1124 2492 1194 2542 bene
1208 2493 1296 2561 quaeri

237 2570 357 2637 potuisse
368 2589 384 2622 a
393 2585 474 2641 poeta
483 2573 588 2625 videtur
600 2599 605 2627 ι
617 2577 751 2649 quodnam
765 2575 836 2627 illud
844 2594 943 2626 numen
949 2574 1039 2645 fucrit
1043 2594 1053 2634 ,·
1067 2592 1127 2624 cum
1139 2573 1171 2624 de
1182 2573 1295 2622 Juucne

238 2648 303 2698 satis
316 2663 466 2714 constaret;
489 2672 537 2706 nec
559 2673 590 2707 ex
612 2658 696 2708 Musis
713 2657 742 2708 id
764 2655 935 2728 quaerendum
957 2667 1030 2718 erat,
1048 2672 1111 2705 narn
1123 2653 1181 2722 ipse
1199 2651 1294 2714 statim

238 2728 346 2798 subjicit
360 2732 515 2795 Iunctum,-
537 2734 657 2789 latebant
676 2751 781 2790 tantum
801 2754 900 2789 caussae
912 2737 958 2788 irae
974 2735 1101 2786 lunonis:
1116 2750 1182 2804 quas
1199 2749 1265 2782 mox
1275 2751 1294 2780 α

214 2807 318 2878 ,Musa
340 2823 484 2884 compertas
496 2826 575 2886 poeta
601 2819 674 2869 varie
692 2819 807 2890 exponit.
829 2817 942 2870 Videtur
962 2818 1000 2868 ita
1020 2827 1077 2866 tota
1099 2813 1235 2865 sententia
1258 2812 1297 2862 ad

237 2905 321 2938 unam
332 2889 466 2943 Junonem
479 2895 631 2948 revocanda
643 2914 710 2948 esse.
724 2899 792 2948 Tum
805 2909 894 2949 autem
906 2896 1056 2948 molestiam
1069 2895 1173 2945 faciunt
1185 2891 1270 2944 verba
1281 2911 1292 2941 r

235 2988 290 3040 quo
302 2972 412 3043 numine
425 2972 501 3040 loeso,
521 2977 618 3048 quidve
631 2977 721 3030 dolens
735 2979 828 3052 reqina
843 2978 924 3029 deum
943 2973 1243 3046 virum-impulerim
1267 2975 1290 3024 Si

236 3051 308 3100 enim
320 3068 419 3103 numen
431 3053 565 3108 diversum
578 3058 612 3108 ab
624 3060 684 3130 ipsa
701 3072 758 3111 est:
780 3078 839 3112 eam
862 3055 972 3110 alterius
995 3057 1037 3107 dei
1058 3055 1169 3124 injurias
1193 3053 1290 3105 ulcisci

235 3128 352 3182 voluisse
366 3151 474 3186 necesse
494 3149 551 3200 est;
573 3140 634 3209 quis
646 3158 710 3191 vero
723 3139 769 3192 ille
790 3141 841 3190 fuit
861 3149 907 3190 aut
918 3155 976 3189 esse
988 3137 1096 3206 potuit?
1108 3147 1134 3186 et
1155 3152 1211 3206 quo
1223 3153 1291 3206 poe·

234 3218 323 3260 aarum
347 3228 397 3262 usu
414 3226 440 3265 et
463 3216 584 3286 exemplo
605 3219 676 3269 luno
697 3219 764 3271 alios
784 3219 849 3272 deos
869 3217 963 3269 ulcisci
981 3217 1048 3268 velle
1069 3214 1156 3267 videri
1178 3215 1294 3285 potest?

234 3287 330 3354 Dicas,
349 3295 470 3365 exemplo
482 3296 512 3348 id
531 3298 604 3349 lovis
621 3300 711 3352 facere
733 3319 792 3352 eam
810 3318 908 3372 posse,
933 3300 1020 3369 quiin
1040 3296 1156 3348 Palladis
1172 3299 1288 3369 gratiam

234 3369 345 3436 Ajacem
354 3372 424 3426 Oilei
440 3375 512 3428 ultus
524 3391 563 3430 est
580 3381 628 3431 inf.
647 3380 690 3446 43.
703 3382 803 3433 Verum
821 3400 875 3432 non
894 3392 998 3432 constat
1012 3379 1045 3431 de
1056 3379 1166 3431 numine
1179 3378 1286 3450 aliquo,

235 3450 311 3516 cujus
324 3469 445 3506 caussam
462 3459 532 3510 Juno
550 3463 710 3531 susceperit;
724 3479 785 3513 suas
797 3461 845 3515 illa
856 3464 928 3526 iras,
941 3477 990 3513 sua
1010 3459 1073 3512 odia
1093 3461 1221 3512 exercuit.
1241 3459 1287 3510 Sin

234 3528 351 3581 «Ῑῑιηῦηῑδ
365 3531 464 3589 ttamen
485 3551 544 3591 est:
567 3559 621 3611 quo
638 3541 748 3594 tandem
766 3560 845 3594 sensu
867 3554 955 3614 potest
976 3543 1075 3613 quaeri:
1097 3560 1151 3613 quo
1174 3541 1287 3592 numine

235 3605 312 3659 laeso?
323 3606 423 3665 Suntne
440 3618 496 3685 ejus
518 3619 630 3671 numina
640 3620 742 3692 plura?
759 3634 789 3673 ut
811 3624 893 3694 quaeri
909 3621 1011 3693 possit,
1029 3619 1101 3693 quod
1110 3623 1166 3692 qus
1184 3639 1286 3672 numen

236 3683 326 3738 laesum
332 3687 440 3758 suerit?
459 3709 503 3762 et,
516 3699 538 3748 si
556 3712 710 3768 quaeratur,
724 3719 804 3771 quam
819 3703 942 3772 jejunum
953 3700 1005 3752 hoc
1017 3712 1057 3752 est
1068 3701 1096 3750 in
1108 3711 1205 3768 poeta,
1219 3711 1246 3750 et
1257 3701 1285 3749 in

235 3766 361 3817 carminis
373 3771 482 3823 exordio
494 3779 499 3824 ἔ
513 3775 616 3828 Placuit
627 3791 717 3831 tamen
735 3780 787 3833 hoc
796 3783 853 3851 jam
866 3781 1000 3832 veteribus
1014 3779 1086 3850 apud
1099 3778 1240 3840 Servium
1259 3791 1285 3831 et

235 3845 389 3900 Macrobius
418 3851 472 3903 Sat.
494 3856 524 3920 l,
554 3873 593 3925 ¹7·
619 3859 748 3929 probasse
778 3861 883 3914 videtur
904 3883 910 3910 ε
933 3880 994 3911 cum
1024 3859 1113 3918 dicat,
1142 3859 1285 3911 Maronem

236 3927 400 3997 ostendisse,
414 3933 492 3985 unius
512 3935 554 3986 dei
574 3935 685 4007 effectus
707 3941 791 3994 varios
808 3959 857 4011 pro
874 3939 953 3991 variis
973 3937 1109 3990 censendos
1128 3955 1179 3988 esse
1195 3938 1286 3988 numi-

234 4009 527 4084 uibus.Sequitu1·hoc
546 4015 634 4071 Corda
652 4022 801 4090 cum'aliis,
815 4033 945 4092 ornetque
962 4021 1137 4074 Burmannus.
1158 4017 1282 4086 Scilicet,
