2718 4598
339 283 576 352 AENEIDOS
598 286 753 351 LIBER
775 287 849 350 ΙΙΙ.
949 284 951 288 ’

72 417 175 480 Parce
187 411 258 502 pias
270 410 430 476 scelerare
442 433 568 475 manus.
582 412 656 475 Non
668 435 722 476 me
735 409 794 475 tibi
806 409 907 499 Troja

72 522 256 585 Externum
270 515 362 597 tulit;
375 533 431 580 aut
443 540 542 582 eruor
553 516 607 582 hic
620 516 661 582 de
674 517 784 606 stipite
796 532 917 582 manat.

74 627 169 691 Heu!
183 605 261 711 luge
274 620 416 687 crudelis
429 639 546 702 terras,
560 603 638 711 frige
650 623 728 688 litus
740 647 884 688 avorum.

73 731 159 795 Nam
172 727 353 816 Polydorus
367 739 439 816 ego.
454 729 516 794 Hic
529 728 695 794 confixum
708 731 814 794 ferrea
826 729 906 794 texit

71 835 235 898 Telorum
247 856 353 921 segeS,
368 849 401 896 et
408 833 525 922 jaculis
541 835 680 920 increvit
691 836 810 902 acutis,

73 942 164 1004 Tum
175 963 255 1004 vero
267 939 402 1026 ancipiti
414 956 560 1004 mentem
573 934 751 1006 formidine
763 963 895 1030 pressus

74 1045 256 1136 Obstupui,
270 1037 498 1134 steteruntque
511 1067 628 1126 comae,
643 1064 676 1111 et
687 1070 751 1110 vox
763 1046 913 1114 faucibus
924 1045 1029 1112 haesit.

69 1167 74 1180 '
120 1155 219 1216 Hunc
232 1149 432 1240 Polydorum
443 1153 515 1216 euri
528 1152 697 1242 quondam
710 1175 786 1235 cum
799 1153 948 1242 pondere
960 1175 1079 1242 magno

75 1257 194 1322 Infelix
208 1257 355 1321 Priamus
367 1258 482 1321 furtim
493 1258 663 1324 mandarat
675 1258 833 1325 alendum
1093 1271 1125 1320 50

73 1363 231 1428 Threicio
244 1364 330 1452 regi,
344 1387 448 1452 quum
455 1364 525 1454 jam
537 1363 705 1430 diffideret
718 1367 817 1430 ermis

73 1469 262 1547 Dardaniae,
276 1468 430 1558 cingique
442 1469 559 1534 urbem
573 1469 749 1536 obsidione
761 1470 899 1536 videret.

75 1577 150 1654 Ille,
165 1592 202 1639 ut
214 1595 293 1662 opes
307 1575 417 1638 lractae
429 1577 610 1670 Tquerum,
626 1593 658 1640 et
670 1579 816 1641 Fortuna
828 1573 975 1654 recessit,

74 1685 139 1746 Res
152 1681 426 1768 Agamemnonias
439 1682 651 1770 victriciaque
664 1704 753 1746 arma
767 1698 913 1774 secutus,
922 1681 944 1766 ]

73 1789 135 1854 Fas
149 1808 247 1852 omne
260 1785 443 1874 abrumpit,
457 1785 658 1876 Polydorum
672 1785 860 1866 obtruncat,
877 1803 910 1850 ct
921 1808 1003 1852 auro
1096 1801 1125 1848 55

113 1957 294 2015 &extremum
304 1955 372 2002 Witt.
385 1972 438 2002 cum
449 1957 517 2002 codd.
532 1959 607 2011 Pier,
620 1971 735 2020 perpetuo
746 1958 820 2020 lapsu.
831 1958 859 2001 Ε.
870 1957 931 2002 dedit
940 1954 1010 2002 Wall.
1023 1966 1063 2002 aut
1074 1973 1126 2004 ret-

73 2031 139 2074 tituit
155 2031 236 2074 lleins.
253 2045 266 2074 e
283 2027 349 2073 libris
365 2027 440 2087 (adde
456 2017 537 2091 fragm.
553 2029 644 2087 vatic.)
662 2041 685 2075 et
700 2031 873 2084 Grammaticis,
889 2045 959 2092 quem
971 2029 1032 2075 vide.
1049 2029 1126 2090 Vulgo

74 2099 152 2155 iraud5
161 2104 187 2146 in
197 2116 244 2163 quo
255 2101 304 2146 lere
316 2115 408 2162 semper
419 2103 508 2147 variant
521 2099 584 2146 libri.
594 2110 636 2146 aut
647 2117 702 2148 vero
712 2117 756 2164 pro
771 2117 811 2146 nec
826 2103 895 2148 etism
912 2103 937 2146 in
950 2115 1018 2162 prosu
1030 2103 1127 2162 ponitur

72 2174 98 2216 in
111 2170 183 2218 simili
194 2174 321 2228 sententis,
337 2188 369 2218 sc.
388 2173 471 2218 nonde
485 2175 559 2234 stipite
570 2172 614 2218 sed
625 2173 655 2218 de
674 2189 728 2218 meo
740 2187 848 2246 corpore.
860 2199 892 2210 -
903 2170 942 2228 44.
957 2187 1061 2216 amarum
1077 2187 1123 2217 see.

75 2241 173 2298 llamb.,
189 2258 320 2304 perperam.
333 2242 459 2297 cf.,Burm.
469 2268 500 2278 -
510 2241 547 2300 to.
562 2241 663 2305 implevit
679 2241 770 2306 aliquot
784 2246 846 2289 Pier.
856 2259 910 2288 eum
922 2259 957 2304 pr.
975 2242 1086 2288 llottend.
1102 2251 1126 2288 et
1204 2251 1206 2254 '

74 2316 153 2375 Sprot.
163 2339 195 2348 —·
206 2313 243 2376 47.
256 2316 323 2359 Nune
339 2329 391 2370 vero
401 2313 459 2362 alter
470 2307 553 2369 Hnmbf.
561 2340 592 2350 -
604 2312 641 2370 48.
654 2323 807 2379 steteruntque
819 2313 910 2378 aliquot
921 2315 982 2359 Pier.
996 2324 1019 2360 et
1030 2314 1124 2366 Burm,

74 2398 101 2430 ut
118 2401 170 2446 sup.
187 2385 220 2440 ll,
240 2384 292 2446 774.
309 2395 433 2450 stetereque
447 2388 527 2431 Frane.
545 2394 568 2432 et
583 2381 648 2432 abest
666 2403 678 2432 a
698 2386 795 2432 Dorvill.
808 2411 840 2422 -
850 2387 889 2446 49.
904 2400 984 2449 magne
994 2401 1014 2430 c.
1026 2401 1049 2446 p.
1061 2392 1128 2430 vasto

74 2453 182 2500 Parrhas.
195 2471 274 2518 magno
290 2471 310 2500 c.
324 2472 347 2518 p.
362 2457 476 2520 quondam
487 2456 604 2518 Cuningh.
618 2473 646 2503 ex
659 2456 723 2503 Huls.
734 2483 764 2492 -
775 2458 811 2502 50.
830 2458 939 2503 commisit
952 2453 1059 2499 olendum
1070 2455 1124 2499 Ere.

74 2525 156 2568 Burm.
169 2540 197 2570 ex
209 2527 450 2587 interpretatione—
458 2529 494 2573 51.
511 2527 627 2582 Threicio,
642 2530 730 2574 Traicio
739 2528 854 2592 seriliitur.
864 2552 895 2560 -
906 2527 943 2571 52.
951 2525 1058 2571 immune
1068 2524 1127 2570 alter

74 2591 159 2637 Hamb.
170 2618 201 2627 -
212 2593 247 2640 53.
265 2603 288 2639 et
303 2594 369 2641 deest
379 2595 494 2642 Montalb.
510 2609 533 2642 et
545 2595 635 2660 aliquot
651 2599 772 2644 Pierianis.
786 2599 898 2641 Teucrum
906 2594 941 2657 fr.
958 2594 1094 2657 fortunaque
1105 2609 1125 2637 r.

73 2663 177 2710 Dorvill.
187 2689 220 2702 --
231 2665 268 2712 55.
284 2665 377 2729 abrupit
392 2671 499 2732 quinque
517 2669 596 2715 Burm.
615 2668 728 2734 uirumpit
739 2683 785 2716 tres
799 2667 937 2730 altisterupu
953 2665 1023 2712 Goth.
1040 2681 1085 2712 sec.

71 2834 111 2845 -
121 2803 154 2870 42
167 2823 246 2874 parce
259 2807 398 2875 scelerare,
414 2811 441 2863 h.
460 2831 482 2864 e.
500 2813 573 2878 noli,
625 2825 724 2864 tuntur.
735 2813 777 2863 lta
779 2809 881 2882 jaculis
888 2822 1012 2862 estcasus
1020 2808 1123 2870 tertius,

71 2881 83 2951 (
97 2895 128 2935 ut
142 2883 215 2953 apud
230 2886 321 2938 llorat.
340 2899 367 2939 e't
378 2889 438 2960 el.)
453 2890 574 2959 polluere
623 2909 673 2963 pro
687 2891 714 2942 in
722 2889 821 2961 jacula.
832 2889 940 2958 Alioqui
949 2889 1028 2957 copie
1037 2888 1124 2937 otiosa

72 2963 176 3014 scelere
188 2981 290 3016 manus.
303 2967 374 3019 Mele
387 2968 438 3019 alie
451 2969 555 3021 Servius
566 2990 573 3029 ;
624 2970 724 3022 dietum
734 2981 816 3034 esset,
825 2985 896 3040 *seges
910 2965 1023 3018 telorum
1040 2965 1123 3015 incre·

71 3057 103 3096 at
120 3053 192 3094 reete
206 3043 277 3096 idem
288 3044 419 3116 sepultum
437 3047 495 3099 lr.·l.
507 3049 575 3100 vidit
623 3049 702 3100 vitex
715 3047 827 3120 jaculis,
845 3047 871 3096 h.
893 3063 915 3097 e.
936 3043 1000 3096 telis¹
1019 3041 1124 3113 (Igitur

72 3123 575 3194 essefortuitaobrutumterrs(cf.ad
623 3126 682 3176 telis
710 3128 761 3177 fuit
787 3125 940 3183 confossus;
963 3123 997 3173 cf.
1021 3122 1122 3172 Auson.

71 3221 98 3254 v.
112 3202 177 3272 ss«)
190 3230 224 3239 -
236 3201 278 3268 42.
298 3219 339 3251 me
360 3201 408 3252 tibi
424 3223 476 3255 nou
493 3215 576 3255 exter·
624 3203 748 3274 epitaph.
770 3206 832 3256 xlx
851 3205 927 3255 aliter
948 3215 1027 3270 atque
1050 3201 1122 3270 apud

72 3298 142 3333 num
154 3280 232 3352 Troju
245 3277 324 3343 tulit,
338 3281 463 3351 protulit,
475 3285 574 3354 genuit,
624 3282 794 3354 Euripidem,
808 3285 854 3353 qui
871 3299 931 3334 eum
950 3283 1021 3332 ferro
1035 3282 1122 3331 conei-

72 3363 102 3414 h.
117 3379 140 3414 e.
154 3362 284 3431 Trojanus
297 3378 364 3412 sum.
377 3363 438 3414 Non
451 3381 529 3416 cruor
544 3366 576 3416 de
624 3381 683 3414 snm
694 3375 786 3414 riarrst
795 3365 813 3433 ).
832 3391 866 3400 —-
879 3361 892 3426 4
897 3379 921 3432 7.
941 3353 1045 3412 Pressas
1059 3360 1122 3430 sor-

72 3442 179 3512 stipite,
204 3441 251 3494 sed
266 3441 299 3493 de
315 3459 374 3493 meo
389 3459 506 3514 *corpore
521 3463 575 3496 ms·
624 3443 739 3506 midine,
752 3453 818 3512 pute
826 3441 943 3511 positum
950 3458 999 3511 pro
1009 3439 1122 3510 vulgari,

73 3534 132 3574 nat.
624 3541 781 3596 oppressum.
1103 3537 1125 3550 ⁷

17 3609 18 3614 ’
113 3600 157 3666 45·
174 3599 220 3666 -46,
241 3601 316 3673 Seges
337 3599 447 3653 telorum
466 3595 578 3654 increvit
654 3603 702 3671 ἧς).
714 3601 756 3652 Ad
766 3619 824 3672 sqq.
836 3619 859 3650 v.
870 3601 976 3650 Excurs.
986 3599 1021 3649 lll
1029 3598 1063 3651 de
1071 3601 1106 3650 Po

66 3676 171 3753 jaculis
179 3680 276 3746 acutis,
288 3680 315 3732 h.
329 3700 352 3734 e.
363 3681 428 3746 telo,
440 3694 471 3733 nt
480 3685 575 3738 emissa
624 3683 725 3756 lydoro.
739 3683 794 3734 Rex
805 3693 862 3734 eret
870 3680 1060 3751 Polymnestor.

75 3771 155 3814 erant
167 3764 193 3811 in
204 3759 575 3832 mesinlioc'tunrulo(sent'it
644 3761 701 3814 -53.
719 3762 784 3813 Rem
803 3773 829 3813 et
844 3778 964 3813 caussam
979 3759 1121 3831 Agamem-

75 3857 183 3893 mecum
194 3841 576 3914 Pompon.Sebin.)excreve-
623 3843 700 3894 nonis
728 3842 861 3913 potiorem
888 3841 1002 3898 factsm5
1030 3851 1120 3915 partes

76 3922 181 3974 runtin
200 3919 407 3989 arbores,unde
420 3921 510 3994 jacula
526 3942 575 3996 pe·
623 3922 836 3994 Agamemnonis.
857 3947 895 3964 ι-
914 3917 956 3972 55.
978 3918 1026 3969 Fas
1044 3933 1124 3970 omns
1165 3913 1169 3920 ’
