2718 4598
416 357 479 418 An
503 359 701 422 arentin
726 363 773 424 11.
1049 351 1113 446 318

71 477 100 526 in
120 477 341 546 interpretatione
365 489 390 528 et
417 475 618 532 adumbratione
637 481 715 552 hujus
733 487 842 554 picturae
861 486 944 555 (Hirr.
962 497 993 545 de
1005 497 1110 554 'l’Acad,

69 556 115 606 des
130 557 210 608 lnscr.
225 559 299 606 Tum.
320 557 430 622 XXVII,
445 577 471 628 p.
494 559 549 626 34).
563 560 615 612 Sed
626 563 713 633 Epeus
731 583 762 616 ex
781 568 886 620 artificis
906 587 993 628 mente
1010 583 1113 635 ruinam

70 639 144 686 muri
158 637 323 707 ampliabat,
345 651 374 688 ut
391 633 547 710 prospectus
560 643 588 692 in
605 643 698 695 urbem
710 658 828 714 pateret,
848 652 918 719 intra
930 657 1004 723 cujus
1017 665 1114 715 moenia

71 728 153 765 erant
167 717 355 785 patefacienda
366 719 508 784 nonnulla,
523 738 579 789 quae
597 721 631 772 ad
646 739 831 794 argumentum
843 732 1005 798 spectabant.
1019 741 1114 793 Praeter

55 794 184 846 'artificis
205 810 292 848 tamen
312 800 428 849 animum
448 818 478 850 ac
494 819 579 870 graeca
598 803 749 869 Pausaniae,
772 824 894 876 expressa
915 827 975 863 sunt
997 836 1012 868 3
1033 819 1116 892 Caylo'

70 876 157 924 etiam
177 875 230 926 alia
248 877 387 928 nonnulla.
408 879 450 930 Ad
468 893 588 932 nostrum
607 895 710 953 tempus
726 899 830 938 servata
850 907 931 958 opera
942 930 950 956 ‚
972 897 998 946 in
1020 901 1114 968 quibu,

70 952 166 1022 Equus
179 955 309 1023 Trojanus
330 959 439 1022 visitur,
461 959 697 1012 Winclielmannus
721 964 784 1014 olim
805 971 962 1021 numerabat
982 991 1114 1045 quatuor,

68 1034 226 1101 picturam,
247 1039 310 1087 satis
323 1039 416 1090 inscite
426 1040 543 1105 factam,
557 1039 662 1092 Codicis
680 1037 802 1095 Vaticani
820 1065 835 1096 a
856 1049 972 1102 Bouario
986 1057 1027 1106 ed.
1041 1077 1067 1127 p.
1082 1052 1114 1126 43

72 1124 100 1161 et
112 1112 165 1180 47;
185 1114 304 1165 tabulam
325 1117 432 1168 Iliacam
452 1137 466 1168 3
485 1119 610 1169 Fabretto
622 1121 773 1192 vulgatam,
786 1143 857 1175 num.
872 1127 905 1195 95
923 1143 948 1180 et
963 1148 1011 1184 ion
1029 1134 1115 1203 (uude

72 1192 190 1262 Begerus
206 1194 340 1246 transtulit
358 1198 385 1246 in
404 1197 450 1247 lib.
470 1196 504 1248 de
516 1198 588 1249 Bello
608 1212 634 1250 et
652 1200 760 1252 Excidio
779 1205 875 1275 'l¹roj.);
895 1226 1023 1276 gemmam
1044 1219 1116 1286 apud

68 1272 190 1324 Lieeturn
211 1293 238 1344 p.
259 1275 310 1328 310
333 1273 402 1344 (quo
428 1277 546 1328 Gorlaeus
570 1282 676 1348 repetiit
695 1283 721 1330 Ρ.
743 1284 765 1331 11
783 1301 808 1333 n.
835 1284 911 1358 52'3);
932 1302 958 1339 et
980 1294 1113 1361 picturam

72 1351 300 1403 Herculanensem
320 1354 395 1404 Turn.
415 1356 450 1405 111
468 1368 487 1405 t.
512 1359 546 1422 4ο
570 1375 597 1408 re
621 1360 749 1410 inrisum
767 1381 859 1428 versa,
880 1379 909 1415 ut
930 1387 979 1438 pro
1003 1375 1117 1441 paroilia¹

75 1432 183 1484 scenica
195 1431 288 1483 haberi
307 1451 348 1484 res
367 1437 464 1504 possit;
483 1437 577 1504 quibus
598 1440 654 1508 ipse
674 1439 778 1491 addidit
790 1446 910 1511 quintum
932 1453 1079 1522 exemplum
1102 1477 1115 1508 e

72 1529 197 1580 gemma,
209 1513 330 1563 Menum.
344 1523 400 1562 ant:
413 1514 480 1564 inetl.
492 1515 572 1580 CXL,
584 1535 710 1586 quaecum
720 1521 831 1590 Virgilio
844 1523 971 1577 haetenus
982 1536 1114 1600 convenit,

75 1590 150 1658 quod
166 1591 194 1640 in
210 1610 241 1642 ea
260 1609 412 1661 expressum
428 1593 457 1644 id
475 1595 547 1663 quod
560 1614 585 1645 v.
608 1597 656 1647 262
678 1597 805 1668 legimus:
825 1603 970 1654 Demissum
986 1607 1053 1678 lapsi
1069 1632 1117 1681 per·

67 1667 189 1736 sutiem3
209 1682 297 1722 tamen
310 1672 388 1722 simul
407 1673 479 1723 scala
490 1673 597 1724 admota
609 1692 678 1743 equo
697 1679 826 1741 cernitur,
840 1696 919 1747 quam
931 1683 1045 1747 Quintus
1057 1692 1112 1742 Cal.

70 1750 148 1815 XIII,
162 1747 194 1800 52
215 1763 241 1800 et
252 1751 396 1822 Tryphiod.
410 1771 434 1800 v.
449 1753 486 1821 89
495 1767 658 1819 memorant,
670 1755 776 1808 'Pabula
791 1760 869 1808 etiam
882 1761 963 1818 Iliaca
975 1784 1046 1817 num.
1064 1787 1113 1822 roo

71 1827 355 1880 exlribet.'Ceruuntur
373 1830 473 1882 ibidem
492 1831 604 1884 claustra
621 1832 656 1902 (v.
671 1836 717 1884 inf.
740 1836 818 1908 259),
832 1855 889 1906 quae
901 1838 982 1892 Sinon
999 1844 1115 1900 laxatet

73 1910 179 1976 aperit,
192 1906 218 1958 h.
242 1908 358 1984 3819111
379 1927 425 1959 seu
444 1911 586 1972 ostiolum3
612 1913 685 1982 quod
708 1913 777 1965 idern
799 1916 858 1967 cuni
879 1919 942 1970 fune
964 1923 991 1972 in
1011 1926 1116 1994 pictura

73 1984 180 2036 Codicis
191 1988 276 2038 varie.
291 2006 318 2056 p.
332 1987 365 2057 47
379 1991 502 2039 occurrit.
523 1991 568 2041 Est
580 1990 688 2043 tandem
704 2005 796 2062 patera
812 1997 942 2064 Etrusco,
964 2017 1010 2052 seu
1022 2005 1115 2058 Italico

74 2085 174 2136 opere,
196 2067 268 2137 apud
286 2069 415 2118 Lamiam
438 2069 454 2134 (
454 2071 549 2140 839913
569 2072 597 2144 di
616 2071 709 2144 linqua
725 2075 852 2145 Etrusca)
864 2079 939 2128 Tem.
957 2081 995 2146 II,
1013 2103 1040 2153 p.
1056 2089 1114 2138 223,

73 2145 198 2197 Habebat
209 2148 290 2217 igitur
307 2160 388 2218 poeta
404 2147 552 2200 1383131113
568 2151 657 2201 multis
670 2152 996 2226 tractatametrulgarem
1015 2176 1075 2213 ante
1088 2179 1115 2216 se
1145 2223 1149 2232 ,

74 2227 205 2296 positam,
220 2227 268 2278 sed
286 2247 346 2278 cum
368 2247 400 2279 ea
416 2228 495 2279 simul
504 2231 622 2300 tragicos
638 2247 701 2280 suos
721 2249 752 2281 ex
760 2230 860 2282 Grecis
877 2253 1022 2304 expressos.
1047 2245 1120 2295 Nam*

75 2304 146 2354 Livii
159 2304 307 2357 Andronici
318 2307 370 2356 fuit
380 2306 474 2358 fabula
484 2343 492 2372 ,
504 2308 596 2378 Equus
610 2309 753 2380 Trujunus,
772 2305 786 2360 e
799 2325 852 2380 qua
864 2313 1012 2384 fragmenta
1029 2333 1120 2390 Pauca,

74 2396 236 2451 supersunt,
256 2381 712 2455 311393381ωυὶ139.Μ331ο8.171,
729 2405 750 2451 i,
768 2401 795 2439 et
816 2387 849 2440 de
871 2407 902 2440 eo
923 2405 1010 2444 actum
1022 2399 1073 2448 fuit
1090 2404 1116 2451 iu

73 2462 150 2512 Accii
168 2463 312 2533 Deiphobo.
326 2483 351 2515 r.
369 2465 441 2516 Serv.
457 2464 492 2516 ad
504 2468 540 2529 II,
558 2481 600 2536 17:
613 2469 652 2518 uti
665 2485 772 2537 quoque
784 2470 941 2542 in'Tragicia
957 2475 1039 2528 Graec.
1060 2483 1117 2532 1113-Ι
1193 2461 1199 2477 ¹

72 2553 207 2606 meretur,
219 2559 245 2591 v.
259 2561 281 2593 c.
294 2543 384 2612 Eurip.
399 2544 496 2594 Troad.
508 2563 536 2614 9.
549 2562 587 2615 sq.

110 2621 163 2672 Sed
175 2623 282 2694 gravior
296 2623 447 2674 observatio
469 2626 538 2676 forte
560 2639 599 2676 est
618 2625 677 2690 illa,
697 2645 751 2696 qua
769 2633 1116 2706 3113933131381113111931

75 2720 103 2752 se
120 2701 250 2771 puerilem
269 2714 295 2752 et
311 2702 412 2755 nullam
430 2701 585 2756 armatura·
597 2706 742 2757 habentem
760 2708 798 2758 ita
816 2712 983 2775 tranaverit,
1001 2725 1030 2762 nt
1050 2716 1116 2766 nihil

74 2802 125 2836 nos
138 2784 166 2833 in
177 2803 210 2835 ea
222 2783 356 2848 offendet,
369 2784 453 2836 multa
472 2785 612 2838 delectent.
625 2786 755 2838 Fabulam
774 2787 827 2838 dixi
838 2790 967 2857 puerilem
982 2804 1008 2842 et
1028 2813 1076 2862 per
1088 2813 1115 2844 se

74 2881 174 2937 parurn
193 2863 376 2934 probabilem
396 2867 444 2916 etsi
463 2867 683 2937 interpretatione
700 2885 749 2918 sua
767 2885 825 2918 earn
841 2871 934 2936 juvare
955 2875 1043 2921 conati
1064 2876 1117 2922 sint

74 2945 154 2998 multi
173 2946 252 2996 etiam
268 2945 336 2994 inter
351 2957 462 2996 veteres.
481 2947 549 2998 Vide
567 2946 609 2998 vel
627 2945 698 2997 Serv.
717 2959 743 2998 et
752 2946 866 2998 Cordum
880 2948 954 2999 adh.
969 2949 985 2998 1Ι
1001 2961 1026 3000 et
1038 2951 1116 3019 plura

74 3027 139 3076 satis
162 3024 418 3092 inepte'excogitata
439 3041 481 3092 ap.
505 3025 624 3074 Licetum
648 3016 762 3075 Gemuiis
782 3023 913 3074 Annular.
935 3042 962 3095 p.
984 3026 1034 3076 310
1056 3047 1112 3098 sqq.

70 3104 226 3157 Abhorrens
239 3113 278 3154 est
290 3117 309 3152 3
315 3102 374 3152 rudi
385 3115 411 3153 et
422 3103 531 3154 indocta
541 3110 685 3168 vetustate,
701 3105 817 3174 cogitare
829 3104 862 3153 tle
879 3105 1002 3172 machina
1015 3107 1111 3158 bellica

75 3189 105 3236 in
118 3185 179 3255 equi
189 3199 290 3232 morem
303 3183 425 3233 formata.
440 3181 492 3234 Sed
503 3181 578 3232 haud
591 3181 671 3232 dubie
684 3185 711 3232 in
723 3187 817 3234 veteris
833 3183 939 3233 Graeciae
957 3188 1045 3254 prisco
1059 3205 1115 3237 ser·
1130 3181 1132 3186 ¹

74 3283 173 3330 mone,
185 3261 300 3314 audaces
312 3275 339 3313 et
348 3261 490 3312 insolentes
503 3253 599 3332 figuras
613 3274 729 3312 sectante
741 3264 854 3313 obscura
865 3261 942 3330 hujus
959 3265 1027 3334 Equi
1041 3269 1120 3337 origo

72 3343 147 3394 latet.
161 3340 241 3407 Quod
254 3354 342 3392 tamen
354 3345 395 3391 me
406 3342 433 3391 in
450 3340 499 3392 hac
509 3340 602 3391 fabula
614 3341 698 3390 multo
711 3343 794 3410 mugit
807 3351 892 3403 tenet,
905 3353 945 3391 est
957 3340 1023 3407 hoc,
1041 3345 1113 3414 quod

71 3421 119 3472 ille
136 3421 227 3490 Equus
248 3417 350 3469 Palladi
363 3420 419 3469 voti
432 3437 525 3470 caussa
539 3421 658 3470 offertur.
681 3420 766 3481 Nam,
787 3422 809 3468 si
821 3420 962 3487 Neptuno,
979 3422 1114 3492 Equestris

73 3502 114 3550 rei
127 3498 246 3558 auctori,
260 3495 362 3563 Ἱππίᾳ,
382 3509 567 3548 consecratum
579 3497 715 3561 viderem,
728 3515 781 3546 non
801 3497 919 3548 mirarer.
933 3499 1013 3563 Quod
1030 3503 1114 3554 Pallas

74 3577 179 3629 artibus
198 3589 308 3645 praeest,
331 3576 360 3627 id
380 3589 483 3628 tantum
505 3576 538 3628 ad
562 3577 701 3630 artificium
724 3579 786 3646 equi
810 3577 881 3646 ligno
901 3579 965 3630 faeti
983 3584 1115 3650 pertinere

72 3669 174 3729 potest.
196 3655 237 3706 An
259 3671 358 3728 equus,
374 3659 448 3708 navis
470 3657 618 3727 sprtbolum
637 3658 713 3727 (nam
735 3659 931 3728 navigationem
953 3664 1114 3732 antiquiores

72 3757 123 3808 per
146 3738 334 3806 equitationem
354 3737 569 3801 adumbrabau13
588 3751 616 3788 ut
637 3741 707 3791 forte
728 3739 779 3789 hoc
801 3742 860 3809 ipso
877 3752 963 3790 ortum
975 3741 1114 3805 videatur,

74 3815 150 3888 quod
163 3817 302 3887 Neptunus
316 3837 413 3888 equum
425 3817 581 3888 produxisse
593 3819 714 3890 proditus
725 3824 791 3892 est),
804 3837 853 3889 pro
863 3823 1031 3892 navigatione
1044 3823 1115 3874 felici

72 3897 216 3948 dedicatus
232 3899 301 3948 fuit?
320 3898 422 3950 Palladi
441 3910 545 3962 autem,
568 3902 631 3970 quia
647 3919 679 3951 ea
695 3900 745 3952 dea
763 3914 873 3970 propter
895 3901 1012 3952 ablatum
1029 3900 1115 3952 Palla-

73 3977 153 4027 dium
168 3989 224 4028 erat
252 3977 382 4029 lacanda?
399 3981 513 4050 Navigio
531 3981 611 4032 etiam
622 3983 740 4032 actuario
761 3999 857 4050 equum
871 3979 1011 4031 adsimulat
1023 3980 1112 4046 Eurip,

73 4055 178 4108 'I'road
193 3994 366 4110 5311311111
383 4061 488 4127 verbis,
502 4078 559 4131 quae
575 4063 712 4130 antiquum
726 4077 872 4112 sermonem
882 4061 937 4111 fere
950 4058 1113 4116 aemulantur}

897 4163 936 4197 21.
