2690 4594
393 327 778 396 1n11n111111111.
1046 327 1109 413 115

54 453 148 506 ciunt.
162 453 256 506 Portus
273 454 353 506 etiam
369 454 463 507 AEneoe
476 457 503 506 in
515 452 621 507 Pallene
633 467 797 506 memoratur
811 452 952 506 abeodem
963 454 1051 520 XLV,
1065 453 1109 506 30.

96 535 139 585 Ea
151 520 414 606 Thracia'in'Delam
428 535 542 588 insulam
553 536 662 605 Trojani
674 548 736 586 sunt
750 535 846 600 delati,
864 535 900 586 III
907 574 915 602 ,
933 535 968 603 69
980 553 1038 606 sqq.
1051 537 1112 586 IIoc
1209 579 1210 582 ,

54 614 139 666 idem
156 615 264 689 Dionys.
285 616 367 668 Halia.
381 619 408 680 I,
423 615 457 669 50
474 616 575 668 babet:
598 618 663 668 Cum
675 635 690 666 e
701 615 831 681 Pallene,
848 617 951 686 inquit,
963 614 1111 680 solvissent,

57 693 93 744 in
116 694 231 747 insulam
241 695 339 749 Delam
354 707 496 761 venerant,
511 715 572 747 enm
587 697 673 748 Anias
690 697 718 747 in
735 716 767 748 ea
783 707 902 768 regnaret
908 717 919 757 ,·
931 707 957 747 et
968 697 996 746 in
1009 695 1058 746 bae
1072 695 1113 746 in·

55 771 141 839 sula,
154 775 217 826 dnm
229 794 267 828 res
278 779 332 847 ejus
337 775 467 851 florerent
479 787 503 826 et
515 773 627 847 edificia
638 785 737 828 starent
746 775 756 846 (
765 777 859 828 misere
873 788 961 828 autem
976 775 1113 827 devastata

58 863 106 902 est
119 852 207 906 insula
221 854 256 905 ab
268 854 414 921 Archelao,
428 852 590 906 Mithridatis
603 853 687 908 duce:
703 874 728 906 v.
741 856 799 905 Viri
811 854 884 906 docti
895 855 986 906 Exerc-
1000 852 1033 906 de
1044 851 1112 904 Delo

56 930 92 980 in
113 925 188 982 MIsc.
207 922 286 984 Ohss.
303 933 363 984 Vol.
380 935 441 999 VII,
461 953 485 985 c:
505 933 557 1003 9),
571 932 657 984 multa
670 933 767 984 indicia
777 933 939 998 visebantur,
951 949 1011 1005 qnoe
1021 933 1114 984 AEneoe

57 1020 91 1060 et
103 1010 278 1081 Troianorum
292 1014 319 1064 in
331 1031 389 1066 eam
399 1013 541 1064 adventum
553 1013 721 1064 testabantur.

100 1089 188 1141 Anius
207 1090 252 1142 bic
267 1093 295 1144 in
311 1105 436 1151 veterum¹
448 1105 589 1162 poetarum
602 1091 698 1165 mythis
714 1093 765 1150 fuit
780 1093 1018 1156 celebratissimus,
1034 1091 1114 1142 etiarn

59 1165 369 1243 filiabus'OEnotropis,
388 1186 418 1224 nt
439 1171 552 1236 docent,
570 1191 629 1243 qua
650 1172 723 1242 apud
741 1173 820 1224 Diod.
840 1175 881 1238 V,
898 1173 941 1225 62.
959 1171 1038 1224 Ovid.
1052 1169 1114 1221 XIII

58 1247 133 1298 Met.
145 1249 198 1315 640
214 1267 272 1320 sqq.
288 1250 491 1322 Lycophronem
502 1251 575 1304 Cass.
592 1251 644 1321 570
656 1265 682 1303 et
694 1251 782 1303 schol.
796 1252 831 1304 ad
844 1271 866 1304 e.
880 1252 898 1303 l.
912 1263 938 1304 et
950 1267 1041 1303 versus
1053 1266 1113 1319 sqq.

60 1327 188 1380 Eustath.
206 1350 233 1401 p.
247 1331 312 1398 824,
329 1349 374 1402 17,
388 1335 433 1403 qui
447 1333 651 1405 Lycophronem
664 1334 721 1384 fere
734 1335 868 1403 seqnitur,
887 1333 1006 1384 Servium
1025 1329 1060 1384 ad
1080 1329 1116 1380 III

60 1408 125 1459 AEn.
141 1408 183 1460 80.
195 1411 292 1483 Dictyn
302 1410 350 1463 lib.
365 1414 376 1461 I
389 1413 440 1464 line
458 1411 512 1482 legi
524 1424 645 1481 possunt.
665 1413 736 1462 Nam
752 1429 801 1464 nos
813 1412 869 1464 haec
889 1424 991 1463 tantum
1009 1408 1116 1478 attingi-

60 1505 135 1538 mus.
157 1489 203 1556 Est
221 1502 310 1542 tamen
324 1490 380 1541 haec
397 1510 429 1542 e11
448 1490 643 1562 antiquioribus
655 1489 767 1554 fabulis,
783 1493 805 1541 si
818 1489 925 1560 quidem
936 1486 1116 1558 Pherecydem

60 1568 272 1638 (Atheniensem
283 1572 365 1642 puta)
377 1584 403 1622 et
415 1572 513 1644 Cypria
524 1572 580 1642 Epe
590 1571 623 1622 de
633 1573 665 1621 iis
675 1570 768 1621 laudat
779 1573 872 1622 Tzetza
883 1570 901 1622 I.
913 1589 936 1621 c.
946 1570 990 1620 Ad
1001 1566 1116 1628 eundem

62 1649 167 1702 Anium
184 1652 255 1703 refer
273 1650 334 1703 loca
352 1650 438 1702 Suidae
455 1653 482 1702 in
499 1648 654 1718 Tarmiani.
671 1650 804 1719 Apollinis
816 1663 843 1700 et
855 1650 959 1701 Creusae
971 1647 1039 1699 filius
1053 1663 1116 1716 pro·
1140 1687 1143 1694 .

63 1728 142 1780 ditur
156 1731 239 1784 Anius
258 1731 332 1802 apud
348 1731 486 1782 Cononem
497 1732 602 1783 Narrat.
616 1732 665 1796 41,
681 1732 792 1800 ejusque
805 1729 874 1781 filius
888 1729 1008 1791 Andrus,
1023 1726 1115 1790 insulae
1151 1781 1152 1786 ¹

60 1809 100 1860 ab
118 1811 177 1879 ipso
195 1811 335 1884 appellatae
347 1810 471 1864 conditor
484 1833 489 1862 ε
502 1830 528 1862 v.
543 1809 608 1864 ibid.
619 1809 698 1874 Qvid.
711 1810 730 1861 I.
743 1809 760 1860 I.
775 1829 800 1861 v.
819 1809 880 1879 649.
893 1803 974 1860 Diod.
987 1809 1024 1871 V,
1040 1823 1074 1876 79
1088 1815 1116 1855 et

63 1890 157 1940 Wess.
530 1935 534 1950 ,

102 1969 165 2022 Anii
177 1969 258 2024 filiam
270 1971 305 2023 ab
319 1971 403 2024 AEnea
414 1975 442 2023 in
456 1974 655 2024 matrimonium
675 1972 797 2035 ductam,
814 1970 962 2024 secundum
977 1969 1044 2022 alios
1057 1970 1117 2019 vio-

62 2049 164 2116 latam,
178 2052 275 2103 Anium
288 2065 367 2122 partu
380 2051 508 2116 edidisse,
526 2052 631 2104 ServIus
645 2052 679 2104 ad
696 2054 746 2112 III,
760 2053 794 2106 80
810 2064 908 2104 narrat.
922 2053 1005 2101 Pnus·
1016 2048 1083 2100 illud
1102 2065 1117 2099 e

63 2131 160 2202 graecis
172 2132 347 2202 scriptoribus
362 2131 498 2184 nonnuIIIs
517 2135 598 2186 etiam
610 2133 718 2203 Dionys.
732 2131 817 2183 Halic.
830 2133 855 2194 I,
869 2129 903 2198 59
915 2139 1115 2191 commemorat,

63 2228 167 2264 nomen
179 2213 287 2283 puella,
304 2214 414 2283 insuper
431 2211 522 2276 addit,
536 2213 657 2264 Leonam
667 2210 678 2280 (
689 2213 741 2264 nisi
752 2211 894 2262 Lauiniam
906 2213 962 2280 ipse
974 2209 1116 2278 Dionysius

65 2293 229 2364 scripserat)
248 2294 345 2355 fuisse3
363 2295 502 2365 navigasse
514 2311 574 2344 eam
587 2311 647 2344 cum
659 2293 781 2362 Trojanis
794 2294 821 2342 in
833 2291 950 2356 Italiam,
968 2289 1048 2341 dante
1065 2286 1118 2338 hoc

64 2372 157 2422 AEuere
169 2371 294 2441 precibus
306 2373 375 2425 AnIo
389 2385 482 2443 patre,
496 2384 553 2424 erat
565 2374 636 2423 enim
648 2369 759 2422 fatidica
769 2383 795 2422 et
804 2372 911 2440 sapiens
924 2368 1032 2429 mulier;
1046 2385 1117 2418 cum·

64 2469 122 2522 que
134 2451 311 2505 internorum
325 2453 419 2505 urbem
432 2452 602 2506 condendam
614 2451 708 2502 morbo
720 2453 815 2502 fuisset
828 2453 973 2516 exstincta,
992 2461 1019 2501 et
1037 2449 1065 2498 in
1084 2465 1116 2499 eo

64 2536 130 2603 ipso
138 2531 201 2597 ¹Ioco
213 2536 336 2606 sepulta,
350 2535 461 2587 AEneam
475 2536 503 2586 in
518 2537 608 2586 uxoris
620 2535 776 2586 memoriam
788 2552 886 2586 nornen
898 2535 954 2601 ejus
972 2530 1033 2582 urbi
1047 2527 1118 2579 indi-

64 2613 157 2665 disse·
169 2613 268 2667 Similia
285 2615 317 2683 Q.
335 2613 457 2668 Lutatius
469 2627 640 2679 narraverat,
657 2614 729 2668 unde
746 2615 877 2684 exscripta
896 2613 925 2664 in
942 2611 1017 2682 Orig.
1037 2610 1115 2664 Gent.

62 2693 145 2744 Rom.
160 2713 183 2745 c.
196 2713 221 2764 9.

103 2772 171 2824 Delo
186 2774 319 2847 digressos
335 2778 467 2848 Trojanos
479 2797 528 2848 per
539 2775 641 2828 medias
653 2774 782 2848 Cyclades
794 2777 884 2827 statim
902 2773 936 2826 ad
954 2774 1056 2824 Cretam
1071 2767 1119 2820 de·

65 2852 144 2904 ducit
164 2855 299 2927 Virgilius.
318 2857 361 2910 Ad
381 2858 498 2910 historie
518 2859 658 2909 veritatem
677 2867 862 2926 comparatum
880 2867 936 2916 est,
958 2849 1032 2922 quod
1053 2846 1117 2897 urbs

63 2934 213 3004 Pergameo
224 2937 267 2987 vel
280 2937 440 3008 Pergamum
451 2938 484 2989 ab
499 2939 531 2990 iis
541 2939 569 2988 in
578 2937 658 2988 Creta
670 2935 797 2987 conditur
807 2936 857 2998 III,
873 2933 934 2995 132,
953 2933 1010 2984 133.
1022 2927 1119 2978 ReIIcti

64 3016 96 3066 in
109 3031 142 3064 ea
153 3015 275 3066 nonnulli
287 3035 319 3067 ex
332 3019 411 3068 sociis
423 3016 488 3068 ibid.
500 3036 525 3066 v.
540 3033 596 3084 ¹9⁰·
609 3017 684 3067 Alios
698 3029 821 3068 auctores
831 3025 960 3084 sequutus
969 3008 1086 3061 Velleius
1096 3009 1118 3072 I,

68 3113 79 3146 1
96 3111 140 3166 pr.
154 3092 186 3142 at
202 3092 400 3165 Agamemnone
413 3105 461 3147 tres
473 3096 547 3147 urbes
562 3096 589 3146 in
609 3096 700 3160 Creta,
717 3107 743 3146 et
755 3097 782 3145 in
794 3093 836 3144 bis
849 3094 1009 3163 Pergamum
1028 3085 1120 3139 condi·

64 3189 127 3227 tum
139 3186 238 3227 narrat.
251 3175 291 3226 De
303 3175 369 3226 urbe
381 3174 433 3227 hac
445 3177 479 3226 cl.
493 3175 565 3227 Serv.
579 3173 614 3225 ad
626 3176 662 3225 III
673 3193 698 3226 v.
716 3175 774 3227 133.
788 3187 814 3226 et
828 3173 926 3223 Meurs.
939 3173 968 3221 in
979 3168 1059 3221 Creta
1070 3164 1117 3217 lib.

64 3258 93 3320 I,
108 3273 131 3306 c.
148 3256 193 3319 13,
207 3254 334 3308 adversus
348 3273 427 3326 quem
441 3254 524 3308 Servii
536 3253 625 3306 locum
643 3267 732 3306 tuetur
742 3252 881 3304 Ruhnken.
896 3250 931 3303 ad
944 3249 1037 3302 Vellei.
1050 3268 1077 3318 p.
1091 3246 1117 3313 4.

65 3337 142 3387 Inter
154 3335 252 3406 oppida
266 3336 345 3387 Cretae
357 3334 472 3407 insignia
484 3336 640 3407 Pergamum
650 3345 789 3385 enumerat
795 3331 909 3396 Plintt,
924 3347 969 3395 12,
986 3345 1026 3380 no.
1037 3324 1119 3394 Quod

66 3419 96 3468 in
118 3417 198 3484 Creta
215 3415 343 3488 pestilens
363 3433 448 3468 annus
462 3416 628 3486 supervenit,
645 3414 783 3485 ingeniose
799 3424 881 3482 poeta
903 3428 936 3463 ex
949 3411 981 3461 iis
998 3407 1119 3472 effinxit,

69 3517 130 3571 quae
144 3498 288 3552 Idomeneo
306 3517 322 3550 a
337 3499 418 3567 Troja
432 3496 525 3550 reduci
543 3498 676 3560 evenisse,
696 3511 808 3564 quaeque
826 3492 932 3544 Cretam
949 3489 982 3542 de
999 3488 1118 3561 prIstinis
1168 3536 1171 3542 .

69 3579 169 3650 opibus
193 3565 320 3648 dejecisse
339 3589 580 3642 memorantur,.v.
599 3573 727 3628 Herodot.
747 3575 813 3639 VII,
833 3589 890 3642 171.
906 3570 1007 3622 Eodem
1024 3567 1120 3620 alludit
1135 3625 1137 3629 Ι

57 3651 160 3731 'Dictys
176 3660 229 3723 VI,
255 3676 302 3723 11,
322 3659 396 3728 cujus
416 3657 542 3730 figmenta
560 3675 622 3708 raro
644 3654 803 3724 antiquioris
823 3651 934 3721 alicujus
953 3647 1051 3701 fabule
1076 3644 1120 3698 rel

69 3739 237 3791 auctoritatis
249 3737 334 3789 fundo
347 3736 475 3790 destituta
487 3735 680 3806 deprehendas.

104 3815 179 3870 Sedis
194 3817 222 3867 in
233 3815 313 3868 Creta
325 3828 431 3869 tentate
440 3817 549 3888 Dionys.
563 3817 588 3883 I,
607 3815 641 3868 50
657 3833 712 3867 non
724 3813 857 3877 meminit,
870 3810 932 3876 sed,
945 3810 992 3862 ubi
1005 3807 1038 3859 de
1050 3803 1117 3856 Delo

67 3908 276 3963 memoraverat,
297 3897 415 3963 Deinde,
434 3899 537 3970 inquit,
554 3897 583 3947 in
599 3894 683 3947 aliam
702 3893 817 3948 insulam
834 3891 961 3963 Cytbera,
979 3903 1039 3960 quoe
1058 3893 1120 3935 ante

67 3977 279 4051 Peloponnesum
292 3988 330 4031 est
337 3979 387 4044 sita
394 4017 403 4044 ,
416 3989 553 4044 venerunt,
564 3975 743 4049 templumque
756 3974 853 4032 Veneri
864 3969 1046 4025 condiderunt.
1060 3965 1118 4056 IIoc

69 4079 131 4116 curn
143 4059 179 4114 ad
187 4061 276 4115 AEnen
285 4061 413 4136 pietaten
422 4074 478 4120 tem
486 4057 722 4138 adcommodntprn
733 4069 817 4126 esset,
829 4053 994 4121 Venerisque
1008 4061 1119 4108 omnmo
1166 4095 1169 4102 .
