2724 4580
259 281 301 345 80
505 279 540 342 P.
564 277 794 344 VIRGlLll
817 276 1045 344 Manouls

258 399 424 464 Fluctibus
437 423 609 488 oppressos
621 403 724 463 Troas
736 400 875 489 coelique
887 401 990 464 ruina.

256 505 325 571 Nec
336 494 459 569 latuere
472 504 539 568 doli
552 507 685 569 fratrem
696 509 714 568 J
717 507 835 570 unonis
849 523 881 571 et
892 507 960 570 irae.
1248 518 1291 566 130

255 613 381 675 Eurum
392 609 434 674 ad
446 633 480 674 se
493 609 745 700 Zephyrumque
757 628 869 691 vocat3
882 611 1002 676 dehinc
1014 611 1089 676 talia
1102 612 1188 679 fatur
1196 635 1206 676 :-

254 717 402 796 Tantane
414 737 472 779 vos
484 717 611 803 generis
624 718 729 780 tenuit
741 716 860 781 fiducia
872 719 992 782 vestri?

253 825 330 888 Jam
339 823 458 888 coelum
469 839 655 911 terramque
667 846 742 887 meo
755 825 824 886 sine
837 826 986 903 numine,
1000 825 1112 904 Venti,

253 931 407 1006 Miscere,
422 944 454 990 et
465 944 569 990 tantas
581 926 708 991 audetis
720 928 835 991 tollere
848 929 972 992 moles?

251 1036 342 1117 Quos
355 1056 425 1121 ego.
439 1031 502 1100 Sed
514 1049 620 1096 motos
632 1048 764 1119 praestat
776 1055 975 1120 componere
986 1032 1119 1100 fluctus..
1247 1046 1287 1092 135

251 1142 329 1214 Post
340 1139 422 1203 mihi
433 1160 500 1201 non
512 1137 609 1201 simili
620 1159 717 1223 poena
729 1139 901 1201 commissa
912 1139 1019 1202 luetis.

263 1363 264 1369 q
284 1323 334 1366 ¹29·
354 1310 441 1352 rumam
452 1307 517 1350 Rom.
531 1316 553 1350 et
567 1304 604 1350 ed.
614 1305 678 1349 Juut.
694 1319 738 1349 uec
751 1303 811 1350 male
823 1304 884 1350 hoc:
900 1315 991 1367 prestat
1007 1316 1083 1351 tamen
1096 1302 1208 1359 alterum,
1223 1303 1288 1367 quod

251 1381 347 1441 propius
357 1377 386 1422 ad
397 1375 518 1422 consilium
529 1387 603 1436 poetae
613 1387 708 1435 spectat.
716 1401 747 1409 -
758 1376 808 1419 132.
819 1379 890 1421 nostri
900 1379 975 1436 Sprot.
986 1387 1009 1421 et
1021 1375 1101 1421 llamb.
1111 1390 1154 1436 pro
1169 1390 1225 1438 var,
1233 1375 1286 1420 lect.

250 1462 274 1495 et
284 1451 358 1494 Lutat.
369 1448 398 1492 ad
407 1448 462 1492 Stat.
474 1447 509 1502 11,
518 1445 590 1490 Theb.
603 1445 625 1502 lq.
633 1469 664 1480 -
673 1445 723 1491 133.
735 1455 816 1491 terram
825 1445 949 1510 coelumque
956 1447 1059 1493 Parrhas.
1069 1471 1099 1482 -
1112 1446 1161 1502 134.
1171 1446 1289 1490 andernes

250 1530 326 1572 tantm
331 1520 421 1579 Menag.
428 1515 684 1579 pr.-135.Qut'sBigot.
692 1534 704 1561 a
713 1534 744 1562 m.
751 1519 830 1578 pr.Vir
835 1517 916 1562 doctus
922 1520 983 1579 conj.
993 1519 1016 1560 V
1015 1533 1039 1562 os
1045 1534 1093 1580 eqo,
1100 1517 1163 1580 quo'd
1169 1516 1206 1564 vel
1214 1519 1239 1560 in
1248 1532 1288 1578 pe-

250 1591 321 1637 destri
333 1590 437 1634 oratione
447 1587 548 1632 deterius
558 1598 616 1632 esset
624 1604 631 1642 3
640 1598 666 1631 ut
677 1587 786 1648 praeclare
794 1589 842 1649 jam
852 1591 942 1633 monuit
952 1588 1079 1649 elegantias.
1090 1587 1249 1632 Rubmkeuius
1262 1589 1287 1632 iu

249 1661 319 1706 docto
329 1662 456 1705 Commeat.
467 1658 496 1702 ad
506 1656 582 1719 Aquil.
591 1659 657 1703 Rom.
667 1675 691 1720 p.
705 1658 754 1720 147.
764 1659 801 1710 Jo.
811 1658 960 1713 Schraderus,
970 1662 1010 1720 qui
1021 1662 1087 1706 istam
1097 1659 1286 1705 emendationem
1300 1698 1302 1711 ,

247 1743 399 1794 proposuerat
409 1733 434 1774 in
443 1729 507 1775 Ohss.
516 1731 534 1783 l,
543 1729 564 1774 5.
572 1729 663 1774 eandeu
673 1729 873 1791 defenditinpraef.
885 1730 1013 1775 Emendatt.
1020 1748 1043 1793 p.
1055 1731 1101 1774 Lll.
1114 1743 1285 1791 argumentum,

247 1818 296 1873 quo
307 1800 492 1846 emendationem
505 1799 609 1844 firmabat
620 1801 655 1844 vir
666 1802 769 1860 poetices
787 1800 976 1856 callentissimus,
988 1803 1087 1861 petitum
1099 1813 1148 1845 erat
1163 1817 1191 1845 ex
1203 1802 1285 1844 imita-

247 1875 311 1918 tione
324 1873 390 1917 Statii
401 1872 440 1927 tv,
453 1871 561 1927 514‚uhi
575 1872 673 1915 Tiresias
685 1872 784 1915 evocatis
796 1870 888 1916 Umbris
900 1873 979 1916 venire
997 1871 1152 1916 cessantibus:
1169 1872 1204 1915 Ne
1218 1886 1286 1932 sper-

246 1945 297 1988 nite
308 1955 435 1997 senectam,
447 1942 538 2002 inquit,
555 1956 607 1985 nam
620 1942 724 2001 graviora
744 1956 839 2002 quoque
860 1942 959 1985 carmina
976 1943 1046 1985 novi:
1064 1943 1159 2002 Jamque
1174 1955 1215 2003 eqo
1235 1955 1283 1986 vos.

246 2012 304 2070 Quae
320 2027 389 2074 quam
408 2009 496 2056 diversa
515 2013 575 2066 sint,
593 2026 620 2056 er
632 2009 715 2055 ordine
730 2010 776 2055 hoc
791 2027 868 2056 rerum
887 2011 1032 2055 manifestum
1048 2010 1098 2055 fieri
1110 2009 1217 2054 arbitror.
1231 2009 1284 2056 Alia

245 2094 356 2144 praetcrea
369 2081 476 2128 adversus
493 2081 646 2128 Sebraderum
657 2093 736 2128 mouet
750 2082 849 2129 Onweus
863 2083 888 2127 iu
904 2081 996 2128 Noctib.
1010 2083 1095 2142 Haqau.
1106 2095 1158 2142 pag.
1173 2081 1219 2126 613
1229 2096 1282 2144 sqq.

244 2225 316 2275 verttt'
331 2224 496 2287 Dimittunt‚
521 2221 662 2295 nullasque
682 2241 738 2274 mo-

241 2300 552 2373 ventinfrontibusalas:
566 2303 633 2353 Tum
645 2303 737 2354 sensim

244 2383 334 2451 infusa
346 2377 491 2452 tranquilla
501 2397 550 2449 per
556 2397 661 2450 oequora
670 2398 737 2450 pace

241 2461 405 2530 Lanquentes
423 2457 499 2506 tacito
510 2455 599 2506 lucent
620 2458 648 2507 in
661 2456 736 2508 litore

239 2539 345 2612 fluctus.
370 2534 425 2584 alto
445 2533 604 2603 prospiciens
630 2536 676 2584 int.
704 2553 736 2585 ex

241 2614 326 2666 fundo
336 2614 429 2677 maris,
442 2615 469 2662 in
481 2629 534 2680 quo
544 2614 617 2682 regia
630 2612 673 2663 dei
686 2625 733 2664 est.

241 2696 542 2766 disjectam—oppressos.
550 2711 575 2743 v.
585 2711 643 2763 sup.
653 2711 678 2742 v.
689 2695 732 2760 69.

242 2793 284 2846 70.
302 2771 360 2824 eoelt'
378 2773 483 2823 ruinam
502 2773 654 2842 gravissime
668 2771 733 2822 dixit

239 2872 290 2924 pro
301 2864 380 2904 vento
393 2870 424 2903 ac
437 2850 563 2920 procella.
657 2913 659 2921 y

279 2932 335 2983 130.
344 2930 436 2982 Statim
443 2931 568 3000 Neptuno
578 2931 605 2980 in
615 2931 732 2980 animum

240 3014 379 3077 veniebat,
390 3013 502 3062 lunonis
521 3010 730 3075 machinatione,

234 3106 268 3144 nt
286 3093 426 3145 exsatiaret
442 3090 504 3141 odia
520 3109 568 3142 sua
584 3109 647 3162 erga
661 3093 732 3142 Teu-

239 3189 314 3235 etos,
326 3171 396 3222 hane
409 3181 591 3240 tempestatem
603 3187 659 3220 esse
672 3188 733 3220 con·

238 3249 336 3302 flotam.
347 3251 387 3300 lta
394 3247 465 3300 dolos
474 3260 501 3299 et
509 3249 559 3299 iras
567 3250 665 3318 accipe.
679 3250 733 3299 Ha·

258 3333 327 3381 uisse
347 3330 432 3380 fertur
455 3340 536 3397 poeta
556 3339 616 3379 ante
639 3328 731 3379 oculos

237 3409 344 3459 Homer.
357 3406 432 3458 iliad.
446 3427 478 3466 a,
493 3405 582 3474 536‚7.
591 3406 643 3457 Sed
649 3408 731 3459 verba

238 3503 270 3537 ex
288 3485 412 3554 Apollon.
426 3486 475 3550 lv,
488 3485 546 3554 753.
569 3485 630 3535 οὐδ’
647 3487 730 3549 ἄλοχοι

237 3567 344 3634 llpon'dato
350 3561 398 3620 Διδς
405 3562 488 3619 adeor.
497 3565 585 3617 Simile
594 3585 730 3637 argumen-

237 3643 727 3698 tumvidetractatumabOvid.lMet.

236 3727 297 3778 601.
312 3741 369 3794 sqq.

276 3802 428 3867 131-141.
447 3803 505 3852 Duo
522 3816 614 3854 ventos
625 3805 729 3856 Eurum

238 3896 265 3936 et
284 3881 430 3952 Zephirum
443 3899 493 3952 pro
512 3895 573 3933 toto
589 3898 728 3937 ventorum

238 3965 340 4036 agmine
358 3963 501 4020 manifeste·
510 3966 586 4036 ponit
602 3977 728 4037 tanquam

786 2235 879 2295 poeto3
897 2241 958 2275 nam
974 2222 1092 2274 neutrius
1104 2221 1131 2270 in
1146 2217 1199 2272 hac
1211 2219 1281 2271 temss

786 2313 888 2372 pestate
900 2315 988 2372 partes
1005 2300 1120 2351 debuere
1138 2315 1194 2349 esse
1210 2317 1282 2368 prte-

786 2385 878 2450 cipute.
889 2380 992 2451 penoris
1000 2378 1082 2428 vestri.
1094 2389 1212 2428 nontam
1224 2379 1284 2428 ori*

784 2462 869 2531 ginis,
883 2477 963 2528 quam
975 2459 1082 2508 omnino
1097 2459 1197 2528 gentis;
1218 2470 1281 2509 tan-

784 2553 874 2589 tumne
894 2555 941 2588 vos
962 2537 1127 2589 confidentiae
1143 2539 1171 2586 in
1188 2537 1279 2602 vobis,

782 2619 809 2668 in
821 2619 914 2667 vestris
926 2616 1042 2679 viribus,
1054 2616 1179 2666 habetis?
1190 2618 1279 2686 Argu·

782 2708 872 2748 tantur
881 2695 907 2745 h.
919 2695 936 2745 l.
948 2696 1064 2764 lnterpp.
1075 2707 1136 2764 post
1145 2695 1279 2758 Nouium,

781 2795 841 2828 curn
858 2776 965 2826 videant
987 2777 1014 2824 in
1032 2774 1164 2826 natalibus
1176 2776 1280 2824 Vento·

781 2874 856 2921 rum,
874 2875 915 2926 ap.
933 2853 1039 2906 Hesiod.
1058 2854 1194 2924 Theogon.
1213 2854 1275 2922 378.

781 2935 840 3005 379.
860 2935 926 2985 nihil
943 2951 999 2986 esse
1017 2933 1274 3004 reprehendendum.

780 3014 896 3065 meost'ue
904 3014 1013 3064 numine
1019 3015 1185 3078 ,voluntate‚
1188 3017 1274 3082 jusso.

781 3091 1275 3164 tantasmoles,rerumpertubatiouee‚
1326 3095 1328 3098 ’

780 3185 971 3243 tempestatem.
991 3175 1059 3224 Nam
1079 3171 1173 3236 moles,
1187 3176 1275 3224 omnis

780 3271 876 3324 magna
895 3252 1012 3316 molitio,
1030 3271 1125 3324 magna
1137 3269 1178 3303 res
1192 3271 1275 3321 quam

781 3332 839 3400 quis
860 3332 975 3383 molitur.
986 3363 1021 3371 -
1032 3333 1100 3402 Quos
1111 3350 1157 3404 eqo
1169 3334 1274 3403 gravis-

779 3411 844 3462 sime
864 3411 991 3475 ulciscar‚
1007 3414 1131 3481 puniam
1147 3411 1205 3472 vel,
1223 3429 1277 3482 pu-

778 3491 835 3542 nire
851 3509 970 3559 possem,
982 3490 1024 3540 vel
1040 3490 1171 3541 deberem.
1185 3492 1274 3542 Notus

778 3568 861 3622 locus.
871 3570 1183 3640 Scilicet-intelligendum
1191 3593 1197 3621 ε
1206 3569 1272 3639 (Vos

778 3649 919 3701 —audetis
927 3651 952 3719 ‚)
961 3667 1024 3720 quos
1036 3667 1082 3720 eqo
1093 3649 1205 3701 ulciscar
1215 3669 1274 3720 gra·

734 3760 736 3764 .
778 3730 897 3787 vissime;
922 3726 994 3797 quod
1028 3730 1191 3802 exquisitius,
1209 3740 1271 3793 est¹

778 3825 856 3878 quam
867 3809 916 3863 Vos
925 3825 978 3879 eqo.
989 3837 1022 3846 -
1035 3808 1091 3858 136.
1100 3809 1161 3859 Non
1170 3808 1269 3874 simili,

777 3886 824 3938 sed
836 3889 971 3958 graviore,
981 3903 1067 3957 poetta.
1081 3889 1162 3936 Porro
1173 3899 1233 3959 post
1243 3901 1270 3940 et

777 3967 909 4024 commissa
919 3985 997 4022 sensu
1003 3970 1098 4042 junge,
1111 3970 1133 4020 si
1141 3971 1168 4024 in
1178 3982 1274 4040 poste·
