2742 4586
376 265 610 358 nnniuos
634 295 788 358 ursan
812 295 861 358 11.

100 415 228 494 Insula,
244 413 335 478 dives
348 435 464 502 opum,
479 414 597 478 Priami
610 413 690 480 dum
702 439 802 504 regna
813 416 1007 498 manebant3

98 523 199 587 Nunc
211 538 339 587 tanturn
352 519 456 598 sinuS,
472 537 505 586 et
516 522 613 586 statio
625 522 709 587 male
722 521 788 594 lida
801 524 927 588 carinis.

100 629 178 693 Huc
190 651 226 692 se
238 628 386 716 provecti
399 626 530 692 deserto
543 628 577 691 in
590 628 686 694 litore
699 627 857 694 condunt.

98 735 169 798 Nos
181 735 300 799 abiisse
313 735 386 814 rati,
401 751 434 798 et
443 751 542 799 vento
555 735 688 824 petiisse
701 738 867 824 Mycenas.

98 839 190 928 Ergo
203 841 309 904 omnis
322 841 421 928 longo
434 842 533 905 solvit
545 863 580 906 se
593 842 735 906 Teucria
747 842 849 912 luctu.

96 944 296 1010 Panduntnr
306 963 427 1034 portae3
435 947 531 1036 juvat
542 949 605 1028 ire,
621 965 654 1012 et
665 949 785 1014 Dorica
798 965 903 1014 castra
919 965 921 972 '

97 1053 325 1142 Desertosque
337 1052 450 1118 videre
463 1054 553 1119 locos
566 1055 709 1144 litusque
722 1056 884 1122 relictum.

99 1159 166 1223 Hic
179 1158 348 1246 Dolopum
361 1182 492 1241 manus,
506 1160 560 1224 hic
574 1183 678 1225 saevus
691 1160 849 1226 tendebat
861 1161 1020 1242 Achilles,

98 1263 267 1328 Classibus
278 1263 333 1328 hic
345 1264 522 1346 locus3hic
535 1267 604 1332 acie
617 1284 743 1332 certare
755 1265 914 1334 solebant.
1120 1279 1149 1329 ³0

131 1451 169 1482 nn.
186 1444 311 1482 manerent.
324 1437 398 1498 nigor.
408 1462 440 1472 —
453 1435 489 1494 nd.
501 1441 596 1501 projecti
606 1439 709 1502 longob.
721 1439 762 1485 sed
775 1451 809 1484 est
820 1454 825 1484 :
838 1435 880 1484 lruc
893 1441 994 1501 provecti
1007 1438 1107 1484 condunt
1117 1453 1148 1483 se.

96 1509 125 1554 lu
138 1507 209 1553 Goth.
221 1520 274 1554 tert.
286 1509 386 1556 condunt
396 1509 421 1554 in
430 1524 502 1571 marg.
515 1509 553 1556 vel
561 1520 693 1573 ponunt—
703 1513 739 1558 25.
756 1513 802 1558 Vos
811 1519 834 1556 et
841 1510 914 1556 obuse
926 1510 963 1556 ed.
973 1510 1033 1556 Ven.
1043 1519 1151 1574 vanoque

86 1617 89 1622 .
95 1582 180 1641 petisse
191 1581 284 1642 Menag.
297 1597 332 1642 pr.
346 1594 369 1627 et
380 1581 446 1628 Leid.
459 1581 531 1630 abusu
545 1594 569 1628 et
578 1585 659 1645 petisse
677 1585 746 1632 etiarn
758 1585 783 1628 in
794 1583 907 1628 Romano.
917 1606 949 1618 -
960 1580 988 1626 26
1013 1579 1078 1626 solvit
1087 1580 1151 1644 lonyo

96 1663 122 1694 se
133 1649 250 1694 Moutalb.
263 1665 286 1694 se
299 1650 364 1697 deest
373 1649 458 1698 Moret.
470 1668 517 1700 sec.
531 1657 608 1718 posuit
621 1669 645 1698 sc
655 1652 732 1699 Schol.
746 1654 825 1698 Horat.
836 1653 867 1696 lv
877 1652 923 1696 Od.
931 1651 960 1706 6,
972 1649 1060 1696 scilicet
1076 1649 1151 1711 expli-

95 1732 179 1766 cuerat
190 1736 234 1781 per
244 1725 320 1782 posuit
331 1720 423 1768 luctum.
434 1749 465 1760 -
477 1740 514 1788 ²7·
531 1725 562 1774 ad
576 1726 660 1772 Dorica
675 1741 695 1770 c.
710 1725 860 1788 Desertosque
877 1721 948 1778 locos,
966 1720 1062 1785 litusque
1076 1721 1150 1767 vum

91 1790 203 1842 salinum
218 1793 411 1855 wialan—29.
428 1812 515 1844 scoevus
534 1800 616 1844 Fraus.
636 1810 663 1843 ut
682 1796 712 1844 al.
729 1795 808 1842 Ulixes
823 1813 859 1858 pr.
875 1795 1002 1856 Hambnrg.
1012 1819 1043 1830 -
1053 1793 1090 1838 30.
1103 1796 1150 1837 acie

95 1933 231 2004 Apollinis
244 1935 373 1989 Sminthei
385 1940 507 2009 respicit,
526 1939 599 2009 quod

96 2015 125 2064 in
134 2014 223 2066 insula
230 2029 301 2080 erat,
309 2017 385 2069 Iliad.
394 2040 424 2079 a,
436 2020 478 2071 38.
488 2020 599 2087 Eodem,

98 2093 174 2164 quod
194 2095 354 2146 notissimam
376 2097 474 2167 (soma
495 2101 599 2168 poetice

96 2187 177 2225 ornat
199 2176 210 2245 )
238 2189 330 2240 vocat,
357 2180 491 2246 pertinere
522 2186 598 2247 puto.

95 2273 170 2306 nunc
185 2266 289 2306 tanturn
301 2256 372 2308 sinus
386 2269 412 2307 et
424 2257 518 2321 statio,
529 2257 556 2308 h.
575 2277 598 2308 e.

96 2323 131 2384 ea
143 2335 262 2386 vastities
276 2335 403 2388 ininsula
415 2337 499 2397 facta,
521 2349 551 2386 ut
567 2356 599 2388 ea

93 2411 150 2466 hoc
160 2433 215 2465 uno
226 2428 291 2468 nota
302 2418 350 2479 sit,
363 2415 438 2486 qnod
447 2434 523 2466 naves
533 2428 599 2466 tern-

95 2504 202 2562 pestate
207 2493 313 2560 jactata
324 2498 351 2544 in
365 2494 474 2544 litorum
483 2513 598 2560 recessu,

97 2590 179 2641 quern
194 2572 283 2623 sinum
298 2574 429 2642 appellnt,
445 2574 597 2640 stationem,

95 2653 148 2703 etsi
152 2669 249 2721 parum
259 2663 355 2718 tutum,
362 2651 488 2705 habeant.
497 2652 599 2704 Eodem

95 2747 160 2780 rnox
183 2744 288 2800 spectat
305 2734 432 2784 desertum
450 2731 526 2798 litus,
545 2752 598 2804 quo

96 2809 220 2862 condunt
227 2828 255 2862 se
263 2810 365 2862 Achivi.
376 2812 599 2888 Dubitatumaesse

95 2888 192 2954 video,
211 2909 308 2942 verene
328 2890 429 2942 hacet
452 2910 483 2942 ex
503 2904 599 2942 natura

95 2970 204 3040 situque
222 2971 344 3023 locorum
356 2971 429 3022 dicta
445 2973 506 3022 sint.
520 2973 598 3022 Nunc

97 3061 188 3101 autem
200 3069 249 3120 per
261 3069 307 3104 eos
320 3089 328 3118 ,
340 3053 386 3122 qui
397 3051 454 3102 haec
472 3050 533 3101 loca
552 3048 599 3102 ad-

95 3129 201 3195 ierunt,
225 3133 253 3182 in
281 3133 423 3202 compertis
441 3129 543 3194 habeo,
567 3147 599 3180 ex

95 3208 164 3261 locis
183 3210 252 3278 illis,
271 3231 330 3282 quae
346 3211 389 3263 llii
404 3212 520 3282 vestigiis
534 3211 598 3263 assi·

95 3291 174 3360 gnari
188 3291 288 3356 solent,
305 3291 323 3358 (
332 3291 534 3362 Bavarbasolri)
546 3295 597 3346 Te-

95 3368 199 3420 nedum
221 3370 295 3422 haud
315 3371 397 3423 dubie
418 3373 550 3441 prospici;
572 3386 598 3424 et

96 3463 155 3500 etse
178 3451 207 3500 in
225 3453 281 3520 ejus
293 3451 371 3503 litore
384 3451 493 3503 australi
506 3453 598 3504 statiu-

96 3547 158 3578 nem
166 3531 292 3595 navium,
303 3549 361 3601 qne
369 3550 460 3583 earum
472 3549 599 3600 conspec-

97 3621 153 3658 tum
166 3609 252 3660 oculis
267 3629 298 3662 ex
314 3609 363 3662 llio
378 3611 597 3681 prospicientium

95 3691 201 3760 eripiat.

133 3769 165 3822 25
173 3801 209 3810 -
217 3771 260 3822 30.
280 3771 406 3841 Mycenas
416 3790 466 3842 pro
478 3772 597 3844 vulgari,

98 3847 237 3902 Graeciam.
256 3861 346 3916 vento,
365 3863 446 3904 vento
468 3851 594 3904 secundo.

97 3929 182 3980 omnis
196 3929 307 3980 Teucria
319 3948 355 3982 sc.
366 3949 442 4002 qens,
455 3934 492 3984 ait
505 3932 595 3996 Seru,

98 4027 190 4062 omnes
209 4012 303 4080 utique
321 4012 437 4081 Troiani.
457 4011 550 4078 Malim
562 4011 596 4065 de

649 1937 754 2011 repione
773 1939 903 2008 accipere.
928 1935 971 1988 Sic
993 1933 1148 1996 Dardania,

648 2036 675 2067 v.
689 2036 712 2067 c.
727 2016 792 2080 282,
802 2035 852 2086 pro
866 2018 930 2087 ipsis
940 2015 1064 2084 Teucris,
1074 2010 1151 2064 solvit

648 2113 674 2146 se
683 2092 756 2144 luctu
765 2115 772 2142 .·
782 2097 936 2164 exquisitius
946 2111 1025 2162 quam
1036 2091 1148 2154 solvere,

650 2172 799 2242 deponere,
821 2172 896 2224 liniro
918 2173 1028 2224 luctum.
1052 2169 1149 2221 solvere

650 2263 739 2302 sutem
755 2249 789 2302 de
806 2249 880 2302 luctu
892 2249 1007 2312 dictum,
1020 2248 1148 2317 quoniam

649 2328 739 2393 dolor,
749 2330 870 2393 tristitia,
879 2347 986 2393 moeror,
997 2326 1148 2398 congelare,

648 2408 821 2475 corrtrahere,
838 2408 1017 2477 adstringere,
1029 2407 1147 2469 vincire,

648 2486 781 2538 dicuntur.
797 2489 831 2538 cf.
847 2489 935 2538 Burru.
949 2515 984 2526 -·-
997 2503 1038 2554 27.
1051 2485 1148 2538 Dorion

648 2575 739 2617 castra.
748 2566 836 2620 Habet
843 2566 895 2618 hoc
906 2585 923 2618 a
931 2565 1075 2618 serioribus
1083 2583 1148 2634 poe-

648 2648 690 2696 tis.
702 2649 832 2698 Homerus
842 2646 970 2712 Achaeos,
983 2649 1095 2718 Argivos
1105 2645 1148 2697 vel

647 2725 770 2792 Danaos,
789 2740 926 2780 memorat.
946 2729 1050 2780 Dorum
1069 2725 1147 2777 nullae

647 2807 723 2858 fuere
742 2825 822 2877 opes,
845 2808 897 2858 nisi
919 2819 1062 2878 postquam
1087 2825 1147 2858 cunr

647 2889 796 2940 Heraclidis
813 2891 840 2940 in
858 2889 1071 2959 Peloponnesum
1085 2887 1147 2938 des-

649 2967 809 3033 cenderant,
821 2969 916 3020 LXXX
927 2969 1002 3020 annis
1012 2979 1074 3037 post
1083 2967 1150 3016 Tro-

645 3051 702 3118 jam
714 3061 828 3119 captam.
842 3050 924 3098 Porro
938 3047 1052 3100 observa
1063 3046 1147 3115 poeti·

648 3147 708 3180 cnm
719 3141 842 3181 ornatum
851 3145 876 3177 v.
888 3144 929 3196 27.
944 3127 977 3178 αδ
986 3143 1051 3196 pro,
1064 3135 1146 3176 castra

648 3209 745 3260 deserta
763 3219 790 3260 et
806 3205 905 3260 relicta.
918 3209 1049 3258 Homerus
1066 3206 1146 3258 etiarn

646 3287 699 3340 hoc
712 3287 801 3353 addit,
815 3288 908 3340 castris
922 3287 956 3339 ab
966 3288 1030 3356 ipsis
1037 3283 1146 3338 Achivis

646 3369 729 3420 fuisse
743 3369 831 3438 ignem
840 3366 998 3436 subjectum.
1006 3365 1101 3436 Odyss.
1111 3364 1148 3424 ὃ,

647 3448 708 3500 501.
718 3446 843 3518 Sequitur
855 3448 882 3498 in
894 3447 1009 3514 Quintus
1020 3444 1076 3496 Cal.
1087 3446 1145 3505 Xll,

646 3530 695 3582 331
712 3543 738 3582 et
750 3531 797 3595 30,
815 3527 961 3601 Tryphiod.
975 3547 1000 3579 v.
1022 3527 1078 3580 138.
1096 3543 1145 3594 ²⁰7

647 3628 705 3681 sqq.
713 3623 739 3662 et
745 3610 923 3662 ceteri-30.
937 3607 1073 3671 classibus,
1083 3605 1109 3658 h.
1121 3625 1144 3671 e.

647 3689 759 3742 navibus
780 3692 807 3740 in
827 3703 925 3742 terram
942 3688 1088 3740 subductis.
1109 3686 1145 3736 cf.

645 3770 762 3822 Fabrett.
777 3768 811 3822 ad
823 3769 876 3821 tab.
891 3768 963 3820 lliac.
975 3787 1001 3838 p.
1016 3766 1145 3825 323..Βο-

646 3849 737 3921 [opum
749 3869 773 3900 v.
788 3850 823 3901 ad
839 3869 863 3900 v.
877 3867 901 3920 7.
914 3848 1039 3918 Sequitur
1056 3858 1145 3898 autent

645 3944 726 4003 poeta
734 3949 794 3997 eos,
808 3947 874 4002 quos
884 3929 1037 3982 Eustathius
1047 3944 1146 3978 merno-

645 4011 1026 4084 ratDolopesMyrmidonibus
1034 4007 1144 4060 Achillis
