2694 4574
325 241 554 314 AENEIDOS
577 247 728 312 LIBER
750 243 782 311 1.·

41 367 244 456 Inferretque
258 365 339 433 deos
351 371 460 449 Latio;
473 391 574 457 genus
584 367 672 433 uude
685 371 849 448 Latinum,
911 368 916 402 ³

41 474 220 563 Albanique
232 472 355 562 patres,
368 490 465 563 atque
477 475 549 539 altae
561 475 680 537 moenia
690 477 812 538 Romae.
846 543 848 554 ,

77 582 189 657 Musa,
204 578 286 642 mihi
299 598 425 642 caussas
436 601 595 658 memora,
610 602 676 667 quo
688 577 821 642 numine
832 578 923 658 laeso,

43 682 166 765 Quidve
180 682 311 762 dolens,
324 685 435 772 regina
448 683 547 748 deum
558 701 607 748 tot
618 685 748 752 volvere
761 705 852 748 casus

44 789 206 876 insignem
218 788 339 876 pietate
351 789 634 869 virum‚totadire
645 789 774 854 labores
1042 820 1068 852 11

1025 251 1075 315 61

70 957 92 1001 6.
103 957 153 1001 inde
159 955 248 1002 Zulich.
260 973 310 1002 em.
321 974 393 1020 pr.-
401 957 422 1005 8.
431 961 572 1023 quonumine
580 956 758 1006 tesovmxcurs.
770 958 802 1021 l†
811 956 871 1004 adh.
883 975 972 1020 v.-9.
986 959 1070 1018 Quidve

46 1027 114 1072 Deum
125 1029 152 1073 ll.
162 1027 248 1074 11111111.
257 1029 339 1074 Hamb.
349 1045 385 1091 pr.

47 1183 93 1234 pro
110 1167 223 1237 simplici
246 1187 350 1240 quoque
368 1169 447 1222 etiam
471 1169 534 1221 alibi

49 1249 165 1297 occurrit.
190 1247 253 1297 dum
284 1247 403 1298 conderet
427 1249 533 1312 urbem,

49 1323 127 1376 donec
145 1327 285 1377 Lavinium
299 1326 418 1378 condidit
431 1327 534 1389 sedem·

50 1421 96 1472 que
115 1403 152 1454 ibi
179 1407 284 1474 imperii
304 1404 373 1467 fixit;
398 1408 471 1475 cujus
497 1407 535 1456 rei

50 1485 145 1552 signum
172 1485 370 1550 certissimum,
397 1486 419 1535 si
446 1479 535 1555 patria

49 1561 133 1632 religio
143 1563 264 1614 instituta
276 1575 330 1629 est,
347 1562 417 1614 unde
429 1586 434 1615 :
448 1563 535 1632 Infer-

51 1653 131 1713 retque
154 1643 212 1695 deos
232 1644 316 1695 Latio.
337 1646 372 1695 11.
392 1646 453 1710 XII,
476 1643 531 1713 194.

52 1740 99 1791 quo
116 1724 194 1774 etiam
217 1723 382 1792 splendidior
403 1725 476 1776 facta
494 1734 534 1774 est

52 1803 143 1851 oratio:
157 1819 237 1871 quam
249 1803 271 1852 si
279 1803 307 1852 in
316 1803 390 1854 Latio
401 1821 461 1853 eum
473 1820 534 1853 con·

51 1878 129 1930 sedisse
148 1878 248 1930 audias.
268 1879 390 1931 Ceterum
405 1883 433 1931 in
444 1880 496 1933 hoc
508 1895 535 1934 et

53 1975 100 2026 seq.
112 1975 188 2008 versu
203 1971 284 2028 poeta
303 1959 385 2029 operis
394 1956 534 2030 ,cinerente-

51 2053 100 2085 rem
110 2054 139 2086 ex
143 2033 203 2108 fine
212 2037 342 2108 proposito
361 2039 423 2089 satis
444 2039 534 2090 debla-

53 2116 135 2165 ravit:
160 2114 249 2166 sedem
270 2117 366 2182 novam
387 2119 416 2167 in
440 2117 534 2182 ltalia,

52 2206 107 2262 post
127 2194 252 2245 toleratos
268 2195 297 2244 in
315 2195 447 2245 erroribus
466 2207 491 2246 et
507 2198 534 2246 in

53 2273 105 2340 ipso
114 2290 217 2323 accessu
225 2272 332 2324 labores
340 2285 365 2324 et
373 2272 532 2324 discrimina.

52 2352 225 2422 importunum
241 2355 333 2422 itaque
353 2365 405 2416 est,
424 2353 533 2405 Achillis

51 2432 106 2482 irati
134 2431 317 2484 vehementem
350 2431 476 2483 allectum
506 2434 534 2484 iu

53 2509 152 2561 AEneide
168 2510 335 2576 desiderare,
353 2529 432 2580 quem
453 2524 535 2580 poeta

53 2587 166 2640 exhibere
190 2589 277 2640 noluit
303 2607 352 2640 nee
378 2588 477 2641 debuit
500 2591 535 2640 At

53 2663 112 2717 1111111
119 2668 246 2736 prteclaro
261 2687 320 2718 cum
327 2669 428 2737 judicio
445 2670 471 2719 in
483 2671 535 2739 pri·

53 2764 91 2797 ma
97 2750 182 2798 statim
188 2749 277 2799 fronte
285 2749 352 2818 egit,
365 2748 437 2817 quod
447 2767 535 2804 rerum

53 2826 237 2878 narrandarum
253 2844 381 2878 summam
393 2827 534 2878 1111111111-

54 2921 137 2955 norum
157 2906 287 2978 oriqinem
306 2909 414 2958 retraxit
438 2926 468 2958 ac
489 2906 535 2958 de-

54 2979 134 3047 duxit,
153 2983 274 3054 adeoque
288 2981 457 3054 popularium
475 3003 551 3052 suo-¹

54 3077 106 3110 rum
122 3062 238 3113 studium
257 3063 382 3115 audiendi
402 3065 532 3116 excitavit.

54 3141 85 3192 el.
97 3142 208 3212 Disquis.
229 3145 255 3207 1,
275 3143 308 3194 de
324 3143 410 3195 Carm.
423 3147 499 3214 epico
512 3164 532 3196 s.

54 3217 268 3291 lx.1nserretque
282 3222 340 3273 deos
350 3223 440 3288 Latio,
456 3226 537 3277 infer-

53 3309 89 3346 ret
102 3299 127 3348 111
138 3300 242 3350 Latium
260 3302 370 3362 Penates
388 3303 468 3370 Troja
489 3303 537 3356 ad-

54 3378 181 3428 vectos.A
200 3397 244 3443 re,
266 3397 323 3448 quae
339 3380 492 3450 religionem
512 3397 539 3434 et

54 3457 243 3508 venerationem
274 3455 376 3521 habet,
405 3477 539 3512 accessum

56 3532 134 3584 AEneae
154 3534 278 3603 praeclare
297 3535 425 3607 designat.
449 3539 538 3603 Unde,

57 3608 96 3659 alii
108 3610 140 3661 ad
150 3613 255 3662 Latium
270 3626 295 3664 et
316 3614 350 3666 ad
367 3615 455 3664 urbem
467 3629 539 3666 retu-

57 3686 122 3754 lere,
145 3692 189 3743 alii
210 3693 245 3744 ad
271 3695 392 3744 AEneam.
420 3697 538 3747 Melius:

58 3776 105 3827 qua
125 3780 155 3812 ex
177 3781 219 3828 re,
238 3781 289 3834 quo
305 3765 409 3832 factum
431 3776 486 3830 est,
500 3767 539 3818 'ut

61 3837 210 3911 Aborigines
233 3861 293 3894 cum
312 3845 421 3912 Trojani
440 3849 536 3914 aequati

59 3923 181 3974 communi
196 3922 350 3974 Latinorum
363 3926 469 3979 nomine
485 3927 538 3977 sint

584 1169 766 1240 comprehensi
786 1169 835 1238 (cf.
858 1170 997 1233 AEn.X11‚
1020 1169 1070 1222 823

583 1253 655 1322 sq.),
668 1264 697 1301 ut
710 1251 743 1302 ab
757 1251 870 1302 Ascanio
883 1250 951 1300 Alba
960 1253 993 1300 sit
1008 1268 1071 1300 con-

584 1329 652 1394 dita,
665 1343 733 1382 etex
749 1333 803 1400 ejus
817 1331 929 1399 posteris
943 1329 1011 1380 urbis
1021 1330 1073 1380 Ro-

583 1425 632 1458 me
652 1408 793 1460 conditores
816 1421 902 1459 ortum
921 1407 1071 1459 habuerint.

583 1486 677 1538 Albam
701 1501 788 1540 autem
812 1489 880 1539 bene
908 1487 941 1538 ab
963 1485 1073 1538 Albanis

580 1567 697 1638 patribus
721 1567 856 1639 designat,
870 1565 897 1616 h.
916 1585 937 1616 e.
961 1577 1069 1629 senatu,

582 1657 709 1714 tanquam
717 1666 733 1698 a
743 1646 873 1697 nobiliore
882 1645 976 1715 populi
987 1660 1072 1715 parte.

582 1726 616 1776 cf.
630 1726 681 1790 IV,
694 1726 753 1778 682.
766 1728 825 1790 VII,
834 1741 893 1796 7²7·
905 1725 1014 1775 Romam
1028 1717 1074 1776 ari·

581 1815 632 1854 tem
649 1824 697 1875 per
712 1805 772 1856 altae
787 1804 882 1857 utoenia
900 1805 1001 1869 Rome,
1014 1803 1073 1875 ple-

582 1900 655 1935 nrore
667 1903 722 1936 ore.

592 1987 593 1992 ¹
617 1963 641 2014 8.
655 1964 732 2016 Musa
738 2003 747 2030 ,
758 1963 826 2016 mibi
834 1981 932 2016 caussas
941 1981 1074 2015 memora:

582 2039 651 2092 Nam
667 2061 724 2112 quae
737 2043 847 2094 deorum
863 2036 1009 2094 interventu
1027 2053 1075 2093 aut

584 2121 700 2171 consiliis
712 2133 738 2172 et
747 2121 985 2198 machinationibus
994 2119 1075 2170 alicu·

580 2199 623 2266 jus
636 2197 680 2249 dei
693 2211 813 2250 eventum
824 2215 900 2246 suum
911 2197 1074 2264 habuerant,

584 2277 633 2327 nisi
653 2277 739 2329 adea
761 2277 890 2343 edoctus,
906 2287 986 2346 poeta
1006 2279 1073 2328 scire

582 2374 637 2406 non
658 2369 772 2427 poterat.
800 2357 891 2424 ltaque
915 2355 959 2406 ille
990 2356 1075 2406 munit

582 2436 651 2486 viam
679 2435 748 2498 sibi,
768 2445 798 2483 ut
821 2435 852 2483 iis
871 2431 1009 2484 commode
1033 2435 1075 2485 uti
1145 2499 1149 2503 .

582 2513 675 2584 possit.
687 2511 794 2563 Summa
803 2513 937 2562 sententiae
947 2523 986 2562 est
999 2530 1075 2581 aper-

583 2606 623 2653 ta;
637 2591 715 2642 debet
727 2592 818 2659 sequi:
832 2587 930 2642 caussas
942 2609 1075 2656 memora,

583 2669 675 2742 quibus
689 2679 807 2738 pennata
824 2670 893 2718 Juno
911 2669 1019 2720 AEneam
1036 2681 1077 2722 tot

582 2748 718 2800 laboribus
741 2759 766 2797 et
787 2749 907 2797 aerumnis
931 2747 1074 2815 objecerit;

583 2843 681 2878 caussae
693 2843 749 2876 esse
769 2838 896 2894 possunt,
922 2826 995 2894 quod
1018 2830 1074 2896 ejus

583 2923 680 2956 numen
701 2904 793 2954 lasum
820 2906 900 2954 fuerit
922 2903 1011 2974 aliqua
1029 2923 1078 2969 re,

584 2985 758 3052 majestasque
781 2981 931 3042 deminuta3
946 2994 979 3051 ¹et
1005 2982 1077 3051 quod

584 3060 630 3110 illa
642 3078 688 3111 seu
703 3061 800 3128 injuria
816 3077 862 3110 seu
873 3061 977 3130 ingrata
988 3060 1079 3128 aliqua

585 3157 612 3190 re
635 3138 757 3189 doluerit.
783 3140 915 3189 Haeremus
939 3150 1027 3189 tamen
1050 3140 1078 3190 in

585 3217 695 3269 verbis:
716 3236 767 3288 qno
788 3218 897 3268 numine
913 3215 978 3268 Iaeso.
998 3216 1079 3283 Quod

585 3297 698 3366 primum
711 3314 738 3348 se
757 3297 854 3346 offert:
868 3314 919 3366 qno
937 3296 983 3346 deo
1004 3295 1077 3360 laeso,

586 3392 641 3424 non
655 3377 777 3440 convenit
789 3393 849 3425 cum
862 3375 962 3425 altero:
982 3374 1090 3445 quidve*

587 3453 675 3505 dolens
686 3455 763 3504 luno.
783 3454 912 3505 Omnibus
930 3455 1035 3505 tentatis
1051 3465 1078 3504 et

588 3535 723 3602 expensis,
748 3551 804 3602 quse
827 3534 855 3583 iu
872 3533 1015 3594 Exqursum
1034 3534 1045 3583 1
1065 3531 1078 3602 §

588 3613 725 3680 rejecimus
736 3629 915 3682 ,quamquam
928 3611 1077 3676 duriorem,

587 3691 712 3759 praeferas
732 3693 861 3740 rationem
877 3693 932 3759 jam
951 3710 966 3742 a
989 3689 1079 3742 Servio

587 3771 767 3838 propositam
787 3788 853 3840 quo,
878 3788 932 3838 qua
945 3773 1002 3832 11,
1026 3786 1079 3838 qua

589 3865 699 3916 caussa,
715 3848 896 3921 (exponuntur
914 3867 1011 3902 caussa
1026 3863 1077 3897 vss.

589 3926 622 3982 25
633 3955 666 3968 -
674 3929 734 4000 28.)
751 3927 859 3980 numme
872 3926 928 3981 laeso
937 3965 947 3994 ‚
958 3928 1083 4002 majesta·
