2656 4592
280 287 282 294 ’
362 265 745 366 insternitur.
1013 305 1076 392 473
1156 399 1159 405 Ι

44 420 201 488 ostenditur,
213 421 261 475 sed
272 440 298 473 v.
313 423 424 475 Dorvill.
437 443 464 494 p.
477 425 511 493 49
521 437 547 476 et
558 427 605 475 inf.
618 425 664 476 lib.
677 427 715 491 V,
729 423 762 494 75
775 441 831 496 sqq.
843 424 955 478 Mortem
968 429 1022 495 ejus
1033 447 1079 479 ve-

42 515 108 554 teres
120 505 261 573 scriptores
272 516 325 555 tam
337 503 440 556 diverse
452 504 631 569 tradiderant,
643 517 673 555 ut
684 505 751 556 nihil
763 507 854 576 magis.
865 505 1006 555 Tumulum
1022 508 1078 574 ejus

40 586 68 634 in
77 583 122 633 lda
132 597 250 653 pastores
261 597 286 636 et
295 598 409 657 agrestes
421 587 563 655 quotannis
572 603 713 637 coronasse
723 585 849 636 traditum
858 598 948 650 narrat
957 586 1077 637 Eustath·

31 662 75 734 ¹ad
89 662 161 712 Iliad.
172 683 206 728 μ,
218 684 245 735 p.
260 665 326 734 894,
339 665 381 716 33.
398 666 427 714 ln
441 664 546 716 Pallene
563 657 670 730 Theba,
689 667 717 716 in
733 666 796 717 Sinu
812 664 969 716 Thermaico
985 663 1079 715 Conon

41 743 87 811 (v.
101 759 156 813 sup.
177 747 285 797 Excurs.
302 747 313 795 l
327 745 360 797 ad
373 765 413 815 pr.
429 764 454 796 v.
468 745 494 816 ),
512 747 540 797 in
560 746 676 798 Arcadia
693 746 810 798 Arcades
829 744 934 817 (ibid.)
947 745 1080 814 sepultum

41 839 96 874 esse
112 826 317 878 contendebant.
331 827 473 878 Pausanias
486 828 559 891 vttt,
576 844 604 879 12
625 826 759 879 Arcadum
771 827 917 879 narrationi
930 825 1080 896 subjungit,

42 917 160 956 constare
179 906 272 956 saltem
282 906 351 972 hoc,
365 907 436 978 quod
446 904 593 971 AEolenses,
611 907 659 978 qui
672 918 727 957 tum
738 905 821 956 Ilium
837 903 998 969 incolebant,
1017 903 1081 954 nul·
1099 939 1102 944 -

41 981 95 1034 lum
107 985 231 1038 Ancltisu²
244 986 376 1039 tumulum
389 988 567 1048 ostendebam·
581 1000 610 1038 ut
623 988 704 1050 adeo,
723 999 796 1039 extra
811 988 925 1058 patriam
938 998 1008 1037 certe
1021 1004 1082 1037 eum

42 1061 150 1127 obiisse,
163 1064 225 1117 inde
237 1066 377 1136 probabile
387 1066 468 1118 tieret.
482 1068 580 1118 Verum
593 1069 701 1118 omnino
713 1079 814 1119 veteres
829 1067 971 1136 scriptores
987 1081 1083 1114 monu-

41 1142 134 1191 mentis
150 1141 306 1210 his,=fanis,
321 1145 428 1198 tumulis
446 1165 477 1198 ac
494 1146 655 1217 sepulchris,
675 1146 753 1198 fidem
764 1145 918 1198 historicam
932 1144 1083 1195 tribuerunt

5 1283 8 1298 μ
41 1223 171 1273 incautius
186 1247 191 1274 :
207 1244 281 1290 eum,
293 1226 448 1296 ubicunque
463 1225 552 1278 herois
565 1228 629 1291 σιῖμα
643 1225 754 1297 aliquod
766 1239 879 1294 extaret,
897 1224 1010 1294 ibidem,
1022 1222 1083 1273 vul-

40 1317 131 1370 garem
148 1302 248 1354 famam
266 1308 388 1374 sequuti,
408 1324 468 1356 eum
485 1306 618 1377 sepultum
637 1324 693 1358 esse
710 1306 913 1366 contenderent;
934 1305 1082 1359 enimvero,

40 1379 91 1450 nisi
103 1378 210 1433 aliunde
223 1401 255 1434 ea
266 1382 299 1434 de
310 1403 339 1435 re
352 1397 498 1452 constaret,
510 1388 538 1437 in
554 1389 708 1438 memoriam
724 1385 813 1440 herois
829 1379 871 1438 rel
890 1386 939 1436 viri
952 1382 1016 1434 clari
1026 1383 1083 1432 fac-

41 1471 96 1510 tum
110 1479 166 1513 esse
179 1462 245 1514 illud
263 1457 363 1534 potuit,
375 1484 424 1516 nee
436 1478 524 1518 tamen
537 1484 633 1536 corpus
650 1470 706 1536 ejus
724 1467 859 1519 conditum
872 1479 968 1536 tegere.
985 1464 1015 1513 In
1031 1464 1083 1512 lta-

39 1538 104 1590 liam
117 1540 249 1594 Anchisen
260 1543 424 1596 adduxerant
436 1545 494 1610 alii,
508 1559 534 1597 et
545 1548 602 1616 ipse
616 1546 696 1614 Cato,
712 1559 741 1598 ut
753 1547 824 1598 Serv.
839 1545 873 1598 ad
885 1547 941 1595 AEn.
953 1545 979 1609 I,
991 1541 1042 1610 570
1055 1553 1082 1592 et

42 1619 114 1670 alibi.
126 1621 217 1672 Victor
228 1622 260 1674 de
270 1624 344 1694 Orig.
355 1623 385 1675 G.
396 1626 426 1674 R.
439 1643 461 1675 c.
477 1641 507 1676 ιο
517 1638 543 1677 et
552 1626 589 1677 ibi
597 1626 718 1678 Arntzen.
728 1646 789 1679 cum
797 1624 933 1676 Muncker.
945 1622 979 1674 ad
986 1623 1079 1692 Hygia.

39 1700 59 1749 f.
77 1699 135 1750 260.
148 1701 279 1754 Meziriac.
293 1702 327 1753 ad
336 1703 415 1755 ovid.
428 1704 536 1756 Heroid.
552 1707 626 1756 Tem.
644 1707 680 1770 11,
693 1724 720 1775 p.
741 1722 805 1770 aar,
819 1705 864 1775 qui
879 1703 958 1773 plura
969 1699 1081 1751 dabunt.

40 1779 111 1843 Nos,
124 1792 154 1830 ut
166 1799 234 1852 saepe
247 1782 373 1849 diximus,
385 1803 453 1850 non,
467 1798 496 1836 ut
506 1804 602 1837 vanam
613 1785 789 1838 eruditionem
800 1797 975 1848 ostentemus,
984 1799 1032 1832 nec
1042 1791 1081 1844 ut,

41 1860 107 1929 quid
120 1863 176 1912 veri
190 1863 265 1927 insit,
278 1883 348 1916 nunc
359 1864 550 1936 disquiramus,
563 1867 610 1919 sed
624 1887 656 1920 ea
671 1867 704 1919 de
715 1885 809 1919 caussa
824 1867 880 1919 haee
894 1880 1083 1917 commemora-

40 1955 110 2001 mus,
123 1950 166 2004 ut,
180 1957 260 2008 quam
271 1942 390 2003 felicem,
402 1946 457 1996 faci
468 1965 520 2012 ern,
533 1965 564 1998 ac
577 1948 714 2019 copiosam
732 1947 869 2000 materiam
878 1955 959 2016 poeta
968 1951 1082 1994 tractan-

43 2015 106 2070 dam
116 2018 167 2070 sihi
177 2023 314 2088 sumserit,
327 2036 462 2094 appareat.
