2694 4574
408 253 472 316 DE
496 253 690 335 RERUM,
714 277 796 324 erc.
835 309 837 314 .
1076 255 1117 341 51'

82 373 181 464 Epiro
212 395 329 438 omnes
355 395 448 438 casus
474 397 688 466 errorumque
717 379 865 448 ordinem
888 381 1059 457 manifeste
1082 416 1121 460 ac

83 481 168 544 clare
182 479 320 566 exponit
340 480 402 558 ΙΙΙ,
419 480 483 566 374
502 502 588 570 sqq.,
607 483 705 547 etiam
719 483 762 550 de
779 508 837 553 sue
852 491 941 556 XXX
957 497 1119 582 porcellos

83 586 188 663 enixa,
206 583 295 648 etde
307 585 427 649 mensis
440 587 594 666 comesis,
609 589 699 653 aliea
710 591 829 681 Sibylla
840 599 1039 684 expectanda
1049 624 1120 668 esse

82 707 196 755 monet
209 714 241 755 v.
259 694 318 772 441
340 697 419 781 sqq.'
433 693 526 781 Saepe
545 694 717 762 insomnis
738 699 895 768 Anchises
912 707 1046 772 AEneam
1063 709 1119 774 ad-

81 815 273 864 monuerat:
290 801 345 879 IV,
363 798 421 864 351
441 823 530 889 sqq.,
551 801 665 868 eadem
681 804 830 872 Anchisae
841 812 948 876 anima
962 813 996 876 in
1014 813 1121 881 Sicilia
1157 797 1159 802 Ι

80 927 140 992 per
157 926 315 971 somnum
335 903 531 971 descensum
548 906 591 971 ad
610 909 748 991 inferos,
770 915 809 995 V,
837 916 899 1002 730
921 940 1009 1007 sqq.,
1029 919 1121 1008 ¹apud

82 1011 201 1075 Cumas
220 1026 333 1075 eutem
353 1011 474 1100 Sibylla
492 1033 658 1077 accessum
678 1014 719 1079 ad
738 1019 924 1102 Lavinium,
943 1023 1068 1088 bellum
1088 1043 1122 1089 et
1186 1047 1191 1060 ·

80 1116 226 1186 Evandri
236 1119 440 1198 societatem,
456 1117 605 1207 praedicit
618 1123 738 1214 v1‚·83
751 1145 822 1215 sqq.
838 1127 931 1193 Adde
947 1128 998 1194 his
1011 1150 1120 1219 poste-

80 1225 182 1288 ritatis
202 1247 377 1291 recensum
395 1225 437 1290 ad
458 1227 595 1308 inferos,
616 1245 648 1294 et
665 1231 728 1310 VI,
750 1232 824 1318 891.
846 1233 910 1322 89²
927 1235 1020 1301 Exin
1038 1241 1118 1322 (An-

80 1331 203 1418 chises)
217 1332 307 1398 bellu
319 1336 392 1398 uiro
410 1351 565 1400 memorat
582 1359 655 1425 quce
671 1335 790 1403 deinde
798 1341 960 1429 gerenda,
975 1343 1119 1410 Lauren·

79 1443 182 1530 tisqtoe
201 1439 297 1504 docet
312 1443 448 1527 populos
468 1442 639 1533 urbemque
658 1443 792 1522 Latini,
814 1447 863 1512 Et
883 1472 945 1538 quo
967 1473 1122 1542 quemque

79 1545 173 1612 modo
183 1545 523 1637 fizgtutquefimtque
542 1547 694 1612 laborem.
716 1549 834 1616 Omnia
851 1551 922 1618 haec
938 1555 1121 1622 secundum

79 1653 225 1741 aliquam
241 1653 468 1716 auctoritatem
485 1654 624 1740 apponI,
644 1656 763 1742 partim
782 1657 815 1721 in
830 1657 966 1746 singulis
980 1660 1060 1726 locis
1076 1664 1122 1726 vi·

80 1756 249 1835 debimus,
269 1755 387 1844 purtim
402 1780 440 1820 ex
452 1758 665 1847 sequentibus
677 1760 810 1849 patebit.
833 1763 901 1828 Nec
915 1765 1022 1830 minus
1032 1765 1122 1855 apud

80 1863 215 1927 Latinos
229 1861 405 1950 praedictus
420 1880 489 1926 erat
504 1865 606 1927 Fauni
620 1866 770 1945 oraculo,
790 1883 861 1931 tum
876 1870 973 1935 variis
986 1874 1121 1937 ostentis

79 1983 282 2032 monstratus
308 1982 494 2031 exterorum
522 1967 682 2033 adventus
705 1987 738 2033 et
762 1972 905 2037 Laviniae
931 1975 1122 2063 conjugium

77 2097 155 2140 cum
170 2073 318 2139 advena:
333 2096 364 2136 v.
383 2073 440 2138 lib.
460 2075 538 2152 Vll,
556 2074 607 2138 58.
625 2076 668 2155 64
682 2098 731 2163 sq.
750 2100 786 2162 7¹
805 2099 853 2164 sq.
870 2080 912 2163 96
926 2100 974 2166 sq.
992 2081 1055 2161 254
1072 2102 1121 2170 sq.

81 2180 155 2267 267.
173 2181 357 2242 Carmentae
376 2179 489 2242 autem
508 2177 675 2242 ferebatur
691 2179 895 2259 vaticinium,
917 2185 1034 2247 cecinit
1048 2207 1123 2272 quae

74 2287 189 2368 prima
203 2277 334 2367 fietauos
357 2280 530 2366 AEneudus
555 2303 688 2370 magnos
712 2298 746 2345 et
768 2279 874 2346 nobile
893 2282 1120 2366 Pallanteum:

79 2393 153 2454 AEn.
170 2391 265 2468 VIII,
280 2390 354 2471 340.
369 2389 443 2469 341.
1048 2465 1052 2472 Ι

124 2495 201 2560 VII.
227 2494 357 2559 Scilicet
375 2493 510 2557 omnino
527 2491 597 2582 jam
618 2509 693 2556 ante
714 2494 822 2583 Trojae
841 2494 1023 2576 excidium,
1049 2513 1081 2562 et
1102 2521 1122 2562 a

77 2601 195 2689 primis
208 2597 287 2662 iude
302 2597 520 2686 temporibus,
539 2597 788 2685 praedictionem
801 2600 944 2688 aliquam
958 2603 1044 2666 fama
1053 2602 1121 2692 jac·

79 2721 182 2770 tatem
201 2705 317 2784 fuisse,
334 2727 414 2792 qua,
435 2711 549 2768 everso
568 2703 643 2781 llio,
661 2703 810 2768 Anchisae
829 2707 1003 2795 AEneacque
1018 2707 1122 2797 major

77 2831 193 2874 rerum
212 2808 311 2887 orde,
333 2808 456 2898 majora
477 2809 542 2871 fata
560 2808 847 2895 promitterentur,
874 2811 936 2897 ipsi
953 2812 1121 2876 Homerici

79 2935 196 2980 versus
218 2912 385 2979 declarant
403 2933 501 2998 supra
520 2913 609 3001 (pag.
627 2915 685 2995 40)
703 2913 890 2991 memoratI,
914 2935 954 2977 ex
972 2913 1064 2978 Iliad.
1087 2939 1120 2980 ν,

81 3019 157 3108 307.
175 3019 252 3085 308.
273 3017 325 3082 Ad
339 3001 504 3082 Venerem
518 3017 667 3081 retulisse
686 3014 837 3082 homines
853 3039 925 3081 eam
938 3015 1121 3105 praedictio-

78 3147 160 3190 nem
173 3123 280 3188 multa
295 3122 424 3188 docent.
448 3125 495 3185 lta
511 3122 544 3185 in
558 3121 728 3210 Sophoclis
741 3123 928 3199 Laocoonte
939 3121 1120 3200 Anchisen,

78 3225 314 3294 mundatorum
323 3251 347 3290 α
362 3225 399 3290 V
392 3249 486 3290 encre
503 3241 706 3312 acceptorum
721 3247 911 3300 memorem,
922 3222 964 3288 de
978 3226 1055 3312 fuga
1069 3247 1122 3290 co·

78 3336 201 3420 gitare,
218 3333 404 3421 liliumque,
418 3332 502 3395 utin
518 3330 609 3396 Idam
624 3352 658 3394 se
673 3331 847 3419 reciperet,
860 3329 997 3408 hortari,
1010 3329 1121 3394 videas

76 3441 118 3504 in
131 3441 318 3526 fragmento
326 3439 429 3526 ‘supra
444 3440 532 3525 (pag.
550 3441 607 3522 qh)
618 3451 798 3501 memorato
813 3459 852 3499 ex
863 3437 997 3524 Dionys.
1018 3439 1049 3514 I,
1064 3437 1119 3516 48,

77 3546 175 3636 quod
191 3549 277 3610 forte
292 3561 404 3610 noster
420 3545 574 3633 respexit,
595 3543 675 3606 dum
692 3546 803 3607 Venus
822 3545 955 3606 AEneam
973 3541 1122 3606 hortatur

76 3651 140 3718 lib.
167 3655 214 3732 ΙΙ,
238 3652 302 3739 619
324 3650 402 3715 Heu
409 3649 508 3738 fiegc,
528 3663 604 3713 nate
623 3647 688 3712 dea
709 3664 769 3712 etc.
792 3648 935 3712 Omnino
958 3647 1121 3714 Venerem

76 3763 196 3824 AEneae
215 3760 334 3846 saepius
347 3757 478 3822 obviam
501 3758 618 3830 factam
639 3757 822 3818 notavimus
843 3753 885 3818 ad
904 3757 974 3817 AEn.
996 3755 1025 3831 l,
1048 3758 1120 3839 407.

76 3863 212 3930 Eadem
226 3865 287 3928 viae
306 3861 373 3928 dux
390 3863 491 3928 fuisse
509 3861 578 3926 filio
589 3860 688 3949 Troja
703 3859 871 3925 excedenti
886 3874 1034 3922 narratur
1049 3859 1119 3922 AEn.

919 3963 961 4048 t
