2656 4592
231 237 294 318 480
475 233 509 296 P.
534 187 767 293 vinorum
789 229 1022 296 Mtnours

230 363 328 436 Ante,
343 353 465 434 Pudor,
480 377 577 443 quant
590 354 738 433 terium,
752 371 808 417 aut
820 371 876 417 tua
884 353 959 442 jura
971 354 1115 420 resolvo.

232 467 291 529 Ille
304 486 408 542 mem,
423 463 547 549 primus
560 461 616 548 qui
630 483 682 542 me
696 459 758 523 sibi
766 459 888 548 junxit,
901 482 1031 525 amores
1114 547 1117 556 .

231 569 387 646 Abstulit3
401 566 454 629 ille
467 565 586 629 habeat
598 586 711 628 secum
723 582 897 653 servetque
908 566 1075 652 sepulcro.

231 677 282 741 Sic
295 676 393 738 effata
405 674 512 736 sinum
525 670 666 734 lacrimis
679 670 827 758 implevit
840 669 974 734 obortis.

275 787 369 846 Anna
380 781 494 858 refert,
507 779 537 842 Ο
549 779 622 844 luce
634 779 736 865 magis
750 776 883 856 dilectu,
897 780 1018 873 sorori,

231 890 347 954 Solane
360 903 518 974 perpetua
531 907 674 948 moerens
687 907 820 972 carpere
829 885 987 973 juventa?

231 997 300 1060 Nec
313 992 418 1057 dulcis
431 1009 538 1070 natos,
552 991 691 1054 Veneris
703 1011 765 1054 nec
777 990 912 1078 praemia
923 990 1034 1054 noris?

231 1181 313 1241 fragm.
325 1179 414 1230 Vane,
428 1175 492 1220 etsie
504 1174 573 1220 etiam
585 1177 708 1221 Servianus
719 1187 886 1222 commentator
895 1171 966 1237 legit,
981 1175 1007 1222 id
1019 1188 1069 1230 est,
1079 1178 1104 1220 in
1114 1173 1196 1221 Embo-
1206 1175 1274 1219 Potest

232 1253 292 1298 adeo
308 1249 352 1295 hoc
364 1248 455 1292 doctius
469 1245 557 1290 dictum
571 1246 660 1301 videri,
677 1262 720 1307 pro
737 1246 827 1304 umbros
839 1243 924 1301 Ereli3
940 1260 966 1292 ut
980 1248 1042 1294 solet
1054 1265 1101 1310 pro
1113 1263 1171 1294 casn
1182 1245 1273 1293 secundo

232 1323 314 1369 tertius
324 1320 387 1381 poni.
398 1319 456 1362 Duri
466 1329 543 1361 tamen
552 1297 613 1380 quid
622 1319 697 1362 inesse
706 1331 755 1361 non
767 1332 844 1378 neges.
854 1316 977 1377 Vulgatam
987 1319 1084 1380 praefert
1095 1334 1193 1380 quoque
1202 1315 1274 1361 Schra-

232 1394 302 1438 derus
314 1391 343 1434 ad
353 1390 463 1433 llusaeum
473 1403 525 1448 pag.
542 1403 591 1432 101.
602 1411 633 1422 -
644 1403 680 1448 ²7·
698 1387 778 1432 Sancte
795 1387 868 1449 pudor
882 1386 975 1450 elegans
991 1387 1133 1432 Marklaudi
1147 1389 1208 1448 conj.
1221 1383 1274 1446 apud

232 1463 356 1525 Spencium
367 1475 374 1513 ;
386 1473 429 1502 nec
440 1469 517 1502 tamen
529 1455 589 1502 illud
599 1459 703 1518 prius-
711 1465 763 1502 onte
772 1473 879 1520 -quom
892 1456 999 1519 exemplo
1009 1471 1075 1502 caret
1087 1473 1121 1502 ne
1134 1457 1198 1520 apud
1207 1467 1275 1518 poetas

232 1532 336 1596 quidem.
348 1527 417 1582 violo,
430 1525 515 1572 resolvo
523 1528 671 1574 vetustissimi
682 1528 769 1572 Bened.
782 1529 851 1578 Pierii
862 1539 884 1572 et
894 1529 973 1573 Heius.
984 1543 1038 1572 cum
1048 1527 1214 1572 Grammaticis
1222 1522 1275 1585 apud

232 1604 311 1647 Heius.
325 1601 397 1643 Etiam
409 1599 441 1642 sic
451 1597 531 1657 fragm.
544 1597 619 1641 Vatic.
630 1607 653 1640 et
665 1611 693 1640 ex
705 1597 831 1656 Aproniani
842 1598 979 1641 recensione
989 1610 1039 1640 esse
1051 1607 1076 1640 et
1088 1595 1153 1640 hanc
1164 1594 1275 1640 lectionem

233 1673 346 1731 Pompon.
358 1667 410 1712 Sab.
422 1667 498 1712 docet.
516 1665 545 1710 At
556 1666 666 1710 Priscian.
685 1665 738 1710 edd.
751 1677 806 1711 vett.
815 1670 843 1710 ‘et
853 1665 922 1711 codd.
940 1663 1031 1727 aliquot
1042 1666 1194 1726 recentiores
1208 1661 1276 1708 violem

233 1769 265 1779 -
274 1739 382 1786 resolvam
391 1737 454 1799 apud
465 1739 544 1781 Burm.
555 1739 677 1782 Enimvero
684 1738 733 1797 jam
742 1735 771 1781 ad
782 1737 805 1791 l,
815 1736 860 1797 706
871 1736 1018 1782 observatum
1029 1750 1079 1792 est,
1092 1737 1277 1798 consequentiam

233 1810 298 1856 illam
310 1822 440 1870 temporum
457 1824 468 1852 a
486 1820 555 1868 poeta
564 1803 635 1868 ¹epico
644 1821 692 1850 non
702 1805 773 1860 modo
784 1804 885 1866 negligi,
899 1822 979 1851 verum
992 1808 1064 1851 etiam
1074 1805 1164 1851 sedulo
1173 1807 1243 1851 vitari.
1251 1825 1277 1836 ·-

235 1882 272 1928 28.
282 1884 365 1944 primos
374 1884 450 1940 Sprot.
462 1891 484 1923 et
493 1879 574 1922 Hamb.
585 1892 620 1939 pr.
631 1894 643 1922 a
653 1893 684 1921 m.
694 1893 730 1938 pr.
742 1879 840 1940 primum
850 1877 914 1921 Leid.
922 1879 996 1921 vinxit
1007 1877 1101 1940 aliquot
1111 1879 1175 1922 Pier.
1184 1874 1277 1920 Parrhas.

235 1952 273 1998 ed.
286 1953 346 1997 Ven.
355 1973 387 1986 —
397 1965 433 2010 ²9·
447 1947 542 1994 Sustulit
550 1951 626 2010 Sprot.
636 1957 754 2013 servatque
764 1948 888 2011 Hamburg.
898 1947 965 1994 alter.
977 1973 1010 1985 -
1021 1949 1060 1996 30.
1073 1947 1152 2012 affatu
1162 1947 1209 1992 Bes.
1225 1949 1278 1990 sinus

234 2021 348 2068 Montalb.
361 2032 384 2067 et
400 2021 459 2065 Ven.
472 2019 556 2066 obortis
569 2017 645 2066 multi.

234 2182 362 2250 majorem
376 2181 428 2230 vim
440 2198 531 2232 versus
548 2179 580 2231 26
592 2178 731 2249 adjicitur3

235 2277 297 2310 mox
299 2261 365 2329 jura
373 2258 481 2328 pudoris
490 2260 597 2309 intrim
610 2271 635 2309 et
643 2272 733 2330 potes-

235 2351 317 2411 tatem
327 2341 354 2388 in
369 2356 411 2389 se:
426 2355 480 2407 qua
492 2357 508 2389 n
519 2356 589 2388 novo
603 2337 692 2390 amore
706 2350 732 2388 et

236 2437 253 2468 a
272 2416 393 2468 fecundis
415 2419 513 2487 nuptiis
537 2415 663 2468 deterrita
684 2429 730 2469 est.

235 2499 293 2548 Vss.
304 2497 345 2548 28.
359 2514 391 2566 ²9
399 2496 544 2548 dulcissimi
552 2499 732 2550 suntaffectus

236 2588 262 2626 et
278 2593 379 2646 magne
390 2574 533 2643 dignitatis.
548 2577 599 2626 Uni
617 2594 665 2626 sno
677 2595 734 2628 rna·

235 2657 288 2704 rito
297 2672 414 2704 amorem
421 2670 498 2703 suum
508 2673 535 2704 se
544 2654 676 2706 addixisse
685 2658 731 2706 ait.

236 2733 323 2784 sinum
335 2750 359 2781 v.
376 2731 410 2783 3ο
420 2732 489 2783 male
499 2733 569 2784 Serv.
584 2733 618 2784 de
633 2734 732 2800 oculis,

237 2831 297 2864 curn
310 2814 448 2863 manifeste
466 2815 582 2884 pectoris
600 2815 633 2863 sit
650 2816 731 2864 sinus.

236 2885 324 2944 lidorii
333 2887 357 2941 di
366 2889 461 2959 δάκρυσι
469 2890 549 2942 κόλποι
558 2892 632 2944 Iliad.
643 2914 663 2953 t,
673 2893 732 2945 566.

236 2973 282 3023 11ae
295 2985 383 3023 autem
393 2969 508 3022 lacrimoe
520 2991 646 3043 magnum
654 2972 734 3023 facile

235 3046 344 3122 poetam
366 3061 487 3121 arguunt.
509 3052 578 3101 Dum
598 3051 655 3102 vult
674 3069 736 3102 con·

237 3143 309 3181 stans
318 3143 344 3181 et
352 3148 447 3200 aspera
458 3143 483 3180 et
492 3129 525 3180 ab
535 3148 624 3181 amore
634 3132 735 3181 intacta

236 3209 335 3277 videri,
349 3228 411 3260 ecce
424 3208 524 3259 obortae
536 3208 650 3259 lacrimae
663 3209 735 3260 labn-

236 3301 340 3340 rantem
362 3288 466 3338 occulto
491 3288 591 3339 affectu
617 3291 734 3340 animum

236 3368 363 3440 produnt.
382 3369 454 3418 conf.
474 3369 566 3418 Horat.
584 3369 632 3433 IV,
654 3387 680 3434 1,
700 3369 733 3420 33

237 3464 296 3517 sqq.
314 3446 365 3497 Sed
381 3444 514 3510 curleo,
530 3447 671 3518 Ligurine,
688 3464 736 3497 cur

234 3541 287 3579 etc.

247 3627 248 3632 ¹
273 3606 315 3657 31.
328 3622 385 3674 sqq.
394 3605 533 3676 Egregium
545 3607 668 3657 suasoriae
677 3624 734 3662 ota·

236 3684 317 3735 tionis
332 3682 480 3752 exemplum
499 3685 531 3734 in'
547 3696 634 3755 poeta.
657 3683 734 3735 Anna

237 3765 318 3835 refert
326 3763 423 3829 verba,
441 3764 592 3834 respondet.
606 3783 630 3815 v.
643 3765 731 3815 Burm.

273 3845 315 3896 32.
328 3843 578 3912 Propriecarpitur,
599 3845 733 3894 consumi·

238 3935 297 3992 tur,
309 3932 370 3974 oetas
376 3931 387 3988 ,'
393 3923 520 3993 juventa,
532 3919 601 3987 vita,
613 3923 732 3990 setium,

364 4123 375 4168 l

781 2179 914 2240 sortiemur
946 2175 1012 2232 aivis.
1050 2176 1174 2248 Simplex
1202 2175 1279 2226 oratio

781 2273 866 2312 esset:
883 2275 1051 2311 consumente
1070 2267 1179 2308 etatem
1192 2255 1279 2311 viduo,-

781 2352 808 2390 at
839 2335 981 2399 ornati0'r3
1006 2335 1206 2388 consumerisne
1233 2333 1281 2402 ipsa

781 2418 886 2490 exiqcus
912 2427 1015 2467 (etatem
1032 2425 1165 2485 perpetuo
1189 2411 1281 2464 uidua?
1314 2461 1315 2464 ,

782 2500 840 2549 Jam
853 2497 951 2554 melius
969 2496 1089 2561 dictum,
1097 2497 1216 2565 juventu
1237 2507 1280 2562 pro

783 2589 867 2640 aetate,
877 2588 903 2626 et
911 2593 1020 2625 moerens
1028 2575 1280 2644 perpetuojuventu‚

782 2674 950 2729 promoerens
958 2657 1127 2727 perpetnoin
1135 2653 1281 2713 solitudine,

781 2735 843 2788 sola.
851 2737 1030 2787 Imitationem
1037 2735 1147 2805 Virgilii
1156 2737 1185 2784 in
1191 2733 1281 2784 Seneca

782 2815 890 2886 Hippoi.
905 2817 957 2882 446
970 2834 1028 2886 sqq.
1042 2815 1137 2865 AEtute
1150 2815 1244 2885 fruere
1254 2841 1281 2850 -

783 2913 832 2946 our
855 2905 909 2944 toro
940 2895 1019 2945 viduo
1041 2895 1145 2964 jaces?
1170 2893 1282 2966 agnoseit

783 2972 877 3025 Cerda.

819 3053 860 3104 33.
879 3051 986 3105 Veneris
993 3053 1107 3122 proemio
1118 3065 1282 3122 possuntper

784 3133 981 3204 oppositionem
1000 3130 1036 3182 etl
1057 3130 1133 3201 ipsos
1158 3142 1231 3182 natos
1249 3149 1282 3181 re·

782 3213 863 3276 ferri,
878 3224 1006 3280 tanquam
1018 3213 1189 3263 matrimonii
1201 3230 1283 3262 mnne-

783 3310 820 3342 ra.
831 3291 857 3342 Si
868 3304 957 3342 tamen
965 3294 1120 3344 memineris
1134 3292 1203 3360 &Spu
1211 3292 1282 3356 'nofe

783 3371 860 3430 dirus,
874 3389 927 3440 quo
938 3388 1017 3421 sensu
1036 3370 1182 3432 dicantnr3
1197 3372 1282 3422 melius

782 3449 932 3519 voluptates
943 3461 969 3500 et
982 3450 1187 3502 oblectamenta
1200 3453 1282 3518 conju-

782 3548 845 3600 gum
875 3528 1015 3599 intelliges.
1047 3529 1151 3582 Locum
1182 3531 1282 3600 quidem

783 3607 858 3658 Iliad.
881 3626 916 3672 γ,
942 3608 991 3674 54,
1013 3608 1084 3660 mule
1112 3623 1283 3680 comparant,

783 3707 845 3739 nam
855 3690 892 3740 ibi
902 3689 965 3755 ddpu
976 3687 1113 3757 'Aepolium
1128 3705 1192 3742 sunt
1204 3693 1284 3743 illece-

784 3769 852 3833 brae,
866 3769 962 3838 quibus
975 3770 1067 3821 Venus
1084 3772 1228 3838 Paridem,
1240 3776 1285 3823 ins-

785 3849 857 3922 truit.
870 3848 905 3897 A't
917 3860 978 3898 sunt
994 3847 1049 3900 alia
1059 3849 1138 3915 loca,
1150 3853 1180 3902 in
1195 3854 1283 3922 quibus

785 3943 847 3980 usus
865 3939 891 3980 et
912 3929 1016 3981 fructus
1035 3931 1149 3984 Veneris
1162 3929 1173 4000 (
1185 3933 1285 3986 Veneris
