<?xml version="1.0" encoding="UTF-8"?>
<!DOCTYPE html PUBLIC "-//W3C//DTD XHTML 1.0 Transitional//EN"
    "http://www.w3.org/TR/xhtml1/DTD/xhtml1-transitional.dtd">
<html xmlns="http://www.w3.org/1999/xhtml" xml:lang="en" lang="en">
 <head>
  <title>
</title>
<meta http-equiv="Content-Type" content="text/html;charset=utf-8" />
  <meta name='ocr-system' content='tesseract 3.04.00' />
  <meta name='ocr-capabilities' content='ocr_page ocr_carea ocr_par ocr_line ocrx_word'/>
</head>
<body>
  <div class='ocr_page' id='page_1' title='image "./pvirgiliusmaroq00barbgoog_0088.png"; bbox 0 0 2724 4580; ppageno 0'>
   <div class='ocr_carea' id='block_1_1' title="bbox 165 297 1021 397">
    <p class='ocr_par' dir='ltr' id='par_1_1' title="bbox 165 297 1021 397">
     <span class='ocr_line' id='line_1_1' title="bbox 165 297 1021 397; baseline 0.007 -21"><span class='ocrx_word' id='word_1_1' title='bbox 165 307 168 316; x_wconf 91' lang='grc'>’</span> <span class='ocrx_word' id='word_1_2' title='bbox 239 297 279 397; x_wconf 78' lang='lat'><strong>&#39;76</strong></span> <span class='ocrx_word' id='word_1_3' title='bbox 484 312 519 376; x_wconf 89' lang='grc' dir='ltr'><strong>Ρ.</strong></span> <span class='ocrx_word' id='word_1_4' title='bbox 543 307 771 379; x_wconf 77' lang='lat' dir='ltr'><strong>VIRGILI‘I</strong></span> <span class='ocrx_word' id='word_1_5' title='bbox 793 307 1021 382; x_wconf 79' lang='lat' dir='ltr'><strong>MARONIS</strong></span> 
     </span>
    </p>
   </div>
   <div class='ocr_carea' id='block_1_2' title="bbox 167 435 1270 1054">
    <p class='ocr_par' dir='ltr' id='par_1_2' title="bbox 236 435 1038 526">
     <span class='ocr_line' id='line_1_2' title="bbox 236 435 1038 526; baseline 0.014 -31"><span class='ocrx_word' id='word_1_6' title='bbox 236 435 442 521; x_wconf 76' lang='lat' dir='ltr'><strong>Franguntur</strong></span> <span class='ocrx_word' id='word_1_7' title='bbox 453 436 551 524; x_wconf 82' lang='lat' dir='ltr'><strong>remi3</strong></span> <span class='ocrx_word' id='word_1_8' title='bbox 564 453 634 500; x_wconf 89' lang='lat' dir='ltr'><strong>tum</strong></span> <span class='ocrx_word' id='word_1_9' title='bbox 646 461 742 526; x_wconf 89' lang='lat' dir='ltr'><strong>prora</strong></span> <span class='ocrx_word' id='word_1_10' title='bbox 753 441 882 520; x_wconf 85' lang='lat' dir='ltr'><strong>avertit,</strong></span> <span class='ocrx_word' id='word_1_11' title='bbox 897 459 929 505; x_wconf 90' lang='lat' dir='ltr'><strong>et</strong></span> <span class='ocrx_word' id='word_1_12' title='bbox 940 441 1038 506; x_wconf 91' lang='lat' dir='ltr'><strong>undis</strong></span> 
     </span>
    </p>

    <p class='ocr_par' dir='ltr' id='par_1_3' title="bbox 167 539 1270 734">
     <span class='ocr_line' id='line_1_3' title="bbox 167 539 1270 648; baseline 0.005 -47"><span class='ocrx_word' id='word_1_13' title='bbox 167 597 170 601; x_wconf 13' lang='grc' dir='ltr'><em>Δ</em></span> <span class='ocrx_word' id='word_1_14' title='bbox 236 539 299 602; x_wconf 88' lang='lat' dir='ltr'><strong>Dat</strong></span> <span class='ocrx_word' id='word_1_15' title='bbox 310 539 411 620; x_wconf 75' lang='lat' dir='ltr'><strong>latus,</strong></span> <span class='ocrx_word' id='word_1_16' title='bbox 425 541 608 630; x_wconf 82' lang='lat' dir='ltr'><strong>insequitur</strong></span> <span class='ocrx_word' id='word_1_17' title='bbox 619 545 752 608; x_wconf 90' lang='lat' dir='ltr'><strong>cumulo</strong></span> <span class='ocrx_word' id='word_1_18' title='bbox 764 562 947 633; x_wconf 83' lang='lat' dir='ltr'><strong>praeruptus</strong></span> <span class='ocrx_word' id='word_1_19' title='bbox 960 569 1053 635; x_wconf 85' lang='lat' dir='ltr'><strong>aquae</strong></span> <span class='ocrx_word' id='word_1_20' title='bbox 1062 567 1169 648; x_wconf 29' lang='lat' dir='ltr'><strong>‘mons</strong></span> <span class='ocrx_word' id='word_1_21' title='bbox 1226 557 1270 607; x_wconf 72' lang='lat'><strong>105</strong></span> 
     </span>
     <span class='ocr_line' id='line_1_4' title="bbox 238 644 1106 734; baseline 0.013 -30"><span class='ocrx_word' id='word_1_22' title='bbox 238 644 282 704; x_wconf 91' lang='lat' dir='ltr'><strong>Hi</strong></span> <span class='ocrx_word' id='word_1_23' title='bbox 294 665 423 710; x_wconf 90' lang='lat' dir='ltr'><strong>summo</strong></span> <span class='ocrx_word' id='word_1_24' title='bbox 435 646 468 707; x_wconf 93' lang='lat' dir='ltr'><strong>iu</strong></span> <span class='ocrx_word' id='word_1_25' title='bbox 481 645 583 711; x_wconf 85' lang='lat' dir='ltr'><strong>iluctu</strong></span> <span class='ocrx_word' id='word_1_26' title='bbox 594 647 759 734; x_wconf 88' lang='lat' dir='ltr'><strong>pendent;</strong></span> <span class='ocrx_word' id='word_1_27' title='bbox 771 649 822 714; x_wconf 91' lang='lat' dir='ltr'><strong>his</strong></span> <span class='ocrx_word' id='word_1_28' title='bbox 834 650 922 715; x_wconf 91' lang='lat' dir='ltr'><strong>unda</strong></span> <span class='ocrx_word' id='word_1_29' title='bbox 935 650 1106 716; x_wconf 86' lang='lat' dir='ltr'>dehiscens</span> 
     </span>
    </p>

    <p class='ocr_par' dir='ltr' id='par_1_4' title="bbox 235 739 1060 841">
     <span class='ocr_line' id='line_1_5' title="bbox 235 739 1060 841; baseline 0.011 -31"><span class='ocrx_word' id='word_1_30' title='bbox 235 747 372 811; x_wconf 83' lang='lat' dir='ltr'><strong>Terram</strong></span> <span class='ocrx_word' id='word_1_31' title='bbox 384 750 469 814; x_wconf 88' lang='lat' dir='ltr'><strong>inter</strong></span> <span class='ocrx_word' id='word_1_32' title='bbox 479 750 598 816; x_wconf 88' lang='lat' dir='ltr'><strong>fluctus</strong></span> <span class='ocrx_word' id='word_1_33' title='bbox 610 754 731 841; x_wconf 89' lang='lat' dir='ltr'><strong>aperit;</strong></span> <span class='ocrx_word' id='word_1_34' title='bbox 745 739 824 818; x_wconf 84' lang='lat' dir='ltr'><strong>Iurit</strong></span> <span class='ocrx_word' id='word_1_35' title='bbox 835 768 932 820; x_wconf 78' lang='lat' dir='ltr'><strong>ae&#39;stus</strong></span> <span class='ocrx_word' id='word_1_36' title='bbox 944 757 1060 820; x_wconf 89' lang='lat' dir='ltr'><strong>arenis.</strong></span> 
     </span>
    </p>

    <p class='ocr_par' dir='ltr' id='par_1_5' title="bbox 234 853 1090 949">
     <span class='ocr_line' id='line_1_6' title="bbox 234 853 1090 949; baseline 0.011 -34"><span class='ocrx_word' id='word_1_37' title='bbox 234 853 308 916; x_wconf 91' lang='lat' dir='ltr'><strong>Tris</strong></span> <span class='ocrx_word' id='word_1_38' title='bbox 321 857 424 918; x_wconf 86' lang='lat' dir='ltr'><strong>Notus</strong></span> <span class='ocrx_word' id='word_1_39' title='bbox 436 855 586 943; x_wconf 86' lang='lat' dir='ltr'><strong>abreptas</strong></span> <span class='ocrx_word' id='word_1_40' title='bbox 599 858 632 921; x_wconf 91' lang='lat' dir='ltr'><strong>in</strong></span> <span class='ocrx_word' id='word_1_41' title='bbox 644 881 717 922; x_wconf 86' lang='lat' dir='ltr'><strong>saxa</strong></span> <span class='ocrx_word' id='word_1_42' title='bbox 729 859 862 924; x_wconf 89' lang='lat' dir='ltr'><strong>latentia</strong></span> <span class='ocrx_word' id='word_1_43' title='bbox 874 876 1021 949; x_wconf 87' lang='lat' dir='ltr'><strong>torquet:</strong></span> <span class='ocrx_word' id='word_1_44' title='bbox 1088 937 1090 941; x_wconf 19' lang='grc' dir='ltr'>ι</span> 
     </span>
    </p>

    <p class='ocr_par' dir='ltr' id='par_1_6' title="bbox 234 949 1137 1054">
     <span class='ocr_line' id='line_1_7' title="bbox 234 949 1137 1054; baseline 0.004 -30"><span class='ocrx_word' id='word_1_45' title='bbox 234 953 334 1024; x_wconf 68' lang='lat' dir='ltr'><strong>‘Saxa</strong></span> <span class='ocrx_word' id='word_1_46' title='bbox 346 977 463 1025; x_wconf 88' lang='lat' dir='ltr'><strong>vocant</strong></span> <span class='ocrx_word' id='word_1_47' title='bbox 477 961 561 1041; x_wconf 85' lang='lat' dir='ltr'><strong>Itali,</strong></span> <span class='ocrx_word' id='word_1_48' title='bbox 575 963 692 1028; x_wconf 87' lang='lat' dir='ltr'><strong>mediis</strong></span> <span class='ocrx_word' id='word_1_49' title='bbox 705 987 778 1054; x_wconf 88' lang='lat' dir='ltr'><strong>quae</strong></span> <span class='ocrx_word' id='word_1_50' title='bbox 790 966 824 1028; x_wconf 90' lang='lat' dir='ltr'><strong>in</strong></span> <span class='ocrx_word' id='word_1_51' title='bbox 836 949 1004 1045; x_wconf 88' lang='lat' dir='ltr'><strong>fluctibus,</strong></span> <span class='ocrx_word' id='word_1_52' title='bbox 1018 968 1096 1030; x_wconf 86' lang='lat' dir='ltr'><strong>Aras</strong></span> <span class='ocrx_word' id='word_1_53' title='bbox 1107 965 1137 1028; x_wconf 66' lang='grc' dir='ltr'><strong>ε*</strong></span> 
     </span>
    </p>
   </div>
   <div class='ocr_carea' id='block_1_3' title="bbox 183 1137 1274 2264">
    <p class='ocr_par' dir='ltr' id='par_1_7' title="bbox 234 1137 1273 1346">
     <span class='ocr_line' id='line_1_8' title="bbox 268 1137 1272 1202; baseline 0.003 -18"><span class='ocrx_word' id='word_1_54' title='bbox 268 1137 317 1194; x_wconf 73' lang='lat' dir='ltr'><strong>ted.</strong></span> <span class='ocrx_word' id='word_1_55' title='bbox 329 1144 506 1202; x_wconf 84' lang='lat' dir='ltr'><strong>prorumuvertt&#39;t</strong></span> <span class='ocrx_word' id='word_1_56' title='bbox 513 1141 539 1198; x_wconf 78' lang='lat' dir='ltr'><strong>(s.</strong></span> <span class='ocrx_word' id='word_1_57' title='bbox 550 1139 652 1202; x_wconf 86' lang='lat' dir='ltr'><strong>procella</strong></span> <span class='ocrx_word' id='word_1_58' title='bbox 662 1157 680 1186; x_wconf 88' lang='lat' dir='ltr'><strong>s.</strong></span> <span class='ocrx_word' id='word_1_59' title='bbox 690 1142 765 1200; x_wconf 85' lang='lat' dir='ltr'><strong>navis)</strong></span> <span class='ocrx_word' id='word_1_60' title='bbox 776 1141 862 1186; x_wconf 85' lang='lat' dir='ltr'><strong>Medic.</strong></span> <span class='ocrx_word' id='word_1_61' title='bbox 872 1153 894 1187; x_wconf 90' lang='lat' dir='ltr'><strong>et</strong></span> <span class='ocrx_word' id='word_1_62' title='bbox 901 1141 961 1187; x_wconf 93' lang='lat' dir='ltr'><strong>Gud.</strong></span> <span class='ocrx_word' id='word_1_63' title='bbox 970 1145 1025 1188; x_wconf 85' lang='lat' dir='ltr'><strong>item</strong></span> <span class='ocrx_word' id='word_1_64' title='bbox 1034 1142 1099 1186; x_wconf 84' lang='lat' dir='ltr'><strong>Rom.</strong></span> <span class='ocrx_word' id='word_1_65' title='bbox 1110 1156 1162 1184; x_wconf 87' lang='lat' dir='ltr'><strong>curn</strong></span> <span class='ocrx_word' id='word_1_66' title='bbox 1170 1141 1272 1186; x_wconf 87' lang='lat' dir='ltr'><strong>nonnul-</strong></span> 
     </span>
     <span class='ocr_line' id='line_1_9' title="bbox 234 1208 1273 1275; baseline 0.002 -21"><span class='ocrx_word' id='word_1_67' title='bbox 234 1209 262 1255; x_wconf 82' lang='lat' dir='ltr'><strong>lis</strong></span> <span class='ocrx_word' id='word_1_68' title='bbox 272 1208 330 1255; x_wconf 88' lang='lat' dir='ltr'><strong>aliis.</strong></span> <span class='ocrx_word' id='word_1_69' title='bbox 339 1226 431 1272; x_wconf 84' lang='lat' dir='ltr'><strong>prorum</strong></span> <span class='ocrx_word' id='word_1_70' title='bbox 439 1214 505 1256; x_wconf 83' lang='lat' dir='ltr'><strong>uertit</strong></span> <span class='ocrx_word' id='word_1_71' title='bbox 515 1213 591 1273; x_wconf 90' lang='lat' dir='ltr'><strong>Sprot.</strong></span> <span class='ocrx_word' id='word_1_72' title='bbox 602 1211 643 1257; x_wconf 89' lang='lat' dir='ltr'><strong>sed</strong></span> <span class='ocrx_word' id='word_1_73' title='bbox 652 1212 714 1258; x_wconf 86' lang='lat' dir='ltr'><strong>cedit</strong></span> <span class='ocrx_word' id='word_1_74' title='bbox 724 1211 792 1258; x_wconf 89' lang='lat' dir='ltr'><strong>codd.</strong></span> <span class='ocrx_word' id='word_1_75' title='bbox 806 1215 930 1258; x_wconf 82' lang='lat' dir='ltr'><strong>auctoritas</strong></span> <span class='ocrx_word' id='word_1_76' title='bbox 937 1216 1033 1275; x_wconf 74' lang='lat' dir='ltr'><strong>poetica:</strong></span> <span class='ocrx_word' id='word_1_77' title='bbox 1041 1214 1138 1266; x_wconf 85' lang='lat' dir='ltr'><strong>rationi;</strong></span> <span class='ocrx_word' id='word_1_78' title='bbox 1148 1229 1193 1274; x_wconf 87' lang='lat' dir='ltr'><strong>qua</strong></span> <span class='ocrx_word' id='word_1_79' title='bbox 1205 1227 1273 1256; x_wconf 66' lang='lat' dir='ltr'><strong>curer«b</strong></span> 
     </span>
     <span class='ocr_line' id='line_1_10' title="bbox 235 1280 1271 1346; baseline 0.001 -22"><span class='ocrx_word' id='word_1_80' title='bbox 235 1289 287 1334; x_wconf 76' lang='lat' dir='ltr'><strong>tere,</strong></span> <span class='ocrx_word' id='word_1_81' title='bbox 299 1296 341 1341; x_wconf 89' lang='lat' dir='ltr'><strong>pro</strong></span> <span class='ocrx_word' id='word_1_82' title='bbox 351 1295 374 1325; x_wconf 90' lang='lat' dir='ltr'><strong>se</strong></span> <span class='ocrx_word' id='word_1_83' title='bbox 386 1296 419 1335; x_wconf 75' lang='lat' dir='ltr'><strong>a,</strong></span> <span class='ocrx_word' id='word_1_84' title='bbox 429 1280 533 1326; x_wconf 87' lang='lat' dir='ltr'><strong>absolute</strong></span> <span class='ocrx_word' id='word_1_85' title='bbox 543 1281 589 1327; x_wconf 92' lang='lat' dir='ltr'><strong>dici</strong></span> <span class='ocrx_word' id='word_1_86' title='bbox 599 1281 696 1328; x_wconf 79' lang='lat' dir='ltr'><strong>soletci.</strong></span> <span class='ocrx_word' id='word_1_87' title='bbox 709 1284 788 1329; x_wconf 86' lang='lat' dir='ltr'><strong>Heius.</strong></span> <span class='ocrx_word' id='word_1_88' title='bbox 798 1285 907 1328; x_wconf 87' lang='lat' dir='ltr'><strong>etBurm.</strong></span> <span class='ocrx_word' id='word_1_89' title='bbox 919 1300 1010 1346; x_wconf 82' lang='lat' dir='ltr'><strong>prorum</strong></span> <span class='ocrx_word' id='word_1_90' title='bbox 1018 1283 1113 1328; x_wconf 82' lang='lat' dir='ltr'><strong>advertit</strong></span> <span class='ocrx_word' id='word_1_91' title='bbox 1122 1294 1221 1344; x_wconf 86' lang='lat' dir='ltr'><strong>quatuor</strong></span> <span class='ocrx_word' id='word_1_92' title='bbox 1233 1299 1271 1343; x_wconf 89' lang='lat' dir='ltr'><strong>ap.</strong></span> 
     </span>
    </p>

    <p class='ocr_par' dir='ltr' id='par_1_8' title="bbox 183 1350 1274 2264">
     <span class='ocr_line' id='line_1_11' title="bbox 232 1350 1270 1416; baseline 0.001 -22"><span class='ocrx_word' id='word_1_93' title='bbox 232 1351 310 1394; x_wconf 80' lang='lat' dir='ltr'><strong>Burni.</strong></span> <span class='ocrx_word' id='word_1_94' title='bbox 323 1366 391 1412; x_wconf 80' lang='lat' dir='ltr'><strong>prom</strong></span> <span class='ocrx_word' id='word_1_95' title='bbox 400 1351 495 1396; x_wconf 82' lang='lat' dir='ltr'><strong>aduertit</strong></span> <span class='ocrx_word' id='word_1_96' title='bbox 503 1352 568 1398; x_wconf 86' lang='lat' dir='ltr'><strong>Leid.</strong></span> <span class='ocrx_word' id='word_1_97' title='bbox 580 1369 593 1396; x_wconf 94' lang='lat' dir='ltr'><strong>a</strong></span> <span class='ocrx_word' id='word_1_98' title='bbox 602 1369 633 1396; x_wconf 92' lang='lat' dir='ltr'><strong>m.</strong></span> <span class='ocrx_word' id='word_1_99' title='bbox 646 1369 681 1414; x_wconf 88' lang='lat' dir='ltr'><strong>pr.</strong></span> <span class='ocrx_word' id='word_1_100' title='bbox 692 1377 722 1389; x_wconf 89' lang='lat'><strong>-—</strong></span> <span class='ocrx_word' id='word_1_101' title='bbox 734 1355 784 1399; x_wconf 83' lang='lat'><strong>105.</strong></span> <span class='ocrx_word' id='word_1_102' title='bbox 794 1362 916 1416; x_wconf 83' lang='lat' dir='ltr'><strong>proruptus</strong></span> <span class='ocrx_word' id='word_1_103' title='bbox 926 1353 985 1399; x_wconf 91' lang='lat' dir='ltr'><strong>alter</strong></span> <span class='ocrx_word' id='word_1_104' title='bbox 994 1353 1075 1398; x_wconf 80' lang='lat' dir='ltr'><strong>llamb.</strong></span> <span class='ocrx_word' id='word_1_105' title='bbox 1089 1352 1149 1398; x_wconf 85' lang='lat' dir='ltr'><strong>conf.</strong></span> <span class='ocrx_word' id='word_1_106' title='bbox 1160 1350 1203 1395; x_wconf 83' lang='lat' dir='ltr'><strong>inf.</strong></span> <span class='ocrx_word' id='word_1_107' title='bbox 1217 1350 1270 1412; x_wconf 70' lang='lat'><strong>247.</strong></span> 
     </span>
     <span class='ocr_line' id='line_1_12' title="bbox 183 1411 1272 1486; baseline 0.005 -23"><span class='ocrx_word' id='word_1_108' title='bbox 183 1411 186 1417; x_wconf 42' lang='lat'>‘</span> <span class='ocrx_word' id='word_1_109' title='bbox 232 1444 263 1455; x_wconf 87' lang='lat'><strong>·-</strong></span> <span class='ocrx_word' id='word_1_110' title='bbox 276 1419 326 1465; x_wconf 84' lang='lat'><strong>108.</strong></span> <span class='ocrx_word' id='word_1_111' title='bbox 338 1420 443 1482; x_wconf 78' lang='lat' dir='ltr'><strong>adreptus</strong></span> <span class='ocrx_word' id='word_1_112' title='bbox 456 1437 495 1466; x_wconf 83' lang='lat' dir='ltr'><strong>sex</strong></span> <span class='ocrx_word' id='word_1_113' title='bbox 506 1423 584 1466; x_wconf 87' lang='lat' dir='ltr'><strong>Burm.</strong></span> <span class='ocrx_word' id='word_1_114' title='bbox 595 1433 698 1485; x_wconf 80' lang='lat' dir='ltr'><strong>arreptas</strong></span> <span class='ocrx_word' id='word_1_115' title='bbox 708 1422 777 1468; x_wconf 84' lang='lat' dir='ltr'><strong>Goth.</strong></span> <span class='ocrx_word' id='word_1_116' title='bbox 793 1435 847 1470; x_wconf 89' lang='lat' dir='ltr'><strong>tert.</strong></span> <span class='ocrx_word' id='word_1_117' title='bbox 861 1423 893 1468; x_wconf 80' lang='lat' dir='ltr'><strong>ud</strong></span> <span class='ocrx_word' id='word_1_118' title='bbox 902 1439 921 1468; x_wconf 78' lang='lat' dir='ltr'><strong>t¹</strong></span> <span class='ocrx_word' id='word_1_119' title='bbox 933 1426 1008 1486; x_wconf 88' lang='lat' dir='ltr'><strong>Sprot.</strong></span> <span class='ocrx_word' id='word_1_120' title='bbox 1025 1425 1087 1468; x_wconf 84' lang='lat' dir='ltr'><strong>ducit</strong></span> <span class='ocrx_word' id='word_1_121' title='bbox 1097 1422 1178 1466; x_wconf 88' lang='lat' dir='ltr'><strong>IIamh.</strong></span> <span class='ocrx_word' id='word_1_122' title='bbox 1193 1439 1231 1484; x_wconf 74' lang='lat' dir='ltr'><strong>pr·</strong></span> <span class='ocrx_word' id='word_1_123' title='bbox 1240 1448 1272 1457; x_wconf 89' lang='lat'><em>—</em></span> 
     </span>
     <span class='ocr_line' id='line_1_13' title="bbox 224 1490 1270 1556; baseline 0.003 -23"><span class='ocrx_word' id='word_1_124' title='bbox 224 1497 285 1548; x_wconf 82' lang='lat'>&#39;109·</span> <span class='ocrx_word' id='word_1_125' title='bbox 297 1490 416 1553; x_wconf 73' lang='lat' dir='ltr'><strong>mediisque</strong></span> <span class='ocrx_word' id='word_1_126' title='bbox 430 1493 452 1534; x_wconf 83' lang='lat' dir='ltr'><strong>in</strong></span> <span class='ocrx_word' id='word_1_127' title='bbox 462 1491 491 1551; x_wconf 80' lang='lat' dir='ltr'><strong>fl.</strong></span> <span class='ocrx_word' id='word_1_128' title='bbox 503 1491 588 1536; x_wconf 87' lang='lat' dir='ltr'><strong>Medic.</strong></span> <span class='ocrx_word' id='word_1_129' title='bbox 602 1506 624 1538; x_wconf 91' lang='lat' dir='ltr'><strong>et</strong></span> <span class='ocrx_word' id='word_1_130' title='bbox 634 1493 682 1538; x_wconf 88' lang='lat' dir='ltr'><strong>duo</strong></span> <span class='ocrx_word' id='word_1_131' title='bbox 694 1493 732 1538; x_wconf 88' lang='lat' dir='ltr'><strong>alii</strong></span> <span class='ocrx_word' id='word_1_132' title='bbox 744 1496 812 1540; x_wconf 88' lang='lat' dir='ltr'><strong>etiam</strong></span> <span class='ocrx_word' id='word_1_133' title='bbox 822 1510 858 1555; x_wconf 88' lang='lat' dir='ltr'><strong>pr.</strong></span> <span class='ocrx_word' id='word_1_134' title='bbox 872 1505 895 1539; x_wconf 90' lang='lat' dir='ltr'><strong>et</strong></span> <span class='ocrx_word' id='word_1_135' title='bbox 904 1509 949 1539; x_wconf 91' lang='lat' dir='ltr'><strong>sec.</strong></span> <span class='ocrx_word' id='word_1_136' title='bbox 962 1492 1031 1540; x_wconf 89' lang='lat' dir='ltr'><strong>Goth.</strong></span> <span class='ocrx_word' id='word_1_137' title='bbox 1044 1505 1067 1539; x_wconf 90' lang='lat' dir='ltr'><strong>et</strong></span> <span class='ocrx_word' id='word_1_138' title='bbox 1076 1495 1180 1556; x_wconf 91' lang='lat' dir='ltr'><strong>quinque</strong></span> <span class='ocrx_word' id='word_1_139' title='bbox 1190 1494 1270 1538; x_wconf 68' lang='lat' dir='ltr'><strong>IIeins·</strong></span> 
     </span>
     <span class='ocr_line' id='line_1_14' title="bbox 231 1558 1272 1629; baseline 0.006 -28"><span class='ocrx_word' id='word_1_140' title='bbox 231 1558 309 1602; x_wconf 81' lang='lat' dir='ltr'><strong>mediis</strong></span> <span class='ocrx_word' id='word_1_141' title='bbox 317 1559 488 1621; x_wconf 82' lang='lat' dir='ltr'><strong>quoefluctibus‚</strong></span> <span class='ocrx_word' id='word_1_142' title='bbox 496 1577 543 1622; x_wconf 91' lang='lat' dir='ltr'><strong>quo</strong></span> <span class='ocrx_word' id='word_1_143' title='bbox 553 1559 616 1608; x_wconf 91' lang='lat' dir='ltr'><strong>ducit</strong></span> <span class='ocrx_word' id='word_1_144' title='bbox 626 1562 723 1609; x_wconf 87' lang='lat' dir='ltr'><strong>Mentel.</strong></span> <span class='ocrx_word' id='word_1_145' title='bbox 733 1576 786 1609; x_wconf 88' lang='lat' dir='ltr'><strong>tert.</strong></span> <span class='ocrx_word' id='word_1_146' title='bbox 799 1565 919 1629; x_wconf 84' lang='lat' dir='ltr'><strong>mediisque</strong></span> <span class='ocrx_word' id='word_1_147' title='bbox 922 1566 951 1626; x_wconf 82' lang='lat' dir='ltr'><strong><em>fl</em></strong></span> <span class='ocrx_word' id='word_1_148' title='bbox 961 1566 1010 1609; x_wconf 89' lang='lat' dir='ltr'><strong>Iloc</strong></span> <span class='ocrx_word' id='word_1_149' title='bbox 1019 1563 1103 1625; x_wconf 87' lang='lat' dir='ltr'><strong>placet,</strong></span> <span class='ocrx_word' id='word_1_150' title='bbox 1112 1575 1142 1618; x_wconf 91' lang='lat' dir='ltr'><strong>et,</strong></span> <span class='ocrx_word' id='word_1_151' title='bbox 1151 1566 1196 1609; x_wconf 92' lang='lat' dir='ltr'><strong>nisi</strong></span> <span class='ocrx_word' id='word_1_152' title='bbox 1202 1562 1272 1608; x_wconf 82' lang='lat' dir='ltr'><strong>aliam</strong></span> 
     </span>
     <span class='ocr_line' id='line_1_15' title="bbox 231 1630 1271 1698; baseline 0.004 -24"><span class='ocrx_word' id='word_1_153' title='bbox 231 1645 336 1675; x_wconf 88' lang='lat' dir='ltr'><strong>normam</strong></span> <span class='ocrx_word' id='word_1_154' title='bbox 345 1630 416 1675; x_wconf 88' lang='lat' dir='ltr'><strong>semel</strong></span> <span class='ocrx_word' id='word_1_155' title='bbox 428 1634 583 1694; x_wconf 71' lang='lat' dir='ltr'><strong>prescriptam</strong></span> <span class='ocrx_word' id='word_1_156' title='bbox 594 1635 736 1696; x_wconf 82' lang='lat' dir='ltr'><strong>sequendam</strong></span> <span class='ocrx_word' id='word_1_157' title='bbox 747 1635 805 1689; x_wconf 84' lang='lat' dir='ltr'><strong>mihi</strong></span> <span class='ocrx_word' id='word_1_158' title='bbox 814 1652 867 1698; x_wconf 75' lang='lat' dir='ltr'><strong>esse</strong></span> <span class='ocrx_word' id='word_1_159' title='bbox 876 1648 994 1698; x_wconf 85' lang='lat' dir='ltr'><strong>putarem,</strong></span> <span class='ocrx_word' id='word_1_160' title='bbox 1004 1650 1057 1680; x_wconf 88' lang='lat' dir='ltr'><strong>curn</strong></span> <span class='ocrx_word' id='word_1_161' title='bbox 1065 1635 1182 1680; x_wconf 82' lang='lat' dir='ltr'><strong>Bruncltio</strong></span> <span class='ocrx_word' id='word_1_162' title='bbox 1193 1637 1271 1680; x_wconf 82' lang='lat' dir='ltr'><strong>mediis</strong></span> 
     </span>
     <span class='ocr_line' id='line_1_16' title="bbox 230 1701 1271 1768; baseline 0.006 -22"><span class='ocrx_word' id='word_1_163' title='bbox 230 1701 394 1764; x_wconf 81' lang='lat' dir='ltr'><strong>quaefluctibus</strong></span> <span class='ocrx_word' id='word_1_164' title='bbox 399 1735 407 1756; x_wconf 86' lang='lat'><strong>,</strong></span> <span class='ocrx_word' id='word_1_165' title='bbox 418 1718 563 1764; x_wconf 83' lang='lat' dir='ltr'><strong>reponerem.</strong></span> <span class='ocrx_word' id='word_1_166' title='bbox 575 1704 688 1751; x_wconf 85' lang='lat' dir='ltr'><strong>Montalh.</strong></span> <span class='ocrx_word' id='word_1_167' title='bbox 699 1723 751 1752; x_wconf 88' lang='lat' dir='ltr'><strong>cum</strong></span> <span class='ocrx_word' id='word_1_168' title='bbox 761 1723 802 1753; x_wconf 85' lang='lat' dir='ltr'><strong>ms.</strong></span> <span class='ocrx_word' id='word_1_169' title='bbox 813 1707 938 1754; x_wconf 85' lang='lat' dir='ltr'><strong>Helmstad.</strong></span> <span class='ocrx_word' id='word_1_170' title='bbox 949 1708 1024 1752; x_wconf 83' lang='lat' dir='ltr'><strong>mediis</strong></span> <span class='ocrx_word' id='word_1_171' title='bbox 1034 1708 1088 1768; x_wconf 82' lang='lat' dir='ltr'><strong>infl.</strong></span> <span class='ocrx_word' id='word_1_172' title='bbox 1100 1708 1168 1751; x_wconf 87' lang='lat' dir='ltr'><strong>etiam</strong></span> <span class='ocrx_word' id='word_1_173' title='bbox 1175 1706 1220 1752; x_wconf 87' lang='lat' dir='ltr'><strong>hoc</strong></span> <span class='ocrx_word' id='word_1_174' title='bbox 1232 1723 1271 1752; x_wconf 92' lang='lat' dir='ltr'><strong>ro·</strong></span> 
     </span>
     <span class='ocr_line' id='line_1_17' title="bbox 231 1771 1271 1838; baseline 0.004 -20"><span class='ocrx_word' id='word_1_175' title='bbox 231 1771 336 1818; x_wconf 87' lang='lat' dir='ltr'><strong>tundius.</strong></span> <span class='ocrx_word' id='word_1_176' title='bbox 347 1773 393 1819; x_wconf 85' lang='lat' dir='ltr'><strong>Sed</strong></span> <span class='ocrx_word' id='word_1_177' title='bbox 402 1784 475 1819; x_wconf 88' lang='lat' dir='ltr'><strong>totum</strong></span> <span class='ocrx_word' id='word_1_178' title='bbox 482 1789 572 1820; x_wconf 80' lang='lat' dir='ltr'><strong>versum</strong></span> <span class='ocrx_word' id='word_1_179' title='bbox 583 1776 611 1820; x_wconf 81' lang='lat' dir='ltr'><strong>ah</strong></span> <span class='ocrx_word' id='word_1_180' title='bbox 619 1779 709 1838; x_wconf 82' lang='lat' dir='ltr'><strong>impura</strong></span> <span class='ocrx_word' id='word_1_181' title='bbox 716 1779 863 1824; x_wconf 85' lang='lat' dir='ltr'><strong>Grammatici</strong></span> <span class='ocrx_word' id='word_1_182' title='bbox 871 1794 943 1823; x_wconf 82' lang='lat' dir='ltr'><strong>manu</strong></span> <span class='ocrx_word' id='word_1_183' title='bbox 954 1780 1074 1824; x_wconf 81' lang='lat' dir='ltr'><strong>accessisse</strong></span> <span class='ocrx_word' id='word_1_184' title='bbox 1084 1793 1173 1824; x_wconf 89' lang='lat' dir='ltr'><strong>censeo.</strong></span> <span class='ocrx_word' id='word_1_185' title='bbox 1184 1777 1271 1824; x_wconf 82' lang='lat' dir='ltr'><strong>Saltem</strong></span> 
     </span>
     <span class='ocr_line' id='line_1_18' title="bbox 231 1840 1271 1909; baseline 0.004 -21"><span class='ocrx_word' id='word_1_186' title='bbox 231 1841 299 1888; x_wconf 86' lang='lat' dir='ltr'><strong>valde</strong></span> <span class='ocrx_word' id='word_1_187' title='bbox 308 1840 409 1888; x_wconf 86' lang='lat' dir='ltr'><strong>alienum</strong></span> <span class='ocrx_word' id='word_1_188' title='bbox 420 1855 453 1888; x_wconf 88' lang='lat' dir='ltr'><strong>est</strong></span> <span class='ocrx_word' id='word_1_189' title='bbox 463 1859 475 1887; x_wconf 87' lang='lat' dir='ltr'><strong>a</strong></span> <span class='ocrx_word' id='word_1_190' title='bbox 485 1855 559 1904; x_wconf 66' lang='lat' dir='ltr'><strong>poeta</strong></span> <span class='ocrx_word' id='word_1_191' title='bbox 566 1845 656 1906; x_wconf 85' lang='lat' dir='ltr'><strong>judicio</strong></span> <span class='ocrx_word' id='word_1_192' title='bbox 666 1849 690 1891; x_wconf 89' lang='lat' dir='ltr'><strong>in</strong></span> <span class='ocrx_word' id='word_1_193' title='bbox 696 1847 773 1892; x_wconf 89' lang='lat' dir='ltr'><strong>medio</strong></span> <span class='ocrx_word' id='word_1_194' title='bbox 783 1849 924 1909; x_wconf 74' lang='lat' dir='ltr'><strong>tempestatis</strong></span> <span class='ocrx_word' id='word_1_195' title='bbox 933 1859 989 1892; x_wconf 81' lang='lat' dir='ltr'><strong>aestu</strong></span> <span class='ocrx_word' id='word_1_196' title='bbox 999 1849 1147 1909; x_wconf 82' lang='lat' dir='ltr'><strong>interponere</strong></span> <span class='ocrx_word' id='word_1_197' title='bbox 1160 1847 1271 1893; x_wconf 87' lang='lat' dir='ltr'><strong>observa-</strong></span> 
     </span>
     <span class='ocr_line' id='line_1_19' title="bbox 224 1914 1273 1978; baseline 0.003 -21"><span class='ocrx_word' id='word_1_198' title='bbox 224 1915 319 1964; x_wconf 69' lang='lat' dir='ltr'><strong>‚tionem</strong></span> <span class='ocrx_word' id='word_1_199' title='bbox 328 1914 505 1974; x_wconf 81' lang='lat' dir='ltr'><strong>grammaticam.</strong></span> <span class='ocrx_word' id='word_1_200' title='bbox 515 1916 621 1975; x_wconf 89' lang='lat' dir='ltr'><strong>Suppetit</strong></span> <span class='ocrx_word' id='word_1_201' title='bbox 632 1916 691 1961; x_wconf 84' lang='lat' dir='ltr'><strong>Iorte</strong></span> <span class='ocrx_word' id='word_1_202' title='bbox 703 1919 762 1962; x_wconf 87' lang='lat' dir='ltr'><strong>ratio</strong></span> <span class='ocrx_word' id='word_1_203' title='bbox 772 1916 859 1978; x_wconf 79' lang='lat' dir='ltr'><strong>aliqua,</strong></span> <span class='ocrx_word' id='word_1_204' title='bbox 869 1933 914 1978; x_wconf 88' lang='lat' dir='ltr'><strong>qua</strong></span> <span class='ocrx_word' id='word_1_205' title='bbox 925 1915 988 1961; x_wconf 86' lang='lat' dir='ltr'><strong>labes</strong></span> <span class='ocrx_word' id='word_1_206' title='bbox 998 1927 1084 1978; x_wconf 86' lang='lat' dir='ltr'><strong>poetae,</strong></span> <span class='ocrx_word' id='word_1_207' title='bbox 1096 1919 1114 1960; x_wconf 92' lang='lat' dir='ltr'><strong>si</strong></span> <span class='ocrx_word' id='word_1_208' title='bbox 1124 1931 1171 1960; x_wconf 89' lang='lat' dir='ltr'><strong>non</strong></span> <span class='ocrx_word' id='word_1_209' title='bbox 1181 1915 1238 1972; x_wconf 89' lang='lat' dir='ltr'><strong>elui,</strong></span> <span class='ocrx_word' id='word_1_210' title='bbox 1248 1928 1273 1960; x_wconf 88' lang='lat' dir='ltr'><strong>at</strong></span> 
     </span>
     <span class='ocr_line' id='line_1_20' title="bbox 231 1980 1273 2051; baseline 0.002 -24"><span class='ocrx_word' id='word_1_211' title='bbox 231 1982 290 2027; x_wconf 89' lang='lat' dir='ltr'><strong>dilui</strong></span> <span class='ocrx_word' id='word_1_212' title='bbox 299 1980 379 2027; x_wconf 82' lang='lat' dir='ltr'><strong>saltem</strong></span> <span class='ocrx_word' id='word_1_213' title='bbox 388 1995 472 2044; x_wconf 90' lang='lat' dir='ltr'><strong>potest,</strong></span> <span class='ocrx_word' id='word_1_214' title='bbox 482 1985 500 2028; x_wconf 91' lang='lat' dir='ltr'><strong>si</strong></span> <span class='ocrx_word' id='word_1_215' title='bbox 511 1985 580 2039; x_wconf 86' lang='lat' dir='ltr'><strong>Aras,</strong></span> <span class='ocrx_word' id='word_1_216' title='bbox 590 1996 615 2029; x_wconf 92' lang='lat' dir='ltr'><strong>ut</strong></span> <span class='ocrx_word' id='word_1_217' title='bbox 624 1985 734 2042; x_wconf 79' lang='lat' dir='ltr'><strong>fecimus,</strong></span> <span class='ocrx_word' id='word_1_218' title='bbox 744 1987 837 2032; x_wconf 85' lang='lat' dir='ltr'><strong>scribas.</strong></span> <span class='ocrx_word' id='word_1_219' title='bbox 848 1989 895 2032; x_wconf 89' lang='lat' dir='ltr'><strong>nod</strong></span> <span class='ocrx_word' id='word_1_220' title='bbox 905 2001 971 2030; x_wconf 79' lang='lat' dir='ltr'><strong>urus:</strong></span> <span class='ocrx_word' id='word_1_221' title='bbox 980 1987 1012 2030; x_wconf 84' lang='lat' dir='ltr'><strong>ita</strong></span> <span class='ocrx_word' id='word_1_222' title='bbox 1022 1997 1047 2030; x_wconf 90' lang='lat' dir='ltr'><strong>ut</strong></span> <span class='ocrx_word' id='word_1_223' title='bbox 1058 1987 1088 2030; x_wconf 89' lang='lat' dir='ltr'><strong>sit</strong></span> <span class='ocrx_word' id='word_1_224' title='bbox 1094 1996 1170 2029; x_wconf 88' lang='lat' dir='ltr'><strong>certus</strong></span> <span class='ocrx_word' id='word_1_225' title='bbox 1180 1986 1205 2028; x_wconf 92' lang='lat' dir='ltr'><strong>in</strong></span> <span class='ocrx_word' id='word_1_226' title='bbox 1212 1986 1273 2051; x_wconf 81' lang='lat' dir='ltr'><strong>mari</strong></span> 
     </span>
     <span class='ocr_line' id='line_1_21' title="bbox 231 2053 1273 2120; baseline 0 -22"><span class='ocrx_word' id='word_1_227' title='bbox 231 2053 310 2107; x_wconf 87' lang='lat' dir='ltr'><strong>locus;</strong></span> <span class='ocrx_word' id='word_1_228' title='bbox 322 2065 370 2098; x_wconf 87' lang='lat' dir='ltr'><strong>tum</strong></span> <span class='ocrx_word' id='word_1_229' title='bbox 380 2056 398 2098; x_wconf 92' lang='lat' dir='ltr'><strong>si</strong></span> <span class='ocrx_word' id='word_1_230' title='bbox 408 2056 571 2117; x_wconf 89' lang='lat' dir='ltr'><strong>interpungas:</strong></span> <span class='ocrx_word' id='word_1_231' title='bbox 586 2059 641 2100; x_wconf 81' lang='lat' dir='ltr'><strong>Tres</strong></span> <span class='ocrx_word' id='word_1_232' title='bbox 650 2059 752 2102; x_wconf 85' lang='lat' dir='ltr'><strong>Notusu.</strong></span> <span class='ocrx_word' id='word_1_233' title='bbox 761 2061 784 2102; x_wconf 85' lang='lat' dir='ltr'><strong>in</strong></span> <span class='ocrx_word' id='word_1_234' title='bbox 791 2073 847 2103; x_wconf 84' lang='lat' dir='ltr'><strong>saxa</strong></span> <span class='ocrx_word' id='word_1_235' title='bbox 858 2057 948 2103; x_wconf 73' lang='grc' dir='ltr'><strong>ἱαιεηῐία</strong></span> <span class='ocrx_word' id='word_1_236' title='bbox 958 2065 1053 2120; x_wconf 82' lang='lat' dir='ltr'><strong>torquet,</strong></span> <span class='ocrx_word' id='word_1_237' title='bbox 1063 2056 1131 2109; x_wconf 83' lang='lat' dir='ltr'><strong>Saxa,</strong></span> <span class='ocrx_word' id='word_1_238' title='bbox 1142 2056 1273 2116; x_wconf 85' lang='lat' dir='ltr'><strong>(inquam),</strong></span> 
     </span>
     <span class='ocr_line' id='line_1_22' title="bbox 230 2122 1273 2188; baseline 0.003 -21"><span class='ocrx_word' id='word_1_239' title='bbox 230 2132 311 2168; x_wconf 83' lang='lat' dir='ltr'><strong>uocant</strong></span> <span class='ocrx_word' id='word_1_240' title='bbox 319 2122 372 2168; x_wconf 84' lang='lat' dir='ltr'><strong>Itali</strong></span> <span class='ocrx_word' id='word_1_241' title='bbox 380 2124 456 2169; x_wconf 77' lang='lat' dir='ltr'><strong>nudiis</strong></span> <span class='ocrx_word' id='word_1_242' title='bbox 464 2125 628 2188; x_wconf 82' lang='lat' dir='ltr'><strong>qutefluctt&#39;bus</strong></span> <span class='ocrx_word' id='word_1_243' title='bbox 640 2128 712 2184; x_wconf 81' lang='lat' dir='ltr'><strong>Aras,</strong></span> <span class='ocrx_word' id='word_1_244' title='bbox 724 2129 823 2174; x_wconf 83' lang='lat' dir='ltr'><strong>Dorsum</strong></span> <span class='ocrx_word' id='word_1_245' title='bbox 833 2132 927 2174; x_wconf 83' lang='lat' dir='ltr'><strong>immune</strong></span> <span class='ocrx_word' id='word_1_246' title='bbox 937 2144 965 2172; x_wconf 91' lang='lat' dir='ltr'><strong>m.</strong></span> <span class='ocrx_word' id='word_1_247' title='bbox 976 2131 994 2172; x_wconf 81' lang='lat' dir='ltr'><strong>s.</strong></span> <span class='ocrx_word' id='word_1_248' title='bbox 1005 2127 1028 2172; x_wconf 90' lang='lat' dir='ltr'><strong>h.</strong></span> <span class='ocrx_word' id='word_1_249' title='bbox 1038 2143 1058 2172; x_wconf 90' lang='lat' dir='ltr'><strong>e.</strong></span> <span class='ocrx_word' id='word_1_250' title='bbox 1068 2127 1093 2171; x_wconf 91' lang='lat' dir='ltr'><strong>in</strong></span> <span class='ocrx_word' id='word_1_251' title='bbox 1101 2123 1207 2186; x_wconf 83' lang='lat' dir='ltr'><strong>scopulos</strong></span> <span class='ocrx_word' id='word_1_252' title='bbox 1215 2127 1273 2170; x_wconf 85' lang='lat' dir='ltr'><strong>Aras</strong></span> 
     </span>
     <span class='ocr_line' id='line_1_23' title="bbox 231 2195 1274 2264; baseline 0.001 -23"><span class='ocrx_word' id='word_1_253' title='bbox 231 2195 312 2242; x_wconf 88' lang='lat' dir='ltr'><strong>dictos.</strong></span> <span class='ocrx_word' id='word_1_254' title='bbox 329 2195 447 2242; x_wconf 83' lang='lat' dir='ltr'><strong>Dicendus</strong></span> <span class='ocrx_word' id='word_1_255' title='bbox 463 2198 494 2242; x_wconf 86' lang='lat' dir='ltr'><strong>ita</strong></span> <span class='ocrx_word' id='word_1_256' title='bbox 505 2210 574 2259; x_wconf 83' lang='lat' dir='ltr'><strong>poeta</strong></span> <span class='ocrx_word' id='word_1_257' title='bbox 587 2203 723 2260; x_wconf 82' lang='lat' dir='ltr'><strong>expressisse</strong></span> <span class='ocrx_word' id='word_1_258' title='bbox 737 2202 897 2263; x_wconf 84' lang='lat' dir='ltr'><strong>intempestiva</strong></span> <span class='ocrx_word' id='word_1_259' title='bbox 909 2200 1018 2264; x_wconf 86' lang='lat' dir='ltr'><strong>quidem,</strong></span> <span class='ocrx_word' id='word_1_260' title='bbox 1031 2199 1098 2245; x_wconf 87' lang='lat' dir='ltr'><strong>docta</strong></span> <span class='ocrx_word' id='word_1_261' title='bbox 1110 2210 1187 2243; x_wconf 86' lang='lat' dir='ltr'><strong>tamen</strong></span> <span class='ocrx_word' id='word_1_262' title='bbox 1199 2213 1274 2242; x_wconf 84' lang='lat' dir='ltr'><strong>aemu-</strong></span> 
     </span>
    </p>
   </div>
   <div class='ocr_carea' id='block_1_4' title="bbox 135 2337 1272 2732">
    <p class='ocr_par' dir='ltr' id='par_1_9' title="bbox 135 2337 1272 2732">
     <span class='ocr_line' id='line_1_24' title="bbox 135 2337 1272 2413; baseline 0.002 -25"><span class='ocrx_word' id='word_1_263' title='bbox 135 2351 137 2356; x_wconf 85' lang='lat'>·</span> <span class='ocrx_word' id='word_1_264' title='bbox 229 2338 308 2388; x_wconf 89' lang='lat' dir='ltr'><strong>remis</strong></span> <span class='ocrx_word' id='word_1_265' title='bbox 325 2339 382 2405; x_wconf 86' lang='lat' dir='ltr'><strong>jam</strong></span> <span class='ocrx_word' id='word_1_266' title='bbox 405 2337 514 2407; x_wconf 91' lang='lat' dir='ltr'><strong>obliquo</strong></span> <span class='ocrx_word' id='word_1_267' title='bbox 537 2357 615 2391; x_wconf 88' lang='lat' dir='ltr'><strong>cursu</strong></span> <span class='ocrx_word' id='word_1_268' title='bbox 638 2343 722 2394; x_wconf 85' lang='lat' dir='ltr'><strong>fertur</strong></span> <span class='ocrx_word' id='word_1_269' title='bbox 774 2342 831 2396; x_wconf 83' lang='lat'><strong>105.</strong></span> <span class='ocrx_word' id='word_1_270' title='bbox 852 2344 998 2413; x_wconf 82' lang='lat' dir='ltr'><strong>insequitur</strong></span> <span class='ocrx_word' id='word_1_271' title='bbox 1018 2358 1091 2392; x_wconf 84' lang='lat' dir='ltr'><strong>mons</strong></span> <span class='ocrx_word' id='word_1_272' title='bbox 1109 2356 1185 2411; x_wconf 85' lang='lat' dir='ltr'><strong>aquoe</strong></span> <span class='ocrx_word' id='word_1_273' title='bbox 1202 2356 1272 2410; x_wconf 79' lang='lat' dir='ltr'><strong>prce-</strong></span> 
     </span>
     <span class='ocr_line' id='line_1_25' title="bbox 224 2414 1270 2490; baseline 0.001 -25"><span class='ocrx_word' id='word_1_274' title='bbox 224 2417 302 2466; x_wconf 84' lang='lat' dir='ltr'><strong>·navis</strong></span> <span class='ocrx_word' id='word_1_275' title='bbox 311 2453 320 2480; x_wconf 90' lang='lat'><strong>,</strong></span> <span class='ocrx_word' id='word_1_276' title='bbox 334 2414 455 2485; x_wconf 77' lang='lat' dir='ltr'><strong>adeoque</strong></span> <span class='ocrx_word' id='word_1_277' title='bbox 472 2434 551 2486; x_wconf 84' lang='lat' dir='ltr'><strong>prora</strong></span> <span class='ocrx_word' id='word_1_278' title='bbox 569 2419 664 2469; x_wconf 82' lang='lat' dir='ltr'><strong>avertit</strong></span> <span class='ocrx_word' id='word_1_279' title='bbox 674 2437 722 2483; x_wconf 91' lang='lat' dir='ltr'><strong>se,</strong></span> <span class='ocrx_word' id='word_1_280' title='bbox 771 2431 862 2490; x_wconf 83' lang='lat' dir='ltr'><strong>ruptus</strong></span> <span class='ocrx_word' id='word_1_281' title='bbox 879 2418 1001 2484; x_wconf 84' lang='lat' dir='ltr'><strong>cumulo,</strong></span> <span class='ocrx_word' id='word_1_282' title='bbox 1018 2417 1045 2468; x_wconf 88' lang='lat' dir='ltr'><strong>h.</strong></span> <span class='ocrx_word' id='word_1_283' title='bbox 1063 2437 1086 2468; x_wconf 90' lang='lat' dir='ltr'><strong>e.</strong></span> <span class='ocrx_word' id='word_1_284' title='bbox 1103 2428 1270 2488; x_wconf 81' lang='lat' dir='ltr'><strong>praeruptus,</strong></span> 
     </span>
     <span class='ocr_line' id='line_1_26' title="bbox 227 2492 1270 2568; baseline -0.001 -23"><span class='ocrx_word' id='word_1_285' title='bbox 227 2496 329 2545; x_wconf 79' lang='lat' dir='ltr'><strong>incerta</strong></span> <span class='ocrx_word' id='word_1_286' title='bbox 349 2492 458 2544; x_wconf 79' lang='lat' dir='ltr'><strong>iuliane</strong></span> <span class='ocrx_word' id='word_1_287' title='bbox 472 2494 511 2544; x_wconf 89' lang='lat' dir='ltr'><strong>vel</strong></span> <span class='ocrx_word' id='word_1_288' title='bbox 528 2495 600 2546; x_wconf 78' lang='lat' dir='ltr'><strong>illuni</strong></span> <span class='ocrx_word' id='word_1_289' title='bbox 619 2509 721 2565; x_wconf 85' lang='lat' dir='ltr'><strong>partem</strong></span> <span class='ocrx_word' id='word_1_290' title='bbox 770 2510 880 2568; x_wconf 88' lang='lat' dir='ltr'><strong>propter</strong></span> <span class='ocrx_word' id='word_1_291' title='bbox 919 2496 1085 2549; x_wconf 86' lang='lat' dir='ltr'><strong>altitudinem</strong></span> <span class='ocrx_word' id='word_1_292' title='bbox 1131 2495 1270 2550; x_wconf 73' lang='lat' dir='ltr'><strong>cumulatae</strong></span> 
     </span>
     <span class='ocr_line' id='line_1_27' title="bbox 228 2573 1269 2646; baseline 0.001 -24"><span class='ocrx_word' id='word_1_293' title='bbox 228 2573 326 2636; x_wconf 80' lang='lat' dir='ltr'><strong>fertur,</strong></span> <span class='ocrx_word' id='word_1_294' title='bbox 348 2585 373 2623; x_wconf 89' lang='lat' dir='ltr'><strong>et</strong></span> <span class='ocrx_word' id='word_1_295' title='bbox 389 2575 463 2623; x_wconf 83' lang='lat' dir='ltr'><strong>navis</strong></span> <span class='ocrx_word' id='word_1_296' title='bbox 477 2573 567 2637; x_wconf 83' lang='lat' dir='ltr'><strong>undis,</strong></span> <span class='ocrx_word' id='word_1_297' title='bbox 580 2573 720 2638; x_wconf 83' lang='lat' dir='ltr'><strong>fluctibus,</strong></span> <span class='ocrx_word' id='word_1_298' title='bbox 773 2594 856 2646; x_wconf 85' lang='lat' dir='ltr'><strong>aquae.</strong></span> <span class='ocrx_word' id='word_1_299' title='bbox 865 2576 1084 2646; x_wconf 88' lang='lat' dir='ltr'><strong>Intelligitautem</strong></span> <span class='ocrx_word' id='word_1_300' title='bbox 1092 2575 1269 2626; x_wconf 86' lang='lat' dir='ltr'><strong>decumanum</strong></span> 
     </span>
     <span class='ocr_line' id='line_1_28' title="bbox 228 2648 1269 2732; baseline 0.001 -32"><span class='ocrx_word' id='word_1_301' title='bbox 228 2651 274 2700; x_wconf 77' lang='lat' dir='ltr'><strong>dar</strong></span> <span class='ocrx_word' id='word_1_302' title='bbox 284 2648 350 2700; x_wconf 86' lang='lat' dir='ltr'><strong>latus</strong></span> <span class='ocrx_word' id='word_1_303' title='bbox 358 2670 366 2698; x_wconf 75' lang='lat'><strong>.-</strong></span> <span class='ocrx_word' id='word_1_304' title='bbox 375 2649 448 2719; x_wconf 90' lang='lat' dir='ltr'><strong>quod</strong></span> <span class='ocrx_word' id='word_1_305' title='bbox 455 2651 538 2720; x_wconf 88' lang='lat' dir='ltr'><strong>nolim</strong></span> <span class='ocrx_word' id='word_1_306' title='bbox 548 2669 608 2702; x_wconf 90' lang='lat' dir='ltr'><strong>cum</strong></span> <span class='ocrx_word' id='word_1_307' title='bbox 617 2653 722 2722; x_wconf 85' lang='lat' dir='ltr'><strong>Cupero</strong></span> <span class='ocrx_word' id='word_1_308' title='bbox 763 2655 883 2732; x_wconf 79' lang='lat' dir='ltr'><strong>flucturn</strong></span> <span class='ocrx_word' id='word_1_309' title='bbox 898 2653 1000 2722; x_wconf 73' lang='lat' dir='ltr'><strong>(Greci</strong></span> <span class='ocrx_word' id='word_1_310' title='bbox 1019 2654 1141 2722; x_wconf 68' lang='lat' dir='ltr'><strong>rpruupier</strong></span> <span class='ocrx_word' id='word_1_311' title='bbox 1161 2653 1269 2717; x_wconf 89' lang='lat' dir='ltr'><strong>dicunt,</strong></span> 
     </span>
    </p>
   </div>
   <div class='ocr_carea' id='block_1_5' title="bbox 228 2727 1267 2802">
    <p class='ocr_par' dir='ltr' id='par_1_10' title="bbox 228 2727 1267 2802">
     <span class='ocr_line' id='line_1_29' title="bbox 228 2727 1267 2802; baseline 0.005 -24"><span class='ocrx_word' id='word_1_312' title='bbox 228 2727 307 2778; x_wconf 83' lang='lat' dir='ltr'><strong>Obss.</strong></span> <span class='ocrx_word' id='word_1_313' title='bbox 321 2729 359 2792; x_wconf 73' lang='grc' dir='ltr'><strong>ΙΙ,</strong></span> <span class='ocrx_word' id='word_1_314' title='bbox 380 2744 422 2781; x_wconf 78' lang='lat' dir='ltr'><strong>aa</strong></span> <span class='ocrx_word' id='word_1_315' title='bbox 437 2729 560 2799; x_wconf 78' lang='lat' dir='ltr'><strong>palaestra</strong></span> <span class='ocrx_word' id='word_1_316' title='bbox 581 2748 721 2783; x_wconf 82' lang='lat' dir='ltr'><strong>arcessere.</strong></span> <span class='ocrx_word' id='word_1_317' title='bbox 770 2736 840 2784; x_wconf 83' lang='lat' dir='ltr'><strong>forte</strong></span> <span class='ocrx_word' id='word_1_318' title='bbox 852 2751 901 2802; x_wconf 88' lang='lat' dir='ltr'><strong>pro</strong></span> <span class='ocrx_word' id='word_1_319' title='bbox 919 2735 998 2786; x_wconf 88' lang='lat' dir='ltr'><strong>maris</strong></span> <span class='ocrx_word' id='word_1_320' title='bbox 1019 2732 1125 2785; x_wconf 81' lang='lat' dir='ltr'><strong>diversa</strong></span> <span class='ocrx_word' id='word_1_321' title='bbox 1140 2735 1267 2802; x_wconf 84' lang='lat' dir='ltr'><strong>natura),</strong></span> 
     </span>
    </p>
   </div>
   <div class='ocr_carea' id='block_1_6' title="bbox 219 2807 722 3997">
    <p class='ocr_par' dir='ltr' id='par_1_11' title="bbox 219 2807 722 3997">
     <span class='ocr_line' id='line_1_30' title="bbox 227 2807 720 2864; baseline 0.012 -6"><span class='ocrx_word' id='word_1_322' title='bbox 227 2807 396 2860; x_wconf 87' lang='lat' dir='ltr'><strong>Illustrantur</strong></span> <span class='ocrx_word' id='word_1_323' title='bbox 418 2808 474 2861; x_wconf 85' lang='lat' dir='ltr'><strong>haec</strong></span> <span class='ocrx_word' id='word_1_324' title='bbox 497 2829 529 2862; x_wconf 82' lang='lat' dir='ltr'><strong>ex</strong></span> <span class='ocrx_word' id='word_1_325' title='bbox 551 2810 650 2864; x_wconf 88' lang='lat' dir='ltr'><strong>Valerii</strong></span> <span class='ocrx_word' id='word_1_326' title='bbox 681 2811 720 2864; x_wconf 79' lang='lat' dir='ltr'><strong>Fl.</strong></span> 
     </span>
     <span class='ocr_line' id='line_1_31' title="bbox 227 2889 722 2958; baseline 0.014 -22"><span class='ocrx_word' id='word_1_327' title='bbox 227 2889 374 2940; x_wconf 80' lang='lat' dir='ltr'><strong>imitatione</strong></span> <span class='ocrx_word' id='word_1_328' title='bbox 386 2890 411 2953; x_wconf 90' lang='lat' dir='ltr'><strong>I,</strong></span> <span class='ocrx_word' id='word_1_329' title='bbox 427 2889 486 2941; x_wconf 83' lang='lat'><strong>618.</strong></span> <span class='ocrx_word' id='word_1_330' title='bbox 504 2908 529 2958; x_wconf 89' lang='lat'><strong>9.</strong></span> <span class='ocrx_word' id='word_1_331' title='bbox 547 2891 654 2942; x_wconf 75' lang='lat' dir='ltr'><strong>Excussi</strong></span> <span class='ocrx_word' id='word_1_332' title='bbox 666 2893 722 2943; x_wconf 82' lang='lat' dir='ltr'><strong>mu-</strong></span> 
     </span>
     <span class='ocr_line' id='line_1_32' title="bbox 226 2967 720 3041; baseline 0.01 -26"><span class='ocrx_word' id='word_1_333' title='bbox 226 2967 305 3019; x_wconf 83' lang='lat' dir='ltr'><strong>nibus</strong></span> <span class='ocrx_word' id='word_1_334' title='bbox 320 2968 403 3032; x_wconf 88' lang='lat' dir='ltr'><strong>remi,</strong></span> <span class='ocrx_word' id='word_1_335' title='bbox 420 2984 591 3041; x_wconf 77' lang='lat' dir='ltr'><strong>conversaque</strong></span> <span class='ocrx_word' id='word_1_336' title='bbox 601 2970 720 3040; x_wconf 82' lang='lat' dir='ltr'><strong>frontem</strong></span> 
     </span>
     <span class='ocr_line' id='line_1_33' title="bbox 227 3045 721 3118; baseline 0.014 -24"><span class='ocrx_word' id='word_1_337' title='bbox 227 3045 328 3116; x_wconf 83' lang='lat' dir='ltr'><strong>Puppis</strong></span> <span class='ocrx_word' id='word_1_338' title='bbox 341 3046 368 3097; x_wconf 89' lang='lat' dir='ltr'><strong>in</strong></span> <span class='ocrx_word' id='word_1_339' title='bbox 377 3046 514 3118; x_wconf 80' lang='lat' dir='ltr'><strong>obliquum</strong></span> <span class='ocrx_word' id='word_1_340' title='bbox 527 3066 626 3100; x_wconf 87' lang='lat' dir='ltr'><strong>resonos</strong></span> <span class='ocrx_word' id='word_1_341' title='bbox 641 3047 721 3100; x_wconf 83' lang='lat' dir='ltr'><strong>latere</strong></span> 
     </span>
     <span class='ocr_line' id='line_1_34' title="bbox 224 3125 719 3196; baseline 0.004 -19"><span class='ocrx_word' id='word_1_342' title='bbox 224 3125 323 3196; x_wconf 80' lang='lat' dir='ltr'><strong>accipit</strong></span> <span class='ocrx_word' id='word_1_343' title='bbox 332 3126 404 3180; x_wconf 80' lang='lat' dir='ltr'><strong>ictus.</strong></span> <span class='ocrx_word' id='word_1_344' title='bbox 418 3129 453 3179; x_wconf 89' lang='lat' dir='ltr'><strong>cf.</strong></span> <span class='ocrx_word' id='word_1_345' title='bbox 469 3128 560 3194; x_wconf 86' lang='lat' dir='ltr'><strong>Quint.</strong></span> <span class='ocrx_word' id='word_1_346' title='bbox 574 3129 630 3180; x_wconf 89' lang='lat' dir='ltr'><strong>Cal.</strong></span> <span class='ocrx_word' id='word_1_347' title='bbox 643 3131 719 3193; x_wconf 88' lang='lat' dir='ltr'><strong>XIV,</strong></span> 
     </span>
     <span class='ocr_line' id='line_1_35' title="bbox 226 3205 719 3279; baseline 0.002 -21"><span class='ocrx_word' id='word_1_348' title='bbox 226 3206 286 3274; x_wconf 84' lang='lat'><strong>592.</strong></span> <span class='ocrx_word' id='word_1_349' title='bbox 299 3205 407 3258; x_wconf 88' lang='lat' dir='ltr'><strong>Fundus</strong></span> <span class='ocrx_word' id='word_1_350' title='bbox 424 3220 464 3258; x_wconf 92' lang='lat' dir='ltr'><strong>est</strong></span> <span class='ocrx_word' id='word_1_351' title='bbox 482 3209 510 3258; x_wconf 89' lang='lat' dir='ltr'><strong>in</strong></span> <span class='ocrx_word' id='word_1_352' title='bbox 528 3207 621 3279; x_wconf 75' lang='lat' dir='ltr'><strong>Odyss.</strong></span> <span class='ocrx_word' id='word_1_353' title='bbox 638 3230 663 3272; x_wconf 74' lang='lat' dir='ltr'><strong>a,</strong></span> <span class='ocrx_word' id='word_1_354' title='bbox 686 3225 719 3277; x_wconf 90' lang='lat'><strong>7⁰</strong></span> 
     </span>
     <span class='ocr_line' id='line_1_36' title="bbox 219 3285 720 3359; baseline 0.002 -24"><span class='ocrx_word' id='word_1_355' title='bbox 219 3303 283 3356; x_wconf 82' lang='lat' dir='ltr'><strong>sqq.</strong></span> <span class='ocrx_word' id='word_1_356' title='bbox 303 3285 337 3339; x_wconf 91' lang='lat' dir='ltr'><strong>de</strong></span> <span class='ocrx_word' id='word_1_357' title='bbox 351 3286 443 3359; x_wconf 73' lang='lat' dir='ltr'><strong>Ulysse</strong></span> <span class='ocrx_word' id='word_1_358' title='bbox 461 3306 477 3338; x_wconf 88' lang='lat' dir='ltr'><strong>a</strong></span> <span class='ocrx_word' id='word_1_359' title='bbox 496 3287 639 3338; x_wconf 80' lang='lat' dir='ltr'><strong>Cleonibus&#39;</strong></span> <span class='ocrx_word' id='word_1_360' title='bbox 656 3305 720 3358; x_wconf 89' lang='lat' dir='ltr'><strong>pro-</strong></span> 
     </span>
     <span class='ocr_line' id='line_1_37' title="bbox 224 3368 719 3437; baseline 0.008 -22"><span class='ocrx_word' id='word_1_361' title='bbox 224 3383 315 3435; x_wconf 85' lang='lat' dir='ltr'><strong>gresso</strong></span> <span class='ocrx_word' id='word_1_362' title='bbox 324 3389 329 3416; x_wconf 88' lang='lat'>:</span> <span class='ocrx_word' id='word_1_363' title='bbox 339 3368 496 3437; x_wconf 79' lang='lat' dir='ltr'><strong>ingravescit</strong></span> <span class='ocrx_word' id='word_1_364' title='bbox 505 3368 594 3437; x_wconf 84' lang='lat' dir='ltr'><strong>aquilo</strong></span> <span class='ocrx_word' id='word_1_365' title='bbox 604 3381 629 3418; x_wconf 92' lang='lat' dir='ltr'><strong>et</strong></span> <span class='ocrx_word' id='word_1_366' title='bbox 638 3375 719 3419; x_wconf 83' lang='lat' dir='ltr'><strong>naves</strong></span> 
     </span>
     <span class='ocr_line' id='line_1_38' title="bbox 225 3440 722 3515; baseline 0.014 -24"><span class='ocrx_word' id='word_1_367' title='bbox 225 3440 250 3491; x_wconf 74' lang='lat' dir='ltr'><strong>ei</strong></span> <span class='ocrx_word' id='word_1_368' title='bbox 257 3440 299 3506; x_wconf 66' lang='lat' dir='ltr'><strong>ptis</strong></span> <span class='ocrx_word' id='word_1_369' title='bbox 309 3445 378 3496; x_wconf 73' lang='lat' dir='ltr'><strong>lustu’</strong></span> <span class='ocrx_word' id='word_1_370' title='bbox 394 3445 490 3514; x_wconf 72' lang='lat' dir='ltr'><strong>iqipere‘</strong></span> <span class='ocrx_word' id='word_1_371' title='bbox 501 3443 646 3515; x_wconf 72' lang='lat' dir='ltr'><strong>iurueipeset,</strong></span> <span class='ocrx_word' id='word_1_372' title='bbox 657 3445 722 3498; x_wconf 75' lang='lat' dir='ltr'><strong>ioele</strong></span> 
     </span>
     <span class='ocr_line' id='line_1_39' title="bbox 224 3520 719 3595; baseline 0.014 -25"><span class='ocrx_word' id='word_1_373' title='bbox 224 3520 249 3573; x_wconf 72' lang='lat' dir='ltr'><strong>ii</strong></span> <span class='ocrx_word' id='word_1_374' title='bbox 261 3540 313 3588; x_wconf 76' lang='lat' dir='ltr'><strong>equ</strong></span> <span class='ocrx_word' id='word_1_375' title='bbox 323 3523 420 3592; x_wconf 68' lang='grc' dir='ltr'><strong>’τριχθά</strong></span> <span class='ocrx_word' id='word_1_376' title='bbox 428 3545 454 3577; x_wconf 76' lang='lat' dir='ltr'><strong>rt</strong></span> <span class='ocrx_word' id='word_1_377' title='bbox 467 3524 506 3578; x_wconf 83' lang='lat' dir='ltr'><strong>uel</strong></span> <span class='ocrx_word' id='word_1_378' title='bbox 517 3525 646 3595; x_wconf 65' lang='lat' dir='ltr'><strong>usrpugSei</strong></span> <span class='ocrx_word' id='word_1_379' title='bbox 655 3526 719 3580; x_wconf 74' lang='lat' dir='ltr'><strong>drie-</strong></span> 
     </span>
     <span class='ocr_line' id='line_1_40' title="bbox 223 3599 720 3678; baseline 0.012 -27"><span class='ocrx_word' id='word_1_380' title='bbox 223 3619 286 3667; x_wconf 75' lang='grc' dir='ltr'><strong><em>χισιν</em></strong></span> <span class='ocrx_word' id='word_1_381' title='bbox 296 3603 315 3658; x_wconf 82' lang='lat' dir='ltr'><strong>ic</strong></span> <span class='ocrx_word' id='word_1_382' title='bbox 325 3599 414 3669; x_wconf 60' lang='lat' dir='ltr'><strong>driuson</strong></span> <span class='ocrx_word' id='word_1_383' title='bbox 425 3605 549 3671; x_wconf 85' lang='lat' dir='ltr'><strong>(stridens</strong></span> <span class='ocrx_word' id='word_1_384' title='bbox 559 3628 583 3658; x_wconf 90' lang='grc' dir='ltr'><strong>α.</strong></span> <span class='ocrx_word' id='word_1_385' title='bbox 591 3628 618 3678; x_wconf 84' lang='lat' dir='ltr'><strong>p.</strong></span> <span class='ocrx_word' id='word_1_386' title='bbox 633 3607 720 3660; x_wconf 85' lang='lat' dir='ltr'><strong>velum</strong></span> 
     </span>
     <span class='ocr_line' id='line_1_41' title="bbox 224 3681 720 3757; baseline 0.014 -26"><span class='ocrx_word' id='word_1_387' title='bbox 224 3682 328 3733; x_wconf 78' lang='lat' dir='ltr'><strong>advena</strong></span> <span class='ocrx_word' id='word_1_388' title='bbox 342 3681 434 3752; x_wconf 82' lang='lat' dir='ltr'><strong>ferit).</strong></span> <span class='ocrx_word' id='word_1_389' title='bbox 453 3685 538 3735; x_wconf 90' lang='lat' dir='ltr'><strong>Locus</strong></span> <span class='ocrx_word' id='word_1_390' title='bbox 555 3699 623 3738; x_wconf 90' lang='lat' dir='ltr'><strong>este</strong></span> <span class='ocrx_word' id='word_1_391' title='bbox 640 3705 720 3757; x_wconf 87' lang='lat' dir='ltr'><strong>prees·</strong></span> 
     </span>
     <span class='ocr_line' id='line_1_42' title="bbox 225 3761 719 3836; baseline 0.01 -27"><span class='ocrx_word' id='word_1_392' title='bbox 225 3761 376 3811; x_wconf 82' lang='lat' dir='ltr'><strong>tentissimis</strong></span> <span class='ocrx_word' id='word_1_393' title='bbox 398 3761 551 3836; x_wconf 82' lang='lat' dir='ltr'><strong>fluctusque</strong></span> <span class='ocrx_word' id='word_1_394' title='bbox 581 3765 616 3814; x_wconf 85' lang='lat' dir='ltr'><strong>ad</strong></span> <span class='ocrx_word' id='word_1_395' title='bbox 636 3765 719 3816; x_wconf 84' lang='lat' dir='ltr'><strong>sidera</strong></span> 
     </span>
     <span class='ocr_line' id='line_1_43' title="bbox 223 3838 716 3911; baseline 0.014 -21"><span class='ocrx_word' id='word_1_396' title='bbox 223 3838 317 3892; x_wconf 80' lang='lat' dir='ltr'><strong>tollit:</strong></span> <span class='ocrx_word' id='word_1_397' title='bbox 338 3860 352 3892; x_wconf 94' lang='lat' dir='ltr'><strong>e</strong></span> <span class='ocrx_word' id='word_1_398' title='bbox 375 3844 482 3911; x_wconf 80' lang='lat' dir='ltr'><strong>tragicis</strong></span> <span class='ocrx_word' id='word_1_399' title='bbox 504 3845 597 3893; x_wconf 89' lang='lat' dir='ltr'><strong>sumsit</strong></span> <span class='ocrx_word' id='word_1_400' title='bbox 621 3845 716 3896; x_wconf 87' lang='lat' dir='ltr'><strong>Maro:</strong></span> 
     </span>
     <span class='ocr_line' id='line_1_44' title="bbox 220 3915 716 3997; baseline 0.008 -25"><span class='ocrx_word' id='word_1_401' title='bbox 220 3920 275 3984; x_wconf 73' lang='grc' dir='ltr'><strong><em>’κῦμ’</em></strong></span> <span class='ocrx_word' id='word_1_402' title='bbox 300 3915 390 3988; x_wconf 70' lang='grc' dir='ltr'><strong>ου’ραινῷ</strong></span> <span class='ocrx_word' id='word_1_403' title='bbox 405 3923 550 3990; x_wconf 68' lang='grc' dir='ltr'><strong>πκρίξοι-</strong></span> <span class='ocrx_word' id='word_1_404' title='bbox 564 3942 605 3995; x_wconf 86' lang='lat' dir='ltr'><strong>ap.</strong></span> <span class='ocrx_word' id='word_1_405' title='bbox 626 3924 716 3997; x_wconf 84' lang='lat' dir='ltr'><strong>Eurip.</strong></span> 
     </span>
    </p>
   </div>
   <div class='ocr_carea' id='block_1_7' title="bbox 225 4002 716 4074">
    <p class='ocr_par' dir='ltr' id='par_1_12' title="bbox 225 4002 716 4074">
     <span class='ocr_line' id='line_1_45' title="bbox 225 4002 716 4074; baseline 0.01 -20"><span class='ocrx_word' id='word_1_406' title='bbox 225 4002 432 4074; x_wconf 30' lang='lat' dir='ltr'><strong>Hippoi-¹120&amp;</strong></span> <span class='ocrx_word' id='word_1_407' title='bbox 455 4003 524 4053; x_wconf 81' lang='lat' dir='ltr'><strong>conf.</strong></span> <span class='ocrx_word' id='word_1_408' title='bbox 547 4002 582 4055; x_wconf 86' lang='lat' dir='ltr'><strong>ib.</strong></span> <span class='ocrx_word' id='word_1_409' title='bbox 606 4004 716 4059; x_wconf 74' lang='lat' dir='ltr'><strong>vellen.</strong></span> 
     </span>
    </p>
   </div>
   <div class='ocr_carea' id='block_1_8' title="bbox 766 2811 1271 4076">
    <p class='ocr_par' dir='ltr' id='par_1_13' title="bbox 766 2811 1271 3754">
     <span class='ocr_line' id='line_1_46' title="bbox 771 2811 1268 2883; baseline -0.008 -20"><span class='ocrx_word' id='word_1_410' title='bbox 771 2827 800 2863; x_wconf 90' lang='lat' dir='ltr'><strong>ut</strong></span> <span class='ocrx_word' id='word_1_411' title='bbox 809 2814 864 2880; x_wconf 85' lang='lat' dir='ltr'><strong>jam</strong></span> <span class='ocrx_word' id='word_1_412' title='bbox 874 2811 990 2883; x_wconf 78' lang='lat' dir='ltr'><strong>Scaliger</strong></span> <span class='ocrx_word' id='word_1_413' title='bbox 999 2812 1079 2876; x_wconf 84' lang='lat' dir='ltr'><strong>vidit,</strong></span> <span class='ocrx_word' id='word_1_414' title='bbox 1093 2813 1139 2881; x_wconf 92' lang='lat' dir='ltr'><strong>qui</strong></span> <span class='ocrx_word' id='word_1_415' title='bbox 1151 2811 1209 2862; x_wconf 86' lang='lat' dir='ltr'><strong>aliis</strong></span> <span class='ocrx_word' id='word_1_416' title='bbox 1221 2812 1268 2860; x_wconf 86' lang='lat' dir='ltr'><strong>nri-</strong></span> 
     </span>
     <span class='ocr_line' id='line_1_47' title="bbox 769 2889 1267 2961; baseline -0.008 -19"><span class='ocrx_word' id='word_1_417' title='bbox 769 2891 880 2942; x_wconf 85' lang='lat' dir='ltr'><strong>norihus</strong></span> <span class='ocrx_word' id='word_1_418' title='bbox 898 2892 954 2961; x_wconf 89' lang='lat' dir='ltr'><strong>ipse</strong></span> <span class='ocrx_word' id='word_1_419' title='bbox 976 2893 1061 2960; x_wconf 82' lang='lat' dir='ltr'><strong>major</strong></span> <span class='ocrx_word' id='word_1_420' title='bbox 1079 2890 1204 2942; x_wconf 88' lang='lat' dir='ltr'><strong>succedit.</strong></span> <span class='ocrx_word' id='word_1_421' title='bbox 1228 2889 1267 2940; x_wconf 90' lang='lat' dir='ltr'><strong>Eo</strong></span> 
     </span>
     <span class='ocr_line' id='line_1_48' title="bbox 770 2972 1267 3043; baseline -0.008 -20"><span class='ocrx_word' id='word_1_422' title='bbox 770 2984 856 3024; x_wconf 84' lang='lat' dir='ltr'><strong>autem</strong></span> <span class='ocrx_word' id='word_1_423' title='bbox 882 2976 1039 3043; x_wconf 86' lang='lat' dir='ltr'><strong>insequente</strong></span> <span class='ocrx_word' id='word_1_424' title='bbox 1063 2972 1175 3024; x_wconf 83' lang='lat' dir='ltr'><strong>alterum</strong></span> <span class='ocrx_word' id='word_1_425' title='bbox 1193 2973 1267 3020; x_wconf 83' lang='lat' dir='ltr'><strong>navis</strong></span> 
     </span>
     <span class='ocr_line' id='line_1_49' title="bbox 769 3050 1269 3122; baseline -0.008 -20"><span class='ocrx_word' id='word_1_426' title='bbox 769 3052 852 3117; x_wconf 89' lang='lat' dir='ltr'><strong>latus,</strong></span> <span class='ocrx_word' id='word_1_427' title='bbox 864 3066 909 3105; x_wconf 90' lang='lat' dir='ltr'><strong>aut</strong></span> <span class='ocrx_word' id='word_1_428' title='bbox 918 3053 1001 3104; x_wconf 88' lang='lat' dir='ltr'><strong>altera</strong></span> <span class='ocrx_word' id='word_1_429' title='bbox 1010 3070 1089 3122; x_wconf 82' lang='lat' dir='ltr'><strong>pars,</strong></span> <span class='ocrx_word' id='word_1_430' title='bbox 1102 3051 1154 3103; x_wconf 87' lang='lat' dir='ltr'><strong>alte</strong></span> <span class='ocrx_word' id='word_1_431' title='bbox 1177 3050 1269 3120; x_wconf 86' lang='lat' dir='ltr'><strong>depri-</strong></span> 
     </span>
     <span class='ocr_line' id='line_1_50' title="bbox 769 3129 1267 3200; baseline -0.006 -18"><span class='ocrx_word' id='word_1_432' title='bbox 769 3133 865 3195; x_wconf 89' lang='lat' dir='ltr'><strong>mitur,</strong></span> <span class='ocrx_word' id='word_1_433' title='bbox 888 3131 973 3183; x_wconf 89' lang='lat' dir='ltr'><strong>altera</strong></span> <span class='ocrx_word' id='word_1_434' title='bbox 990 3144 1081 3184; x_wconf 87' lang='lat' dir='ltr'><strong>exstat.</strong></span> <span class='ocrx_word' id='word_1_435' title='bbox 1102 3133 1194 3200; x_wconf 87' lang='lat' dir='ltr'><strong>Itaque</strong></span> <span class='ocrx_word' id='word_1_436' title='bbox 1213 3129 1267 3193; x_wconf 77' lang='lat' dir='ltr'><strong>Hi,</strong></span> 
     </span>
     <span class='ocr_line' id='line_1_51' title="bbox 768 3211 1266 3280; baseline -0.008 -18"><span class='ocrx_word' id='word_1_437' title='bbox 768 3211 813 3262; x_wconf 88' lang='lat' dir='ltr'><strong>alii</strong></span> <span class='ocrx_word' id='word_1_438' title='bbox 825 3229 856 3262; x_wconf 87' lang='lat' dir='ltr'><strong>ex</strong></span> <span class='ocrx_word' id='word_1_439' title='bbox 868 3212 918 3275; x_wconf 85' lang='lat' dir='ltr'><strong>iis,</strong></span> <span class='ocrx_word' id='word_1_440' title='bbox 935 3213 980 3280; x_wconf 92' lang='lat' dir='ltr'><strong>qui</strong></span> <span class='ocrx_word' id='word_1_441' title='bbox 993 3213 1020 3262; x_wconf 91' lang='lat' dir='ltr'><strong>in</strong></span> <span class='ocrx_word' id='word_1_442' title='bbox 1036 3212 1098 3262; x_wconf 84' lang='lat' dir='ltr'><strong>nari</strong></span> <span class='ocrx_word' id='word_1_443' title='bbox 1110 3222 1185 3272; x_wconf 88' lang='lat' dir='ltr'><strong>sunt,</strong></span> <span class='ocrx_word' id='word_1_444' title='bbox 1197 3227 1221 3259; x_wconf 91' lang='lat' dir='ltr'><strong>v.</strong></span> <span class='ocrx_word' id='word_1_445' title='bbox 1243 3228 1266 3259; x_wconf 84' lang='lat' dir='ltr'><strong>c.</strong></span> 
     </span>
     <span class='ocr_line' id='line_1_52' title="bbox 768 3288 1267 3366; baseline -0.002 -27"><span class='ocrx_word' id='word_1_446' title='bbox 768 3291 796 3339; x_wconf 89' lang='lat' dir='ltr'><strong>in</strong></span> <span class='ocrx_word' id='word_1_447' title='bbox 808 3308 903 3359; x_wconf 86' lang='lat' dir='ltr'><strong>prora,</strong></span> <span class='ocrx_word' id='word_1_448' title='bbox 919 3292 1003 3342; x_wconf 86' lang='lat' dir='ltr'><strong>autin</strong></span> <span class='ocrx_word' id='word_1_449' title='bbox 1016 3291 1136 3341; x_wconf 86' lang='lat' dir='ltr'><strong>transtris</strong></span> <span class='ocrx_word' id='word_1_450' title='bbox 1149 3288 1267 3366; x_wconf 83' lang='lat' dir='ltr'><strong>dextris,</strong></span> 
     </span>
     <span class='ocr_line' id='line_1_53' title="bbox 766 3368 1271 3445; baseline -0.006 -27"><span class='ocrx_word' id='word_1_451' title='bbox 766 3369 884 3438; x_wconf 85' lang='lat' dir='ltr'><strong>pendent</strong></span> <span class='ocrx_word' id='word_1_452' title='bbox 895 3389 913 3422; x_wconf 84' lang='lat' dir='ltr'><strong>s.</strong></span> <span class='ocrx_word' id='word_1_453' title='bbox 930 3369 998 3445; x_wconf 77' lang='lat' dir='ltr'><strong>inst.</strong></span> <span class='ocrx_word' id='word_1_454' title='bbox 1008 3407 1016 3433; x_wconf 91' lang='lat'><strong>,</strong></span> <span class='ocrx_word' id='word_1_455' title='bbox 1043 3369 1102 3432; x_wconf 82' lang='lat' dir='ltr'><strong>alii,</strong></span> <span class='ocrx_word' id='word_1_456' title='bbox 1124 3369 1169 3436; x_wconf 92' lang='lat' dir='ltr'><strong>qui</strong></span> <span class='ocrx_word' id='word_1_457' title='bbox 1190 3368 1271 3416; x_wconf 91' lang='lat' dir='ltr'><strong>sinis-</strong></span> 
     </span>
     <span class='ocr_line' id='line_1_54' title="bbox 771 3449 1268 3519; baseline -0.006 -23"><span class='ocrx_word' id='word_1_458' title='bbox 771 3449 834 3512; x_wconf 89' lang='lat' dir='ltr'><strong>tris,</strong></span> <span class='ocrx_word' id='word_1_459' title='bbox 850 3451 931 3499; x_wconf 89' lang='lat' dir='ltr'><strong>autin</strong></span> <span class='ocrx_word' id='word_1_460' title='bbox 944 3449 1029 3519; x_wconf 90' lang='lat' dir='ltr'><strong>puppi</strong></span> <span class='ocrx_word' id='word_1_461' title='bbox 1042 3457 1120 3508; x_wconf 86' lang='lat' dir='ltr'><strong>sunt,</strong></span> <span class='ocrx_word' id='word_1_462' title='bbox 1138 3462 1268 3513; x_wconf 89' lang='lat' dir='ltr'><strong>mergun-</strong></span> 
     </span>
     <span class='ocr_line' id='line_1_55' title="bbox 768 3523 1269 3594; baseline -0.006 -17"><span class='ocrx_word' id='word_1_463' title='bbox 768 3539 813 3576; x_wconf 77' lang='lat' dir='ltr'><strong>tur</strong></span> <span class='ocrx_word' id='word_1_464' title='bbox 822 3527 896 3577; x_wconf 86' lang='lat' dir='ltr'><strong>mari.</strong></span> <span class='ocrx_word' id='word_1_465' title='bbox 911 3528 968 3577; x_wconf 87' lang='lat' dir='ltr'><strong>Nisi</strong></span> <span class='ocrx_word' id='word_1_466' title='bbox 980 3525 1067 3594; x_wconf 83' lang='lat' dir='ltr'><strong>placet</strong></span> <span class='ocrx_word' id='word_1_467' title='bbox 1080 3541 1104 3573; x_wconf 87' lang='lat' dir='ltr'><strong>v.</strong></span> <span class='ocrx_word' id='word_1_468' title='bbox 1117 3523 1165 3574; x_wconf 88' lang='lat'><strong>106</strong></span> <span class='ocrx_word' id='word_1_469' title='bbox 1177 3524 1269 3591; x_wconf 86' lang='lat' dir='ltr'><strong>sejun-</strong></span> 
     </span>
     <span class='ocr_line' id='line_1_56' title="bbox 769 3601 1269 3678; baseline -0.008 -20"><span class='ocrx_word' id='word_1_470' title='bbox 769 3616 830 3678; x_wconf 81' lang='lat' dir='ltr'><strong>gere</strong></span> <span class='ocrx_word' id='word_1_471' title='bbox 848 3626 863 3658; x_wconf 89' lang='lat' dir='ltr'><strong>a</strong></span> <span class='ocrx_word' id='word_1_472' title='bbox 880 3605 1079 3676; x_wconf 77' lang='lat' dir='ltr'><strong>superioribus,</strong></span> <span class='ocrx_word' id='word_1_473' title='bbox 1101 3614 1127 3653; x_wconf 83' lang='lat' dir='ltr'><strong>et</strong></span> <span class='ocrx_word' id='word_1_474' title='bbox 1151 3601 1185 3653; x_wconf 91' lang='lat' dir='ltr'><strong>de</strong></span> <span class='ocrx_word' id='word_1_475' title='bbox 1207 3605 1269 3671; x_wconf 76' lang='lat' dir='ltr'><strong>aliis</strong></span> 
     </span>
     <span class='ocr_line' id='line_1_57' title="bbox 768 3688 1020 3754; baseline -0.02 -16"><span class='ocrx_word' id='word_1_476' title='bbox 768 3688 879 3740; x_wconf 86' lang='lat' dir='ltr'><strong>navibus</strong></span> <span class='ocrx_word' id='word_1_477' title='bbox 892 3688 1020 3754; x_wconf 78' lang='lat' dir='ltr'><strong>accipere·</strong></span> 
     </span>
    </p>

    <p class='ocr_par' dir='ltr' id='par_1_14' title="bbox 768 3763 1268 4076">
     <span class='ocr_line' id='line_1_58' title="bbox 807 3763 1267 3834; baseline -0.002 -15"><span class='ocrx_word' id='word_1_478' title='bbox 807 3769 959 3819; x_wconf 80' lang='lat'><strong>108—112.</strong></span> <span class='ocrx_word' id='word_1_479' title='bbox 977 3764 1044 3816; x_wconf 84' lang='lat' dir='ltr'><strong>Aras</strong></span> <span class='ocrx_word' id='word_1_480' title='bbox 1055 3765 1163 3834; x_wconf 83' lang='lat' dir='ltr'><strong>proprie</strong></span> <span class='ocrx_word' id='word_1_481' title='bbox 1181 3763 1267 3819; x_wconf 89' lang='lat' dir='ltr'><strong>dictas</strong></span> 
     </span>
     <span class='ocr_line' id='line_1_59' title="bbox 769 3842 1268 3918; baseline -0.006 -19"><span class='ocrx_word' id='word_1_482' title='bbox 769 3867 815 3900; x_wconf 89' lang='lat' dir='ltr'><strong>seu</strong></span> <span class='ocrx_word' id='word_1_483' title='bbox 828 3844 961 3918; x_wconf 84' lang='lat' dir='ltr'><strong>AEqimuri</strong></span> <span class='ocrx_word' id='word_1_484' title='bbox 974 3842 1073 3895; x_wconf 84' lang='lat' dir='ltr'><strong>insulas</strong></span> <span class='ocrx_word' id='word_1_485' title='bbox 1084 3844 1221 3915; x_wconf 85' lang='lat' dir='ltr'><strong>designat,</strong></span> <span class='ocrx_word' id='word_1_486' title='bbox 1234 3865 1268 3897; x_wconf 79' lang='lat' dir='ltr'><strong>ex</strong></span> 
     </span>
     <span class='ocr_line' id='line_1_60' title="bbox 768 3924 1265 3995; baseline -0.006 -15"><span class='ocrx_word' id='word_1_487' title='bbox 768 3929 879 3980; x_wconf 84' lang='lat' dir='ltr'><strong>adverso</strong></span> <span class='ocrx_word' id='word_1_488' title='bbox 891 3924 1059 3995; x_wconf 83' lang='lat' dir='ltr'><strong>Carthaginis</strong></span> <span class='ocrx_word' id='word_1_489' title='bbox 1072 3927 1098 3975; x_wconf 90' lang='lat' dir='ltr'><strong>iu</strong></span> <span class='ocrx_word' id='word_1_490' title='bbox 1111 3927 1178 3976; x_wconf 87' lang='lat' dir='ltr'><strong>mari</strong></span> <span class='ocrx_word' id='word_1_491' title='bbox 1189 3928 1265 3990; x_wconf 86' lang='lat' dir='ltr'><strong>sitas,</strong></span> 
     </span>
     <span class='ocr_line' id='line_1_61' title="bbox 768 4004 1266 4076; baseline -0.006 -16"><span class='ocrx_word' id='word_1_492' title='bbox 768 4012 795 4060; x_wconf 88' lang='lat' dir='ltr'><strong>iu</strong></span> <span class='ocrx_word' id='word_1_493' title='bbox 806 4008 903 4060; x_wconf 87' lang='lat' dir='ltr'><strong>nostris</strong></span> <span class='ocrx_word' id='word_1_494' title='bbox 917 4022 1023 4075; x_wconf 82' lang='lat' dir='ltr'><strong>quoque</strong></span> <span class='ocrx_word' id='word_1_495' title='bbox 1044 4004 1266 4076; x_wconf 83' lang='lat' dir='ltr'><strong>tabulisgeogra-</strong></span> 
     </span>
    </p>
   </div>
   <div class='ocr_carea' id='block_1_9' title="bbox 0 0 1366 4580">
    <p class='ocr_par' dir='ltr' id='par_1_15' title="bbox 0 0 1366 4580">
     <span class='ocr_line' id='line_1_62' title="bbox 0 0 1366 4580; baseline 0 3"><span class='ocrx_word' id='word_1_496' title='bbox 0 0 1366 4580; x_wconf 95' lang='lat' dir='ltr'><strong> </strong></span> 
     </span>
    </p>
   </div>
  </div>
 </body>
</html>
