2742 4586
431 269 493 330 ιι)
518 269 767 332 circuni.
1056 297 1119 363 209

71 391 203 444 claretum
223 388 377 440 ridebimus
387 389 435 439 inf.
450 391 495 454 IV,
511 390 558 456 142
576 407 634 462 sqq.
629 391 724 443 Juvat
736 390 844 444 tandem
856 393 996 448 observare
1009 409 1035 449 et
1050 397 1119 472 hoe

71 481 134 540 post
148 470 235 533 alios,
248 470 299 518 nisi
317 468 455 520 fallimur.
450 471 497 519 in
516 471 603 522 forma
617 469 728 524 Didonis
748 463 924 525 describenda
935 492 989 528 uuo
1002 477 1120 546 epitheto

71 547 184 620 defungi
198 560 326 619 poetam.-
342 545 625 617 pulcherrimaDido:
620 561 695 601 ·tanr
709 568 804 619 parum
819 564 901 622 poeta
914 553 1039 606 ulteriore
1057 556 1120 626 pul-

71 623 235 678 chritudinis
258 623 438 718 descriptione
460 626 656 678 immorandum
675 628 727 679 sibi
746 642 802 680 esse
823 630 953 700 putabat·
975 649 1025 683 nec
1041 633 1120 684 facile

71 710 193 778 corporis
206 708 321 760 formosi
333 709 449 779 speciem
461 725 510 778 per
525 719 616 779 partes
635 707 786 780 describere
798 709 868 762 ullus
888 723 985 781 poeta,
999 712 1022 764 si
1034 715 1120 784 sepit,

70 779 217 842 laborabit.

528 935 668 962 'm

330 1076 691 1180 excursus
726 1085 866 1180 xxi.

359 1263 413 1326 De
424 1267 560 1354 critique
573 1263 685 1330 Italia
699 1257 837 1330 nomine.

106 1412 137 1491 l,
150 1423 313 1479 530-533.
328 1435 353 1474 et
365 1425 416 1487 ΙΙΙ
432 1423 521 1474 163-
533 1425 589 1476 166.
603 1425 650 1476 Est
662 1423 752 1490 locus,
769 1425 923 1495 Hesperiam
939 1427 1015 1479 Gran
1025 1439 1123 1501 coquo!

72 1510 146 1560 mine
165 1507 308 1558 dicunt—
324 1492 437 1554 OE'notri
454 1501 557 1554 coluere
581 1505 651 1564 viri;
674 1523 746 1556 nunc
765 1505 862 1576 fama,
887 1508 999 1560 minores
1014 1509 1124 1559 Italiam

74 1589 168 1642 dixisse
180 1585 254 1636 ducis
267 1585 297 1636 de
310 1583 417 1635 nomine
422 1593 540 1656 pentem
558 1584 674 1634 Nomina
685 1583 766 1634 ltaliae
779 1586 869 1634 omnia
882 1603 898 1635 a
909 1585 1006 1638 Graecis
1020 1590 1124 1638 venisse

74 1669 214 1725 videntur;
229 1682 264 1714 an
275 1665 345 1714 inter
357 1663 458 1713 incolas
471 1663 520 1713 toti
533 1662 596 1713 ltu'ic
613 1677 743 1714 terrarum
755 1665 853 1714 tractui
866 1681 965 1716 nomeu
984 1671 1126 1716 commune¹

74 1747 242 1817 impertitum
252 1744 334 1794 luerit
346 1761 376 1793 ac
398 1735 494 1812 quale,
511 1744 644 1834 ignorari,
658 1755 703 1794 aut
716 1745 821 1808 verius,
835 1742 948 1795 nulllum
961 1749 1069 1797 omnino
1090 1742 1125 1796 ab

74 1827 152 1878 initio
172 1823 273 1886 fuisse,
285 1831 428 1912 'putamus
446 1821 486 1872 lta
509 1824 579 1874 enirn
602 1824 654 1873 fert
674 1839 765 1874 rerum
768 1821 978 1895 hominumque
1000 1827 1069 1876 ratio
1093 1843 1125 1876 ae

75 1922 151 1970 mos,
173 1912 203 1952 ut
218 1901 328 1952 nomina
343 1913 398 1950 non
410 1901 582 1970 imponantur
598 1895 677 1952 rebus
690 1903 741 1952 nisi
752 1903 784 1952 iis
798 1915 843 1953 aut
862 1902 896 1953 ab
910 1904 971 1954 aliis
992 1912 1037 1956 aut
1057 1906 1127 1954 inter

76 2005 104 2038 se
120 1943 323 2042 discernendis;
338 1973 460 2052 adeoque
473 2000 521 2032 nec
538 1983 615 2032 terris
637 2001 667 2034 ac
680 1982 850 2054 regionibus
843 1968 969 2052 imposita
984 1973 1059 2035 fuere
1077 2002 1127 2034 no-

76 2068 151 2116 mina
162 2063 214 2112 nisi
233 2059 373 2111 hominum
383 2063 548 2111 commerciis
564 2061 702 2122 subnatis;
716 2075 745 2111 ut
764 2074 810 2112 aut
827 2061 992 2114 diversarum
1004 2065 1128 2134 stirpium

77 2145 243 2217 ac‘gentium
255 2131 331 2194 sedes
351 2141 569 2214 designarentur,
583 2155 630 2194 aut
646 2156 675 2193 ut
689 2143 786 2195 accolae
801 2162 832 2194 ac
844 2141 909 2194 fines
922 2145 1011 2195 dirimi
1025 2163 1056 2196 ae
1071 2148 1129 2215 regi

77 2235 199 2298 possent.
224 2221 335 2272 Inventa
355 2223 446 2290 itaque
468 2233 599 2272 terrarum
622 2224 731 2272 nomina
756 2222 860 2312 partim
874 2223 942 2274 inter
961 2223 1071 2274 tribules
1096 2241 1128 2273 ac

77 2302 252 2395 populares,
259 2301 361 2371 partim
378 2299 412 2352 ab
433 2291 549 2351 advenis
563 2302 660 2352 Prioris
673 2303 776 2372 generis
789 2303 913 2366 nomina,
933 2302 961 2354 id
981 2303 1075 2373 quod'
1068 2320 1129 2372 ipsa

78 2386 118 2437 rei
128 2383 197 2435 ratio
208 2379 316 2432 credere
324 2380 417 2449 jubet,
431 2366 466 2432 ad
477 2394 603 2452 angustos
616 2394 730 2446 tractus,
744 2400 810 2453 quos
822 2383 912 2452 aliqua
924 2387 1025 2457 stirps,
1033 2384 1128 2448 tribus,

77 2464 121 2516 vel
133 2479 199 2535 gens
212 2449 335 2525 tenebat,
356 2473 526 2531 spectarunt;
543 2462 596 2512 alia
609 2465 719 2514 nomina
734 2465 762 2514 in
774 2463 815 2515 his
830 2464 987 2532 substitere,
1001 2451 1054 2517 alia
1064 2463 1128 2515 inde

77 2529 161 2596 latius
175 2539 209 2592 ad
221 2544 342 2610 proxima
356 2559 466 2611 quaque
476 2541 537 2594 loca
549 2544 665 2613 proferri
684 2557 829 2614 coeperant.
823 2527 927 2597 Aliter
939 2555 980 2598 res'
990 2563 1018 2598 se
1028 2529 1128 2596 habero

78 2624 170 2696 potuit
179 2625 207 2672 in
219 2621 384 2685 nominibus,
398 2639 456 2692 quae
469 2622 502 2672 ab
515 2622 624 2674 advenis
637 2641 684 2675 seu
694 2623 851 2696 negotiandi
862 2641 909 2676 seu
920 2625 1023 2694 risendi
1034 2640 1129 2676 caussa

78 2703 147 2754 lines
168 2701 292 2772 ingressis
307 2701 501 2763 invenirentur;
525 2704 625 2774 quippe
643 2722 701 2773 quae
717 2721 843 2775 magnum
861 2716 991 2758 terrarum
1014 2716 1129 2756 tractum

76 2787 136 2854 jam
148 2779 182 2832 ab
201 2781 277 2830 initio
297 2779 433 2832 declarare
453 2794 583 2851 possunt,
597 2782 759 2850 dummodo,
780 2783 844 2836 lines
862 2795 908 2834 aut
924 2803 999 2836 oram
1013 2803 1044 2836 ac
1065 2782 1128 2833 litus

80 2874 128 2936 aut
139 2860 272 2932 populum
283 2873 338 2912 tarn
350 2861 403 2913 late
415 2863 554 2932 protendi,
566 2866 653 2936 primo
668 2865 756 2916 statim
769 2863 844 2916 aditu
856 2865 1004 2917 constabat.
1019 2864 1053 2915 cf.
1064 2863 1125 2913 Erc-

79 2945 104 2995 ΙΙ
117 2953 183 2994 extr.
204 2940 238 2991 ad
249 2941 295 3014 lib.
314 2943 382 3014 Vlll.
396 2945 485 2994 Potuit
498 2943 565 2996 adeo
585 2947 628 2994 isti
645 2949 776 2996 terrarum
789 2945 903 3007 tractui,
926 2961 1006 3012 quam
1024 2941 1129 2994 ltaliam
1158 2980 1161 2986 ,

82 3021 264 3094 appellamus,
284 3023 361 3072 initio
378 3029 394 3075 a
414 3037 487 3076 certa
509 3042 560 3076 ora
576 3025 714 3076 maritimae
732 3037 808 3094 parte
826 3023 869 3076 vel
887 3022 947 3076 loco
965 3025 1058 3086 facto,
1079 3038 1129 3071 no-

80 3119 144 3154 rnen
167 3101 322 3170 impositum
342 3109 398 3154 e'sse
421 3118 437 3154 a
460 3100 645 3168 Phoenicibus,
668 3102 741 3196 quod
764 3116 853 3156 tamen
876 3121 946 3155 nunc
964 3105 1126 3173 ignoramus:

78 3181 216 3244 Nomina,
238 3199 296 3251 quae
315 3193 450 3246 tenemus,
471 3182 566 3235 Graecae
582 3185 638 3236 fere
658 3185 768 3255 originis
780 3195 858 3235 sunt.
872 3201 964 3234 verum
975 3183 1059 3236 Graeci
1073 3201 1129 3234 non

79 3261 133 3310 nisi
146 3260 254 3330 exiguos
269 3259 354 3311 litoris
371 3273 472 3312 tractus
492 3262 550 3313 ab'
543 3264 619 3314 mitio
641 3265 761 3334 cognitos
772 3263 900 3314 habuere.
918 3261 1049 3314 Saturnia
1070 3263 1130 3332 (Ριξ-Ι

80 3335 143 3390 dem
156 3355 254 3389 nornen
265 3377 273 3406 ,
284 3339 358 3409 quod
369 3340 512 3412 Dionysius
529 3341 613 3394 Halic
627 3344 655 3408 l,
675 3341 709 3407 34
721 3331 851 3412 putabet,
870 3341 913 3390 vir
926 3340 977 3392 fuit
989 3355 1131 3393 commune·

80 3435 113 3470 ac
132 3417 258 3490 vulgare,
273 3419 320 3471 sed
346 3433 385 3471 est
404 3433 561 3491 poetarum
585 3425 634 3474 etsi
653 3425 742 3494 primo
760 3421 795 3473 ad
809 3420 897 3472 locum
920 3420 1035 3491 aliquem
1056 3425 1129 3475 eirca

79 3498 201 3550 Tiberim
215 3505 349 3570 spectasse
362 3498 624 3555 dicitur·vacll1b
647 3504 705 3554 Vlll
719 3502 780 3554 Exc
802 3503 826 3552 11
845 3514 909 3552 extr.
930 3503 1062 3575 Hesperia
1079 3522 1129 3555 no-

80 3596 160 3642 men,
187 3591 286 3631 terram
310 3581 344 3633 ad
370 3581 536 3634 occidentem
557 3584 635 3636 sitam
654 3583 812 3648 declarans,
837 3601 975 3636 commune
995 3585 1047 3636 luit
1067 3603 1128 3637 cum

80 3643 228 3726 llispania3
249 3670 279 3708 ut
300 3661 362 3710 satis
380 3673 524 3752 appareat,
538 3662 635 3713 Graecis
652 3680 684 3713 ex
698 3664 771 3713 omni
788 3662 908 3733 Europa
919 3665 1033 3734 primam
1050 3667 1128 3714 inno-

80 3733 163 3786 tuisse
175 3735 295 3802 ltaliam,
307 3756 357 3789 nec
369 3741 420 3790 nisi
430 3741 598 3812 navigatione
609 3740 644 3792 ad
655 3741 784 3794 ulteriora
795 3744 882 3806 lacta,
894 3741 1007 3796 lberiam
1021 3761 1133 3814 quoque

80 3815 110 3864 in
125 3814 249 3867 notitiam
266 3819 376 3871 venisse
390 3819 504 3891 Reliqua
518 3821 600 3871 ltalia
611 3824 737 3889 nomina,
753 3841 813 3874 cum
830 3835 902 3874 certo
922 3841 986 3894 agro
996 3821 1037 3876 vel
1051 3837 1128 3876 certas

81 3896 202 3966 regioni,
216 3896 310 3967 «quam
327 3902 444 3970 primum
465 3901 586 3954 adierant
608 3902 651 3954 vel
670 3902 781 3954 coloniis
804 3905 1007 3974 frequentarent
1027 3903 1127 3965 Greci,

80 3988 171 4026 essent
190 3981 316 4049 propria,
330 3981 365 4034 ad
378 3983 533 4036 remotiores
546 3995 656 4058 terres,
674 3983 755 4034 modo
775 3987 912 4055 angustius
931 3983 1011 4038 mode
1032 3983 1126 4043 latius,

151 4082 177 4118 2.
921 4073 951 4139 ΙΙ
