2718 4598
240 322 302 388 358
487 321 522 382 P.
545 318 775 383 VIRGlLll
799 317 1030 382 MARONlS

688 576 828 590 m
861 574 863 580 ¹

242 721 439 829 POSTQUAM
452 770 503 812 res
516 749 599 812 Asiae
612 748 798 836 Priamique
812 763 960 812 evertere
974 763 1108 835 gentem

239 857 440 922 immeritam
451 855 558 919 visum
570 854 717 944 Superis,
731 852 918 943 ceciditque
932 853 1115 942 superbum

238 964 351 1044 llinm,
366 981 399 1029 et
411 963 516 1028 omnis
529 961 632 1026 humo
644 962 749 1026 fumat
761 962 927 1048 Neptunia
938 961 1053 1050 Troja:

239 1071 376 1136 Diversa
389 1069 498 1133 exsilia
511 1085 544 1132 et
556 1066 700 1132 desertas
713 1089 861 1155 quaerere
874 1082 975 1130 terras

239 1175 392 1262 Auguriis
404 1175 532 1260 agimur
543 1171 668 1250 divom,
682 1173 886 1260 classemque
898 1170 960 1235 sub
972 1171 1042 1258 ipsa

239 1279 409 1347 Antandro
422 1294 454 1342 et
466 1277 613 1367 Phrygiae
626 1278 782 1341 molimur
793 1275 962 1340 montibus
975 1275 1060 1353 ldae;

273 1473 292 1503 t.
305 1457 434 1520 Priamique
445 1463 529 1500 vertere
537 1451 637 1510 Medic,
648 1454 689 1500 sed
698 1469 711 1499 a
720 1467 751 1498 m.
762 1469 798 1516 pr.
808 1480 839 1490 ·-
850 1469 871 1498 a.
882 1455 1020 1500 immeritum
1029 1453 1140 1500 llottend.
1153 1465 1207 1500 tert.
1217 1458 1283 1500 visum
1342 1427 1343 1462 l

238 1527 348 1577 estmulti
360 1545 397 1590 ap.
410 1529 471 1574 Pier.
482 1528 561 1573 lleins.
571 1551 603 1561 -
612 1526 634 1572 3.
647 1525 704 1572 Ilion
716 1539 802 1588 serap.
814 1527 893 1570 Burm.
904 1525 984 1588 sumat
993 1524 1053 1572 male
1064 1526 1158 1572 Probus
1168 1525 1284 1589 acceperit
1342 1525 1343 1564 l

239 1615 283 1662 pro
293 1597 401 1660 fumavit.
411 1595 483 1644 Recte
493 1607 546 1658 post
556 1596 634 1641 cecidit
645 1607 748 1642 mutatur
760 1608 864 1658 tempus,
875 1595 967 1658 fumun·
978 1595 1043 1658 quod
1053 1611 1104 1642 non
1116 1611 1167 1642 uno
1179 1598 1284 1659 temporis

238 1681 357 1716 momento
367 1667 501 1718 absolvitur.
513 1693 545 1703 --
555 1667 578 1724 4.
589 1676 611 1712 et
626 1667 725 1712 diversas
736 1683 759 1732 q.
774 1677 845 1713 terras
857 1667 947 1730 aliquot
958 1679 1047 1712 veteres
1063 1667 1184 1722 Pieriani,
1201 1679 1224 1713 et
1235 1667 1284 1712 Me·

237 1757 291 1803 ung.
302 1741 368 1786 Voss.
384 1756 421 1802 pr.
438 1739 563 1801 llamburg.
581 1737 639 1784 alter
655 1755 698 1800 pro
709 1755 757 1784 var.
775 1737 829 1785 lect.
847 1737 952 1785 Parrhas.
971 1735 1070 1784 Dorvill.
1087 1737 1193 1783 Brunclt.
1213 1737 1285 1782 ttaeret

237 1813 391 1857 Burmannus.
401 1813 510 1866 Suavior,
520 1823 590 1872 puto,
600 1823 660 1856 esset
670 1807 709 1855 illa
719 1808 790 1856 lectio
796 1828 803 1866 ;
813 1809 854 1856 sed
865 1809 895 1855 ad
906 1810 976 1855 iidem
984 1811 1088 1856 criticam
1096 1808 1246 1872 probabilior
1254 1820 1285 1854 est

238 1882 311 1928 altera
322 1881 393 1928 lectio
402 1883 513 1938 desertas,
525 1897 578 1928 cum
587 1881 656 1927 codd.
670 1883 819 1937 auctoritate,
829 1884 890 1927 inter
897 1897 956 1944 qnos
963 1883 1052 1943 Frjgm.
1060 1882 1152 1938 Vatic,
1164 1892 1215 1926 tum
1224 1879 1286 1942 quod

239 1969 266 2000 ea
275 1954 314 1999 vix
324 1956 387 1999 nasci
397 1955 475 2016 potuit
485 1970 513 2001 ex
522 1953 602 2007 altera,
611 1954 637 1998 iu
648 1967 718 2014 quam
730 1951 798 1999 facile
808 1951 893 2016 aliquis
904 1954 1008 2000 incidere
1017 1964 1117 2014 poterat.
1128 1951 1202 2012 Quod
1210 1965 1286 1997 autem

237 2022 271 2085 uqi
282 2025 382 2072 desertas
395 2034 465 2072 terras
474 2036 558 2088 putant
568 2039 698 2086 repugnare
710 2039 765 2070 anm
774 2026 848 2088 opimo
866 2026 899 2080 Π,
919 2023 976 2087 781,
990 2037 1013 2070 et
1025 2023 1125 2080 similia;
1138 2024 1164 2070 id
1173 2023 1226 2070 leve
1240 2033 1284 2067 est:

190 2129 194 2137 .
237 2105 335 2156 possum
347 2097 408 2140 enim
421 2097 469 2157 agri
481 2110 529 2142 esse
542 2094 628 2140 deserti
641 2107 664 2138 et
676 2091 805 2141 cultoribus
817 2097 896 2154 vacui,
907 2107 930 2141 et
944 2107 1020 2141 tamen
1034 2092 1124 2140 fertiles
1136 2093 1234 2146 baberi,
1250 2092 1284 2136 in-

236 2166 319 2227 primis
332 2167 351 2211 si
363 2165 439 2212 cultus
449 2169 584 2222 accesserim
599 2177 622 2212 et
631 2178 705 2220 terra,
717 2167 742 2211 in
754 2182 824 2228 quam
834 2168 889 2212 novi
901 2162 980 2212 'coloni
992 2178 1045 2212 sunt
1056 2165 1213 2226 immigraturi
1225 2163 1285 2208 benc

237 2233 328 2280 deserta
338 2247 362 2281 et
372 2249 420 2280 non
432 2238 486 2281 satis
495 2237 641 2298 frequentata
650 2235 784 2282 homiuibus
796 2237 889 2282 dicitur.
906 2237 953 2282 Sed
965 2236 990 2280 id
1003 2235 1073 2298 plane
1085 2235 1111 2280 h.
1124 2235 1141 2280 l.
1157 2249 1206 2279 non
1222 2246 1286 2295 quae·

190 2317 192 2321 ’
237 2303 346 2350 rendum.
363 2306 434 2350 Poeta
449 2306 512 2354 enim
524 2304 570 2350 hoc
582 2320 656 2350 unum
672 2305 731 2366 agit,
744 2316 770 2350 ut
783 2307 956 2352 miserationem
968 2316 1067 2351 movent.
1082 2301 1196 2348 Praeclare
1209 2313 1285 2347 autem

236 2384 290 2436 post
299 2371 367 2418 ilium
375 2373 511 2436 superbum:
520 2374 613 2420 deserte
624 2383 690 2419 teme
696 2391 704 2428 ,·
716 2375 741 2418 in
751 2375 837 2436 quibus
847 2377 903 2436 ipsis
915 2374 982 2420 sedes
991 2387 1057 2419 novae
1069 2369 1283 2418 erantcoudendae.

237 2443 300 2490 ·-·5.
312 2442 445 2508 classeinque
456 2448 532 2508 Sprot.
545 2443 672 2508 classesque
681 2462 717 2508 pr.
731 2445 840 2492 llottend.
855 2461 899 2508 pro
910 2463 957 2490 var.
970 2443 1024 2490 lect.
1033 2469 1065 2480 —
1076 2443 1098 2488 6.
1115 2451 1139 2487 et
1149 2442 1215 2487 abest
1226 2455 1285 2485 uon-

272 2579 542 2637 Rerumvarietateet
554 2585 681 2636 doctrinae
691 2602 738 2636 co·

221 2695 224 2706 .
237 2660 284 2730 pia
295 2656 339 2710 hic
348 2659 417 2712 liber
426 2665 519 2714 ceteris
527 2664 606 2716 fa'cile
614 2675 734 2734 prestat,

187 2747 189 2753 ’
221 2751 310 2790 ,totns
329 2738 374 2791 ille
393 2741 428 2793 ad
445 2741 569 2814 Odysseae
587 2743 736 2814 exemplum

222 2821 412 2890 conscriptus.
434 2823 468 2874 cf.
489 2824 610 2893 inprimis
629 2822 733 2876 Cluver.

219 2949 224 2956 .
237 2899 308 2952 sicil.
323 2914 376 2954 ant.
389 2921 415 2972 p.
429 2903 480 2969 452
488 2920 548 2974 sqq.
559 2904 640 2970 Quod
647 2915 735 2956 tamen

237 2981 324 3031 minus
336 2979 415 3052 vulgo
425 2980 537 3034 lectores
548 2984 677 3034 suavitate
687 3000 735 3034 sua

822 2602 834 2635 1
847 2615 881 2624 -
893 2587 918 2638 3.
936 2581 1111 2656 Splendidum
1129 2580 1284 2645 exordium,

784 2680 835 2734 pro
846 2686 852 2715 :
865 2666 1009 2734 Postquam
1020 2663 1139 2731 Trojain
1145 2661 1219 2714 hunc
1229 2677 1285 2712 mo·

784 2741 849 2794 dum
864 2744 953 2796 iuerat
969 2757 1069 2794 eversa·
1088 2757 1126 2793 res
1142 2741 1214 2793 Asioe
1222 2779 1233 2806 ,
1245 2757 1285 2790 re·

783 2839 865 2892 girum
874 2820 943 2872 Asta
955 2836 979 2871 v.
995 2837 1054 2890 sup.
1067 2817 1222 2886 ad11,556.

819 2900 836 2967 4
847 2929 882 2939 -
892 2901 916 2952 8.
936 2898 1045 2950 Diversa
1056 2896 1165 2962 exsilia,
1183 2898 1285 2951 deserte

783 2989 857 3030 tertre
864 3017 874 3044 ,
888 2977 922 3030 ad
934 2979 1133 3030 miserationem
1147 2980 1212 3029 satis
1227 2998 1285 3050 gra-

237 3057 353 3126 detinet,
370 3077 423 3110 non
443 3071 497 3110 tam
515 3059 544 3111 id
564 3061 643 3128 facit,
662 3060 735 3131 qnod
782 3061 863 3124 viter,
876 3076 926 3130 pro
938 3060 1015 3110 terris
1028 3059 1103 3110 novis
1115 3077 1147 3110 ac
1158 3059 1284 3122 diversis,

237 3139 383 3212 Segraisius
399 3139 555 3211 judicabat,
575 3141 649 3211 quod
666 3141 735 3194 liber
783 3139 945 3212 longinquis,
956 3136 1148 3190 inhabitandis.
1157 3136 1285 3210 Auqmiir

221 3220 370 3271 'secundus
395 3222 543 3294 gravissimi
571 3223 734 3293 argumenti,

236 3317 299 3350 nam
314 3299 346 3350 de
358 3301 444 3368 'l'rojae
456 3299 558 3352 excidio
578 3302 648 3372 agit,
661 3314 736 3354 ante-

220 3402 222 3408 ·
237 3377 322 3442 cedit,
339 3390 365 3430 et
383 3377 495 3430 Didonis
512 3397 615 3431 amores
634 3383 736 3432 suavis‘-

228 3459 305 3508 sima
323 3459 477 3510 narratione
502 3471 663 3529 sequuntur3
687 3460 735 3512 sed

220 3565 223 3585 ι
234 3538 328 3606 ¹potius
335 3536 397 3600 boc,
406 3537 479 3608 quod
486 3539 630 3598 multarum
636 3557 734 3606 rerum,

237 3616 358 3686 inprimis
372 3635 430 3687 quae
440 3616 474 3668 ad
483 3617 586 3690 mythos
597 3631 698 3670 veteres
709 3632 735 3672 et

218 3733 220 3743 .
238 3693 429 3765 geographiam
438 3697 580 3766 'antiquam
597 3709 733 3767 spectant,

230 3773 361 3850 notitiam
369 3772 469 3827 habere
481 3773 560 3826 debet
572 3776 609 3838 is,
623 3777 668 3844 qui
678 3771 735 3826 om-

238 3855 297 3916 nia,
315 3869 372 3923 qute
386 3865 467 3922 poeta
478 3851 569 3903 leviter
582 3863 684 3904 tantum
696 3869 734 3909 at·

218 3931 224 3938 ’“
232 3929 297 4002 'tigit
310 3941 336 3983 et
346 3929 515 4000 perstrinxit,
529 3927 675 4004 intelligere
686 3937 733 3997 ie·

239 4007 278 4061 lit.

784 3219 873 3271 divum
893 3235 951 3288 sup.
972 3219 1010 3285 ll,
1024 3217 1072 3286 691
1095 3233 1151 3288 sq.,
1164 3219 1217 3268 nisi
1237 3215 1284 3268 ad·

784 3297 849 3349 dere
863 3297 939 3348 malis
958 3295 1111 3368 prodigium
1130 3293 1244 3347 flammae
1258 3313 1282 3345 v.

784 3377 834 3430 682
848 3389 874 3429 et
885 3375 989 3428 Creusae
1002 3377 1134 3426 monitum
1143 3393 1168 3425 v.
1182 3376 1243 3440 780.
1256 3375 1284 3425 In

783 3455 921 3510 Antandro
931 3467 1090 3526 argutantur
1099 3446 1283 3517 Grammatici,

784 3548 810 3588 ct
822 3536 908 3590 Cerda
927 3537 954 3588 in
966 3535 1071 3604 adjecto
1092 3534 1157 3606 ipsa.
1176 3533 1285 3604 Simpli-

784 3617 850 3668 citer
861 3635 893 3668 ex
904 3614 990 3667 Strnb.
1004 3616 1077 3680 XIII,
1090 3634 1118 3685 p.
1132 3615 1231 3667 6061).
1245 3625 1284 3663 te-

783 3694 914 3762 nendum,
925 3713 1017 3748 versus
1025 3694 1170 3770 {meridiem
1180 3693 1215 3747 ab
1225 3693 1285 3756 Ilio,

784 3775 818 3828 ad
832 3777 919 3826 sinum
936 3773 1172 3846 Adramyttenum,
1186 3774 1285 3837 luisse,

783 3855 876 3906 saltem
888 3853 1032 3906 seriorib'us
1045 3851 1232 3923 temporibus,
1245 3869 1286 3902 ur-

781 3935 844 3987 bem
856 3933 1036 3998 Antandrum,
1050 3933 1161 3999 navale,
1175 3934 1211 3986 ad
1222 3933 1284 3984 Idaei

783 4013 879 4067 montis
885 4011 996 4066 radices.
1006 4012 1080 4066 Nihil
1087 4013 1170 4085 igitur
1178 4014 1283 4074 mirum,
