2742 4586
344 302 612 382 *ultumos
642 314 794 380 ninus
817 314 865 384 11.
958 307 961 311 ’
997 287 998 290 ‘
1076 326 1143 413 '249
1184 423 1187 432 Δ

100 427 186 512 Quae
198 444 295 495 tantae
307 445 444 499 tenuere
456 459 556 502 morae
564 439 580 500 Ῥ
592 439 711 528 quibus
724 423 847 508 Hector
858 442 900 508 ab
912 447 977 512 oris

104 534 301 622 Exspectate
312 539 426 603 venis?
439 558 476 605 ut
487 558 519 605 te
532 561 606 630 post
617 546 719 610 multa
731 563 863 613 tuorum

105 641 250 720 Funera,
263 660 338 730 post
349 645 455 710 varios
467 645 705 740 hominumque
717 652 873 743 urbisque
885 655 1012 722 labores

105 745 238 810 Defessi
249 745 463 835 adspicimus!
478 776 551 842 quae
564 779 677 821 caussa
689 757 823 846 indigna
835 783 967 826 serenos
1102 774 1145 850 285

104 852 895 933 Foedavitvoltus?autcurhaecvolueracerno?
938 897 941 902 ¹
1016 891 1019 896 ’

106 957 280 1041 lllenihi13
293 985 354 1027 nec
366 986 420 1028 me
433 986 635 1053 quaerentem
646 994 729 1036 vana
740 991 903 1040 moretur:

105 1062 171 1128 Sed
184 1067 324 1152 graviter
336 1071 476 1156 gemitus
488 1073 554 1138 imo
568 1073 611 1138 de
622 1093 756 1165 pectore
769 1079 907 1160 ducens,

105 1153 183 1236 Heu
195 1174 286 1261 fuge,
300 1193 375 1241 nate
389 1176 464 1258 dea,
477 1196 577 1270 teque
589 1183 654 1264 his,
668 1186 726 1265 ait,
740 1187 831 1275 eripe
842 1187 991 1262 flammis.

105 1279 219 1342 Hostis
231 1278 331 1344 habet
342 1287 550 1365 muros;ruit
561 1288 658 1353 altoa
673 1292 817 1357 culmine
829 1295 948 1384 Trojaq
1102 1327 1146 1375 290

103 1383 161 1448 Sat
171 1385 283 1473 patriae
296 1387 491 1474 Priamoque
504 1390 626 1458 datum.
640 1395 672 1460 Si
685 1399 840 1497 Pergama
853 1398 964 1465 dextra

102 1488 249 1554 Defendi
260 1510 411 1580 possent:
425 1497 523 1560 etium
529 1497 596 1570 ,hac
610 1498 745 1567 defensa
757 1499 904 1574 fuissent.

40 1674 45 1680 '
102 1668 244 1731 amussim
252 1664 329 1711 Schol.
339 1668 427 1732 Cruqu.
438 1631 527 1719 Hormi
537 1676 601 1720 tsat.
610 1692 623 1738 7
634 1688 657 1721 et
665 1677 697 1721 IV
704 1678 749 1722 Od.
760 1680 781 1724 5.
791 1678 837 1724 Sed
838 1679 960 1753 qvulgatum
965 1682 1034 1726 etiem
1042 1680 1146 1726 Macrob.

101 1735 193 1786 lV-Satf
207 1750 219 1779 2
231 1733 434 1796 babetfidtstumu
447 1744 550 1789 scribunt
566 1744 635 1790 codd.
649 1749 791 1809 antiquiores
800 1765 838 1810 up.
855 1751 969 1806 Firmum,
983 1753 1040 1797 etin
1050 1765 1098 1795 uno
1100 1750 1147 1810 fir·

102 1806 204 1851 musceto
217 1803 254 1850 vel
264 1804 492 1865 'formino-283.
500 1829 567 1878 quem
575 1823 595 1860 te
598 1823 651 1878 post
656 1815 744 1862 Zulich.
754 1816 826 1869 mutto
834 1819 921 1863 dierum
928 1818 1006 1864 Guda
1016 1835 1046 1864 to.
1053 1817 1149 1881 prspost

103 1883 168 1920 unta
176 1889 237 1920 uuus
245 1874 346 1936 Guelpb.
354 1881 443 1938 -284,
451 1899 493 1945 per
501 1889 575 1932 vanos
582 1885 695 1942 ondam,
707 1900 734 1933 ut
742 1888 783 1934 lib.
795 1890 883 1946 1,628.
894 1898 947 1953 post
955 1890 1067 1937 homiuum
1075 1892 1148 1934 varios
1198 1929 1200 1936 ,

103 1961 128 1990 u.
139 1946 216 2006 bigot.
225 1971 257 1981 -
266 1946 318 1994 285.
329 1954 450 2014 accipimus
457 1956 539 2002 Hamb.
552 1974 587 2018 pr.
599 1970 622 2004 et
632 1959 701 2004 Goth.
711 1966 764 2006 tert.
774 1978 787 2006 a
796 1977 827 2006 m.
835 1977 881 2008 sec.
892 1963 920 2007 Et
929 1974 1004 2024 potest
1013 1963 1149 2024 exquisitior

14 2049 18 2057 .
101 2015 188 2062 uideri.
203 2031 290 2064 severos
304 2019 394 2082 Hugen.
411 2041 467 2070 aru.
483 2043 530 2072 sec.
539 2029 632 2092 5286.
648 2039 671 2075 et
683 2045 725 2076 cur
735 2033 801 2078 Leid.
810 2057 843 2068 -
855 2032 906 2095 287.
921 2036 971 2096 Ipse
986 2032 1098 2078 Montalh.
1108 2045 1149 2075 nec

101 2094 241 2148 quoeoentem
249 2101 283 2131 me
292 2101 338 2146 sec-
349 2089 431 2138 Hamb.
444 2109 484 2142 neo
495 2112 530 2142 me
540 2107 666 2144 remoratur
676 2116 735 2145 vanu
750 2111 879 2164 querentem
889 2103 981 2164 Menag.
992 2119 1028 2164 pr.
1038 2101 1093 2164 fato
1101 2115 1149 2145 mo-

103 2165 169 2204 ratus
180 2156 217 2202 ed·
228 2158 288 2202 Ven·
297 2183 329 2194 -
340 2160 391 2208 288.
403 2165 430 2210 de
437 2182 461 2228 p.
467 2167 570 2234 fundens
579 2169 684 2217 Parthas.
696 2197 728 2206 —
737 2172 790 2233 389.
803 2173 893 2235 Heusf.
909 2173 974 2218 Leid.
986 2188 1027 2218 uu.
1038 2181 1080 2216 tete
1088 2186 1149 2216 corr.

102 2229 204 2290 Cuning.
217 2232 275 2290 en'pe
293 2229 342 2276 telis
352 2235 487 2283 Dorvill.—
501 2254 552 2300 290.
564 2257 579 2284 o
595 2241 660 2287 deest
675 2242 773 2288 Dorvill.
784 2245 876 2306 Menag.
890 2260 926 2306 pr.
944 2257 967 2290 et
980 2241 1087 2288 Mediceo
1096 2243 1149 2286 Pie·

101 2301 178 2344 riauo.
192 2298 257 2346 Adde
267 2301 338 2350 (sothe
349 2317 400 2352 tert.
417 2310 444 2362 Iu
461 2311 564 2366 secundo
575 2311 628 2358 Atre
644 2330 658 2358 o
673 2329 693 2358 c.
710 2313 756 2360 olto
772 2314 867 2360 culmine
879 2317 1058 2377 superscriptoo
1069 2313 1149 2374 fragm.

101 2369 179 2413 Varie.
191 2370 219 2414 ab
230 2386 250 2416 c.
261 2373 326 2419 Letd.
340 2393 406 2425 unus,
419 2382 547 2432 Dorvillius
556 2383 687 2447 beue‘conj.
700 2385 800 2431 ruitolto
809 2403 823 2432 o
832 2385 928 2432 culmine
944 2389 1023 2450 Trojo,
1040 2383 1104 2448 quod
1119 2383 1150 2427 si-

103 2439 251 2500 finffifflmiffl
263 2455 310 2497 ⁰⁵¹,
329 2451 396 2494 etsie
408 2453 521 2498 doronem
537 2453 633 2516 legisse,
645 2457 700 2501 Jani
715 2457 773 2502 vidit
783 2457 813 2502 ad
828 2458 907 2503 Horat.
920 2459 952 2501 tv
959 2458 1034 2502 Germ.
1044 2455 1074 2510 6,
1086 2455 1108 2500 3.
1128 2461 1151 2496 et

102 2510 200 2557 umes·
209 2512 276 2562 mad·
286 2534 306 2570 v>
315 2518 434 2582 77udtrro
444 2523 513 2571 uiae
521 2525 570 2571 κατ’
581 2525 647 2588 ἄκρης
656 2521 822 2579 Ἴλιοςαὶπιινιί.
831 2529 896 2593 adq.
905 2528 1010 2575 locvide
1018 2527 1149 2574 addelliad.
1211 2563 1212 2566 ι

102 2597 126 2635 ⁰³
138 2583 191 2644 557·
204 2585 256 2634 558·
265 2613 298 2626 ·-
307 2605 359 2652 291.
369 2593 459 2640 Prumo
471 2600 594 2661 patrieque
605 2614 650 2646 sec.
663 2599 745 2644 Hamh.
757 2600 836 2645 dutum
848 2610 883 2646 est
892 2602 998 2646 witt-
1006 2615 1057 2661 292.
1066 2603 1153 2662 possuit

99 2733 203 2799 jectum
219 2741 318 2792 circum
338 2759 424 2797 muros
440 2748 555 2816 patrios,·
576 2707 602 2802 rit
652 2764 762 2822 excepto
779 2754 850 2806 forte
865 2753 926 2805 loco
942 2751 1018 2804 Iliad.
1037 2752 1072 2812 θ,
1090 2751 1149 2803 28²·

102 2813 197 2882 paullo
216 2832 278 2886 post
297 2840 322 2871 v.
344 2823 401 2874 286.
425 2823 478 2876 hoec
494 2826 602 2879 volnera
652 2842 682 2880 ut
692 2841 715 2880 te
722 2849 766 2900 p„
780 2831 850 2892 duh.
862 2851 884 2884 e.
898 2830 1032 2902 quomodo
1043 2853 1048 2880 :
1059 2828 1151 2899 defessi

101 2904 166 2961 post
182 2897 278 2949 verba:
285 2889 400 2968 foedauit
411 2902 502 2957 voltus.
598 2941 599 2944 =
652 2911 787 2975 cladibus,
799 2925 830 2962 ut
841 2912 976 2982 eleganter
987 2923 1073 2981 poetae
1084 2929 1109 2960 v.
1127 2927 1149 2959 c.

142 2972 296 3030 282-286.
308 2979 391 3045 Quasi
403 2983 541 3052 immemor
553 3005 603 3038 cae-
651 2990 743 3054 Horat.
767 2991 791 3040 II
812 2989 898 3043 carm.
920 2991 951 3056 4,
977 3006 1004 3040 11
1033 2987 1153 3038 Tradidit

102 3050 147 3100 dis
158 3053 294 3123 Hectoris,
304 3076 364 3108 eum
377 3057 520 3132 objurgat,
528 3066 602 3134 quod
633 3055 638 3074 ¹
647 3069 723 3139 fessis
736 3066 834 3121 leviora
845 3067 904 3121 tolli
916 3071 1044 3140 Perqomu
1057 3065 1150 3118 Graiis·

102 3132 218 3184 tamdiu
233 3136 348 3189 abfuerit
365 3151 391 3191 et
408 3159 480 3192 nunc
495 3143 602 3196 dentum
650 3164 751 3200 serenos
764 3147 880 3218 foedavit
902 3146 1006 3211 vultus,
1025 3147 1152 3215 quoniam

103 3210 139 3261 ad
147 3212 274 3266 auxilium
284 3218 404 3286 Trojeuis
410 3221 550 3274 ferendum
559 3224 603 3275 ad·
653 3238 679 3276 et
685 3224 760 3295 soedo
778 3235 914 3298 tempestas
926 3227 1035 3297 pr0prie
1046 3223 1151 3276 dicitur·

101 3291 201 3341 veniat.
214 3291 301 3346 Etiam
313 3298 340 3350 in
360 3297 402 3348 his
414 3299 527 3352 Ennium
541 3317 602 3354 ante
652 3305 686 3355 ci.
702 3303 774 3356 Serv.

103 3369 198 3420 oculos
215 3370 326 3440 habuit,
344 3379 418 3445 cujus
436 3396 527 3430 versus
545 3383 605 3433 Ma·
692 3381 1157 3455 29021iuitaltoaculmt'ne'Trojut-

102 3447 178 3500 orob.
194 3451 239 3515 vt,
253 3470 267 3504 2
285 3443 366 3507 Olux
380 3457 473 3527 Trojoe3
481 3479 606 3532 qermane
654 3464 665 3534 (
673 3467 753 3516 etiam
765 3467 812 3516 inf.
827 3484 851 3530 v,
866 3467 934 3536 603)
951 3483 982 3516 ex
996 3466 1155 3529 Homerico,

101 3527 217 3580 Hector!
232 3532 304 3601 Quid
314 3535 351 3587 ita
363 3555 424 3588 cum
435 3549 479 3588 tuo
492 3539 604 3591 lacerato
655 3545 729 3615 quod
746 3548 841 3616 saepius
859 3546 988 3610 occurrit,
1004 3565 1051 3596 uuo
1075 3542 1153 3613 dapne.

102 3625 211 3676 corpore
223 3611 316 3664 miter?
326 3614 396 3680 Aut,
409 3617 457 3687 qui
471 3628 495 3668 te
505 3620 542 3669 sic
554 3638 605 3672 res·
654 3625 688 3675 of.
703 3625 765 3676 Var.
778 3625 849 3678 Lect.
864 3625 905 3676 Ad
921 3641 980 3694 291.
997 3643 1045 3694 292
1059 3625 1094 3676 cf.
1104 3625 1152 3676 inf.

100 3688 268 3755 pectoutibus
287 3702 428 3746 tractavere
445 3699 534 3750 nobis?
546 3701 604 3750 Lux
652 3705 698 3770 XI,
709 3705 767 3756 288.
778 3707 838 3776 289.
852 3699 940 3774 Halsst-
950 3706 1038 3776 patria
1050 3707 1154 3757 etPria-

103 3777 193 3818 autem
202 3770 603 3843 nonodgloriamreferendum‚
653 3788 833 3852 mosomum,
854 3779 945 3860 quassa
966 3799 991 3838 te
1013 3786 1154 3856 adipsum

103 3845 152 3898 sed
162 3846 196 3898 de
207 3847 293 3900 solute
305 3855 505 3925 accipiendum,
514 3858 536 3908 si
547 3860 605 3927 qui·
655 3855 855 3918 defendenduni
865 3859 922 3918 ficii
933 3885 963 3917 ac
973 3867 1093 3936 praestari
1105 3883 1154 3935 po-

102 3926 166 3978 ‹lem
177 3946 210 3980 ex
220 3930 362 3984 Homerico
373 3932 432 4000 otior
442 3954 604 4008 expressum,
653 3955 750 3996 terant.
766 3946 847 3996 etium
860 3944 926 4008 hac,
938 3941 1069 4003 duumuir,
1083 3942 1153 3994 Hoc·

104 4025 161 4078 quo
171 4008 194 4058 is
203 4006 340 4064 hocseusu
347 4012 505 4088 plerumque
513 4020 604 4084 utitur3
656 4026 722 4090 toris
734 4043 832 4092 monn,
844 4023 870 4076 h.
885 4043 908 4075 e.
921 4039 988 4074 mea.
