2742 4586
385 318 796 442 nuntnostmna
819 349 868 426 11.
1087 345 1148 413 265

67 461 72 478 '
153 477 218 543 llic
228 497 309 542 vero
320 475 489 566 ingentem
500 499 658 566 pugnam,
672 499 734 542 eeu
746 491 854 541 cetera
866 493 1029 563 nusquam

40 580 44 588 ’
105 582 198 648 uella
210 584 333 664 forent,
347 582 430 647 nulli
442 599 510 648 tota
521 599 732 648 morerentur
742 582 776 648 in
788 581 885 661 urbe,

103 688 160 764 ¹Sic
171 692 313 755 Martem
324 688 538 770 indomitum,
552 692 749 780 Danaosque
761 687 803 752 ad
815 703 901 752 tecta
912 684 1037 750 ruentis
1103 693 1150 753 liv
1234 715 1236 721 ⁴

107 795 296 875 Cernimus,
311 795 549 885 obsessumque
561 812 633 861 acta
644 794 811 860 testudine
823 795 935 860 litnen.

107 902 245 966 Haerent
256 900 436 989 parietibus
449 903 556 982 scalae,
570 909 749 992 pestesque
761 900 822 967 sub
835 900 924 989 ipsos

103 1006 265 1072 Nituntur
276 1005 447 1095 gradibus,
460 1008 651 1097 clipeosque
663 1007 705 1072 ad
717 1009 782 1072 tela
794 1005 931 1072 sinistris

106 1113 250 1178 Protecti
263 1094 442 1202 objiciunt;
454 1129 614 1203 prensant
624 1115 753 1200 fastigia
764 1112 896 1177 dextris.

104 1284 155 1326 cari
163 1281 242 1326 lleins.
256 1282 409 1344 conjiciebat,
419 1295 446 1329 ut
454 1284 484 1334 sit
492 1298 536 1345 pro
547 1299 665 1330 vocamur.
674 1283 859 1346 interpungebat
868 1280 928 1328 adeo
936 1278 1007 1343 plene
1018 1288 1071 1340 post
1082 1273 1151 1321 Ulini

105 1353 273 1409 Heumannus,
285 1354 400 1415 probante
409 1355 556 1409 burmanno,
565 1354 738 1417 distinguebat:
750 1352 885 1406 Divellimur
893 1353 956 1406 inde,
968 1354 987 1396 1.
998 1359 1020 1395 et
1028 1350 1054 1393 P·
1067 1363 1155 1393 mecum

105 1425 222 1485 (quorum
232 1413 264 1458 -’
278 1421 371 1481 Ulyssi)
390 1424 496 1470 Protinus
512 1423 544 1474 ud
558 1424 622 1470 sedes
638 1426 665 1469 P.
681 1442 702 1471 c.
718 1429 798 1472 vocati
816 1426 890 1470 Possit
905 1423 1020 1469 sententia
1035 1434 1110 1481 usque
1124 1415 1155 1462 ad

105 1493 223 1544 Cernimus
232 1493 376 1548 continuari,
389 1505 416 1537 ut
425 1495 454 1538 sit
462 1509 468 1538 :
484 1491 559 1548 Ulixi,
573 1495 717 1540 Protinus-
725 1497 811 1550 vocati,
820 1496 864 1538 Hic
873 1508 925 1538 vero
933 1517 964 1528 -·
973 1491 1096 1534 Cernimus.
1109 1484 1156 1556 Sed

104 1575 191 1609 neutro
201 1578 268 1624 opus.
280 1563 404 1625 iungenda
414 1577 468 1609 sunt
478 1579 483 1609 ε
496 1563 624 1610 divellimur
634 1566 686 1611 inde
692 1585 701 1621 ,·
713 1565 801 1628 Iphitus
809 1575 833 1610 et
842 1562 916 1610 Pelius
926 1577 1012 1607 mecum
1021 1561 1066 1617 (sc.
1080 1555 1155 1605 divel-¹

105 1633 188 1680 luntttr
202 1649 217 1678 a
234 1633 344 1690 ceteris),
356 1631 454 1680 elamore
467 1637 542 1680 vocati
550 1637 665 1698 protinus,
678 1636 725 1682 alio
736 1636 804 1692 hinc,
818 1636 849 1681 ad
860 1635 923 1680 sedes
936 1633 1027 1677 rrumt.
1042 1631 1103 1674 num
1115 1625 1157 1670 alli

105 1705 255 1759 discurrunt,
264 1703 289 1748 bi
299 1716 346 1750 tres
358 1705 388 1750 ad
400 1721 477 1751 arcem
489 1718 599 1768 pergunt.
610 1733 641 1744 -
649 1706 703 1765 [plo.
718 1708 764 1752 Hic
775 1709 810 1752 Μ.
823 1720 870 1754 tres
883 1707 961 1752 Heius.
976 1717 1030 1748 cum
1043 1697 1132 1744 Zulich·
1143 1712 1157 1740 θ

104 1792 137 1820 m.
148 1791 195 1822 sec.
208 1773 272 1836 Male
284 1789 350 1837 puto.
363 1777 395 1821 ad
403 1775 464 1822 bella
475 1778 530 1822 Exc.
544 1778 653 1832 Cottiana
663 1781 733 1824 Saxii.
743 1793 788 1842 que
797 1793 844 1824 non
854 1778 915 1824 male
924 1777 988 1822 abest
1000 1790 1013 1818 a
1023 1770 1092 1816 Goth.
1102 1778 1156 1820 tere

104 1871 137 1883 -
146 1844 200 1902 dlp.
217 1844 265 1891 alta
277 1847 403 1910 llamburg.
416 1865 452 1909 pr.
465 1849 539 1910 bigot.
553 1861 576 1894 et
592 1849 682 1904 zulich.
693 1850 828 1896 Parrhasius
844 1852 868 1895 in
883 1865 955 1910 marg.
972 1847 1094 1907 scripserat
1104 1849 1156 1885 utin

105 1916 137 1980 (f.
150 1933 194 1978 pro
205 1926 270 1972 arta,
281 1931 308 1963 ut
317 1920 342 1962 in
353 1917 412 1963 Silio
424 1934 477 1963 mox
487 1918 608 1964 laudando
617 1918 727 1967 nonnulli
736 1919 818 1982 legunt
827 1923 847 1979 )‚
859 1933 997 1983 perperam
1007 1914 1092 1968 sedet,
1105 1919 1156 1956 atra

103 1988 277 2048 superscripto,
287 1996 339 2031 ectu
346 1987 429 2049 fragm.
440 1989 516 2033 Vatic.
531 1989 630 2034 Testudo
641 1993 737 2052 proprie
746 1994 784 2054 epi
791 1991 889 2045 dicitur,
899 1991 968 2034 etiam
976 2002 1029 2032 cum
1038 1995 1156 2030 scutorum

105 2067 148 2100 est.
162 2055 249 2100 Eadem
259 2058 356 2102 varietas
372 2073 409 2118 ap.
423 2056 506 2103 Silium
517 2058 540 2113 l,
552 2057 597 2103 365
611 2060 729 2114 carimeris
741 2068 798 2104 nette
811 2059 926 2104 testudinis
935 2057 1011 2100 annu.
1020 2079 1053 2090 -—
1063 2049 1116 2108 443-
1128 2062 1156 2094 ⁶⁶

104 2123 150 2170 tela
162 2125 226 2170 Med.
239 2125 301 2170 Gud.
311 2141 364 2171 cum
374 2125 425 2172 aliis
437 2127 502 2189 apud
515 2127 596 2174 lleins.
610 2141 633 2175 et
649 2131 726 2186 Pier.;
744 2132 769 2175 it.
785 2129 855 2174 Goth.
867 2145 916 2190 pn,
928 2125 993 2189 quod
1004 2137 1101 2185 pratum
1113 2131 1155 2165 θεῖ·

104 2197 180 2244 Etiam
194 2197 220 2240 in
232 2198 347 2243 Servianis
359 2200 463 2244 occurrit
475 2214 528 2243 cum
541 2198 733 2250 alteralectione.
747 2202 779 2246 ad
791 2209 848 2247 tecte
859 2196 968 2244 nonnulli
981 2195 1092 2248 Pieriani,
1103 2207 1156 2248 cunt

104 2268 187 2330 fragm.
198 2269 273 2312 Vatic.
287 2272 444 2331 superscripto
455 2278 519 2315 tectu.
535 2287 578 2333 que
588 2272 653 2318 abest
664 2285 717 2334 post
732 2271 814 2335 clipeos
830 2267 855 2318 in
872 2282 925 2317 tert.
938 2270 1022 2314 Moret.
1036 2263 1156 2328 clipeisque

102 2341 198 2400 finger.
208 2357 214 2394 ;
226 2341 291 2386 unde
300 2342 379 2386 Heins.
391 2343 454 2403 conj.
469 2339 589 2406 clipeisque
599 2345 631 2389 ad
641 2343 685 2390 tela
694 2348 797 2390 sinistras
806 2346 833 2389 P.
847 2360 867 2389 ο.
875 2367 907 2378 -
915 2340 968 2398 ddi.
978 2345 1083 2402 pressant
1095 2335 1155 2388 duo,

106 2423 130 2456 et
140 2420 237 2473 perisent
246 2411 305 2457 alter
316 2414 423 2476 Meneg,
435 2412 502 2460 solita
513 2413 669 2463 aberratione.
682 2418 767 2464 dextris
776 2417 799 2480 f.
813 2424 922 2480 prensant
933 2425 979 2460 tres
988 2428 1026 2474 ap.
1038 2412 1116 2454 Butm·

142 2553 234 2618 438-
241 2553 300 2608 558.
311 2555 436 2626 Sequitur
444 2560 563 2611 narratio
573 2559 607 2611 de

105 2649 198 2702 pugna
218 2634 245 2683 in
266 2637 393 2706 Pergamo
420 2638 540 2708 acropoli
573 2639 608 2690 ad

105 2713 203 2764 Priami
221 2713 331 2766 domum
350 2717 436 2780 faeta,
454 2717 550 2770 domus
563 2738 608 2771 ex-

106 2795 272 2862 pugnatione
287 2807 313 2846 et
333 2797 431 2854 Priami
450 2798 530 2850 caede.
555 2801 607 2850 Ceu

105 2870 183 2921 nulla
223 2874 298 2943 prins
329 2873 466 2940 lamenta,
497 2878 607 2927 necatri

105 2954 259 3005 Manassent
266 2956 357 3006 imbres
366 2953 464 3007 Statius
477 2958 512 3008 lll
519 2957 604 3009 Theb.

108 3049 173 3095 122,
195 3047 321 3085 monente
337 3037 497 3086 Burmanno.

141 3113 202 3178 441.
227 3114 306 3164 Haud
327 3115 406 3166 facile
429 3128 468 3166 est
489 3117 606 3186 speciem

104 3195 225 3247 locorum
240 3195 361 3264 assequi,
380 3195 484 3264 qualem
498 3207 607 3265 poetam

105 3273 178 3344 apud
191 3275 309 3324 animum
322 3293 398 3324 suum
411 3273 522 3326 finxerit.
540 3277 606 3326 Puta

106 3353 140 3403 ad
159 3354 248 3422 ipsum
272 3353 368 3404 tedium
390 3356 486 3405 Priami
505 3354 607 3406 aditum

104 3433 208 3497 fuisse,
224 3453 237 3484 e
255 3452 328 3485 more
351 3446 489 3498 veterum,
513 3435 607 3484 turrim

104 3513 246 3576 eductam,
260 3532 341 3584 quam
353 3514 405 3580 460
417 3517 554 3579 nominat,
568 3517 609 3565 in-

106 3613 157 3663 que
169 3613 200 3645 ea
214 3595 300 3664 ipsam
311 3607 435 3665 portam,
457 3613 510 3665 qua
522 3596 606 3647 intra-

104 3685 179 3723 retur
193 3672 307 3734 domus3
323 3677 403 3725 turris
424 3674 481 3726 haec
505 3692 608 3746 oppug-

104 3765 202 3820 natur⁷
216 3766 242 3804 et
255 3774 271 3805 a
280 3755 402 3824 Trojanis
414 3755 529 3825 desuper
546 3772 608 3824 pro-

105 3845 251 3904 pugnatur.
274 3834 382 3886 Aditum
397 3835 515 3907 appellat
534 3854 605 3887 nunc

105 3911 197 3964 limen.
222 3913 290 3966 Acta
319 3917 448 3968 testudine
470 3927 607 3968 scutorum

104 3993 179 4045 lraud
210 3992 307 4056 dubie;
334 3998 496 4062 συνασπισμῷ
529 3997 607 4050 nimis

106 4076 178 4128 enirn
190 4073 284 4127 alienae
300 4077 389 4132 forent
414 4077 447 4130 ab
467 4077 513 4130 illa
531 4089 607 4132 etate
629 4083 632 4090 '

657 2561 786 2614 machina
796 2561 907 2614 bellicae.
915 2559 1078 2610 Praeiverant
1089 2549 1156 2602 anti·

658 2645 765 2713 quiores
783 2656 868 2714 poeta
884 2641 983 2703 Graeci,
1004 2650 1035 2688 ut
1046 2634 1156 2703 colligas

657 2742 689 2775 ex
700 2724 802 2791 Quinto
814 2723 871 2775 Cal.
892 2723 942 2784 xl,
956 2717 1006 2786 357
1018 2733 1096 2786 sqq,
1108 2711 1158 2762 ubi

657 2803 736 2854 simili
750 2803 831 2855 modo
851 2810 1041 2873 oppugnantur
1058 2791 1158 2844 muenia
1214 2839 1216 2846 Α

655 2884 741 2951 Trojae
760 2881 809 2951 (ef.
834 2899 896 2932 mox
917 2878 977 2945 443.
998 2875 1073 2944 ridi).
1093 2871 1157 2936 Mox

657 2960 772 3025 litarent,
785 2963 813 3012 in
825 2977 925 3031 prosa,
938 2955 1052 3009 admotae
1061 2961 1129 3002 sunt.

690 3030 1159 3110 ldeostesquesubipsosNituntur

653 3120 785 3192 gradibus.
810 3119 877 3170 Cum
904 3113 979 3168 scala
1005 3119 1156 3162 memoratae

657 3202 728 3251 sint:
740 3199 838 3270 gradus
849 3199 891 3248 vix
905 3194 950 3247 alii
968 3209 1025 3244 esse
1044 3198 1156 3262 possunt

657 3271 1156 3349 quamscalarum3perquosnituntur,

658 3360 810 3421 enituntur,
819 3355 954 3428 postessub
966 3352 1045 3423 ipsos,
1056 3347 1158 3419 simpli-

657 3440 732 3502 citer,
748 3439 776 3488 in
794 3436 898 3487 foribus
918 3433 1021 3485 tedium.
1041 3427 1158 3499 Fastiqia

657 3537 708 3588 pro
721 3519 780 3588 ipso
793 3528 863 3567 tecto
877 3513 949 3565 dicta
962 3529 1018 3564 esse
1030 3518 1156 3581 possunt;

657 3610 702 3649 aut
721 3614 770 3667 pro
790 3596 869 3646 turris
891 3611 995 3645 summa
1012 3602 1098 3663 parte.
1120 3589 1159 3638 ita

658 3673 807 3742 indifferent
815 3693 969 3737 murorum,
982 3673 1019 3724 sic
1029 3670 1157 3730 turrium,

658 3771 734 3818 sunt;
759 3757 860 3828 alioqui
883 3767 959 3808 erant
976 3753 1107 3825 fastigia,
1129 3751 1157 3800 in

656 3836 761 3907 templis
768 3850 794 3888 et
801 3837 909 3889 Palatiis
919 3838 946 3887 iu
954 3837 1042 3886 fronte
1051 3831 1155 3882 aediunt

655 3918 747 3968 Voluit
757 3931 838 3988 poeta
848 3917 984 3969 cumulare
992 3931 1048 3962 uno,
1056 3913 1083 3960 in
1095 3908 1156 3958 loco

657 3996 747 4066 plures
773 4015 869 4068 pugna
887 3996 998 4066 specics.
1030 3988 1159 4060 objiciunt

657 4075 766 4130 sinistris
787 4074 883 4145 clipeos
901 4074 936 4126 ad
958 4070 1009 4124 tela
1025 4068 1156 4140 protecti,
