2718 4598
226 241 286 307 lab
562 233 827 300 EXCURSUS
851 233 922 296 tv*

225 352 505 427 norsodptttrOdoooia
520 356 556 408 inl
571 358 607 424 uqi
620 355 653 423 pl
669 355 745 410 sisio
760 354 984 425 συστρατεύσασθαι
997 355 1138 426 iqtr'peoar,
1155 364 1268 429 Παλιμῇ.

222 447 275 498 δους
289 439 444 506 ὑποθεμένου,
461 438 498 492 ris
510 436 555 491 viii
570 437 705 503 Τυλίμυοχοο
718 437 759 488 irrl
771 437 864 490 κοίλοισιν
877 437 1059 506 ἐξαρπάσαντος.
1075 453 1102 492 et
1121 444 1171 494 sub
1191 443 1265 496 finem

225 523 348 574 carminis
360 543 365 570 :
380 521 461 571 ἰυονοοι
472 516 519 570 ieol
529 515 686 583 Iletaaidorr
695 514 810 586 ¹brittanie·
822 520 859 568 ita
868 530 897 568 ut
908 520 992 568 omnis
1005 519 1039 570 de
1051 520 1195 574 Palamede
1208 542 1268 574 nar·

227 604 295 652 ratio
313 599 347 652 ad
366 597 570 650 Antehomerica
588 610 721 668 spectasse
740 596 825 648 videri
844 597 949 649 debeat.
968 600 1025 650 Etsi
1046 611 1150 662 autem,
1173 603 1265 670 quibus

226 677 312 730 modis
325 679 418 730 fabula
429 689 543 728 tractata
561 694 577 727 a
596 678 700 728 Stasino
713 688 847 728 sternata
863 677 957 742 fuerit,
970 675 1078 728 aliunde
1096 695 1153 728 non
1171 679 1264 749 liquet,

226 761 276 810 nisi
286 759 358 828 quod
368 779 382 811 e
392 759 522 809 Pausania
529 757 547 806 l.
556 775 579 808 c.
590 769 701 826 apparet
709 794 716 820 ,
724 759 779 826 jam
789 759 815 807 in
825 755 923 828 Cyprio
936 759 1053 809 carmine
1065 758 1167 810 lectum
1176 761 1265 826 fuisse,

228 839 301 908 qood
313 838 466 890 Palamedes
476 850 634 888 tesserarum
644 837 736 888 ludum
747 839 918 908 excogitarit,
930 851 956 889 et
966 838 1052 907 quod,
1066 855 1128 892 eum
1137 841 1265 909 piscatum
1331 855 1332 910 J

227 922 313 982 iisset,
326 918 424 990 Ulyssis
441 930 466 970 et
484 917 621 969 Diomedis
639 918 734 970 fraude
747 919 774 968 in
787 920 862 987 aquis
882 917 1018 970 demersus
1031 921 1164 972 interiisse
1185 919 1266 971 dictus
1331 917 1332 978 f

228 1001 279 1048 sit:
298 1018 311 1049 e
326 997 469 1050 serioribus
487 1009 576 1048 tamen
593 997 782 1067 scriptoribus,
802 1000 824 1048 si
840 1009 990 1050 commenta
1002 1017 1095 1050 eorum
1110 1000 1266 1065 detraxeris,

229 1081 291 1128 satis
305 1080 410 1147 assequi
420 1095 577 1148 possumus,
590 1080 618 1127 in
631 1077 677 1128 illo
690 1080 806 1130 carmine
819 1078 882 1129 odia
893 1079 962 1129 iuter
976 1080 1097 1150 Ulyssem
1112 1093 1139 1132 et
1151 1081 1268 1132 Palame-

228 1157 288 1208 ‹lem
301 1161 413 1229 agitata,
425 1157 588 1227 insidiasque
601 1157 663 1209 huic
676 1159 711 1208 ab
723 1160 774 1208 isto
789 1159 888 1222 factas,
901 1171 956 1208 tum
967 1159 1059 1211 sollers
1072 1160 1222 1212 Palamedis
1232 1162 1268 1210 in·

229 1241 334 1308 genium
348 1253 374 1291 et
386 1257 515 1291 summam
528 1257 559 1290 ex
572 1258 659 1291 rerum
671 1257 722 1290 usu
736 1238 905 1310 prudentiam
914 1241 995 1291 fuisse
1009 1240 1207 1295 adumbratam.
1217 1244 1268 1292 Nec

229 1321 326 1369 mirum
338 1319 405 1370 adeo
419 1322 445 1370 in
459 1317 598 1370 rhetoricis
611 1321 716 1390 scriptis
732 1319 799 1370 nihil
813 1320 913 1369 tristius
930 1337 986 1370 esse
1001 1319 1152 1371 Palamedis
1167 1322 1270 1391 integri·

228 1411 296 1462 tate,
307 1399 404 1466 injusta
411 1417 491 1462 nece,
507 1411 532 1451 et
544 1400 643 1470 Ulyssis
655 1398 749 1451 fraude
760 1422 765 1450 ι
776 1417 801 1448 v.
813 1418 835 1449 c.
846 1399 923 1449 Dion.
935 1397 1026 1470 Chrys.
1037 1397 1084 1449 Or.
1094 1397 1170 1465 XIII,
1181 1419 1209 1469 p.
1220 1399 1267 1463 428

230 1475 271 1526 ed.
285 1475 371 1527 Reislr.
385 1479 431 1529 Or.
444 1478 514 1544 LIX,
526 1497 552 1548 p.
568 1478 627 1529 360.
641 1478 795 1528 luvolarunt
806 1489 866 1547 post
873 1475 929 1528 haec
937 1474 964 1526 in
974 1489 1160 1546 argumentum
1169 1478 1270 1547 Tragici
1333 1493 1334 1510 ³

230 1555 375 1625 Sophocles
392 1571 419 1607 et
430 1557 583 1628 Euripides,
604 1558 648 1609 ille
668 1557 776 1627 quidem
796 1575 849 1606 non
862 1555 943 1606 modo
954 1555 1047 1605 fabula
1058 1555 1216 1619 Palamede,
1228 1573 1270 1617 vef

230 1651 303 1698 rum,
316 1648 345 1685 ut
356 1636 496 1704 probabile
508 1635 553 1700 fit,
566 1655 615 1688 nec
627 1639 713 1710 minus
727 1638 755 1687 in
763 1636 864 1706 duplici
877 1635 1006 1704 Naupli0;
1021 1633 1067 1685 sed
1079 1635 1166 1686 multo
1177 1634 1269 1686 clarior

229 1715 280 1764 fuit
299 1715 452 1767 Palamedes
467 1716 618 1786 Euripidis,
638 1720 712 1786 cujus
732 1719 880 1788 fragmenta
892 1715 1021 1766 nonnulla
1039 1715 1189 1778 babemus,
1202 1727 1227 1766 et
1244 1715 1269 1768 in

231 1793 271 1844 his
288 1797 454 1846 notissimum
468 1795 549 1846 illud:
565 1793 651 1848 irrirsr’
671 1794 761 1849 insitire
777 1792 819 1848 noir
837 1792 968 1858 πάνσοφον,
989 1789 1009 1844 ri‘
1025 1793 1124 1855 Δαναοὶ,
1143 1790 1189 1846 'rsit
1206 1792 1270 1844 οὐθέν’

232 1869 376 1936 ἀλγύνουσαν
388 1872 486 1927 'antlia
498 1876 611 1937 Μουσοῒο,
626 1877 694 1927 Neci
706 1876 823 1940 dedistis,
836 1874 887 1939 uli,
900 1875 958 1924 neci
969 1873 1142 1940 doctissimum
1153 1911 1162 1937 ,
1175 1873 1272 1936 Danai,

204 2005 207 2010 ,
233 1951 396 2004 innocentem
403 1994 412 2020 ,
425 1957 565 2020 musicam,
580 1954 735 2016 lusciniam
750 1956 822 2026 quod
834 1959 861 2006 in
871 1956 1005 2006 Socratem
1015 1966 1170 2005 versumest
1178 1972 1194 2004 a
1202 1969 1273 2022 spec·
1335 2013 1336 2020 ἵ

233 2031 379 2095 tatoribus,
393 2052 453 2083 cum
467 2046 528 2103 post
541 2036 596 2103 ejus
609 2053 700 2086 necem
714 2037 740 2085 in
758 2051 864 2086 scenam
878 2045 1003 2085 revocata
1018 2033 1112 2084 fuisset
1124 2032 1172 2082 illa
1183 2029 1273 2082 fabula
1335 2045 1336 2078 ς

231 2106 242 2175 (
254 2129 277 2159 v.
291 2113 318 2161 in
330 2113 425 2184 fragm.
438 2113 528 2184 Eurip.
540 2127 565 2166 et
576 2117 602 2165 in
612 2116 732 2166 DIatribe
743 2115 819 2166 Vallr.
833 2115 852 2186 )
865 2113 1003 2166 Intellecta
1012 2113 1086 2164 baud
1096 2110 1207 2163 difficile
1218 2123 1255 2161 est
1265 2145 1273 2171 ,

231 2188 400 2242 Palamedem
413 2211 443 2244 ex
458 2185 616 2263 tragicorum
629 2196 737 2245 invento
748 2195 902 2244 sustinuisse
912 2209 1054 2263 personam
1063 2190 1145 2242 modo
1156 2189 1273 2259 impera-

233 2271 298 2318 toris
311 2271 424 2322 sollertis
437 2285 463 2323 et
475 2276 590 2338 strenui,
605 2276 680 2341 juxta
696 2276 785 2343 posita
798 2273 1001 2343 Agamemnonis
1015 2269 1141 2339 superbia
1154 2280 1181 2319 et
1198 2268 1274 2335 cupi·

235 2349 331 2412 ditate,
344 2349 354 2417 (
366 2370 390 2401 v.
405 2352 478 2402 Plato
491 2351 524 2404 de
536 2354 601 2423 Rep.
615 2356 677 2417 VII,
690 2373 715 2424 p.
738 2353 788 2404 522
800 2352 825 2402 D
837 2351 847 2421 )
858 2351 939 2402 modo
951 2353 1000 2401 viri
1009 2351 1089 2418 justi,
1111 2347 1275 2407 constantis,
1336 2345 1337 2354 ’

235 2430 375 2497 sapientis,
389 2447 466 2498 quem
478 2433 547 2482 cives
562 2434 652 2499 injusti
665 2446 691 2482 et
703 2433 800 2502 ingrati
811 2449 860 2500 pru
871 2428 1005 2482 benefieiis
1016 2428 1132 2498 acceptis
1143 2425 1242 2493 injuria
1251 2435 1277 2473 et
1336 2423 1337 2426 ’

236 2506 422 2558 maledicentia
434 2512 693 2580 persequuntur.„Ad
712 2511 792 2563 talem
811 2528 952 2580 personam
972 2506 1090 2559 alludere
1107 2517 1174 2576 puto
1187 2505 1276 2554 Xeno-

235 2584 363 2652 phontem
376 2584 408 2634 de
421 2598 507 2636 venat.
526 2588 553 2650 I,
571 2605 614 2652 rr,
626 2590 673 2639 ubi
691 2589 774 2653 ultio,
789 2607 847 2658 quae
866 2590 890 2639 ei
902 2607 919 2638 a
938 2587 987 2644 diis
1007 2587 1149 2656 contigisse
1163 2584 1276 2660 dicitur,

238 2665 346 2732 respicit
362 2665 471 2734 Nauplii
483 2667 611 2718 consilia:
626 2686 683 2737 quae
703 2670 823 2738 exposita
834 2667 937 2719 videbis
955 2685 979 2716 v.
995 2685 1017 2717 e.
1034 2685 1078 2736 ap.
1094 2664 1183 2716 Schol.
1197 2666 1278 2735 Lyco·¹

235 2741 295 2812 phr.
309 2741 369 2808 384.
384 2742 459 2793 Conf.
475 2746 597 2815 Xenopb.
611 2747 729 2798 Mem..S.
749 2749 798 2815 lv,
817 2767 845 2808 a,
865 2748 907 2800 33.
927 2746 1005 2816 Apol.
1027 2745 1099 2797 Sorr.
1124 2762 1144 2795 s.
1160 2745 1203 2797 26.
1216 2745 1276 2795 Pari

96 2815 101 2818 ’
149 2849 156 2868 .
236 2818 316 2869 modo
327 2820 431 2892 Ulysses
440 2823 466 2872 in
475 2824 593 2894 Tragicis
604 2843 745 2894 personam
757 2827 844 2877 induit
854 2825 995 2896 demagogi
1006 2826 1164 2894 perniciosis
1175 2824 1275 2875 artibus

236 2898 393 2968 popularem
407 2919 498 2952 auram
511 2906 651 2972 captantis.
665 2905 842 2975 Amphionem
860 2907 887 2955 in
899 2905 1014 2974 Antiope
1023 2903 1166 2973 Euripides
1179 2906 1208 2954 in
1220 2901 1279 2973 pbi-

235 2978 378 3049 losophum
396 2982 489 3032 studiis
502 2995 528 3033 et
545 2985 599 3034 otio
612 2985 730 3036 literario
743 2985 900 3050 addictum,
913 2983 1085 3056 Hippolytum
1102 2983 1175 3034 idem
1197 2985 1226 3032 in
1240 3001 1277 3032 sa·

236 3059 352 3128 p'teutem
365 3059 557 3136 Pythagoreum
570 3066 813 3116 transformaverat.

271 3139 335 3190 lude
351 3140 479 3210 Sophistae
494 3143 642 3198 Palamedis
662 3163 782 3196 caussam
802 3145 835 3197 ab
854 3144 946 3215 Ulysse
964 3143 1125 3214 proditionis
1144 3141 1278 3203 accusati,

236 3218 334 3288 ingenii
347 3221 515 3287 ostentandi,
527 3234 583 3272 tum
602 3224 721 3276 rhetores
738 3223 899 3274 exercitandi
917 3240 1006 3284 cassa,
1021 3237 1204 3291 proposuere:
1223 3218 1278 3268 Sci-

236 3296 298 3347 licet
313 3316 386 3363 cum,
396 3308 431 3350 'ut
442 3303 469 3351 in
479 3301 581 3369 judicio
595 3322 727 3354 armorum
740 3306 809 3355 inter
821 3304 927 3372 Ajacem
947 3315 973 3353 et
984 3301 1117 3372 Ulyssem,
1130 3302 1170 3350 ita
1186 3300 1214 3349 in
1223 3298 1277 3348 haec

237 3377 384 3430 Palamedis
403 3399 495 3433 caussa
507 3386 645 3434 materiam
655 3385 779 3435 idoneam
797 3383 919 3435 viderent
936 3382 971 3434 ad
990 3391 1146 3453 argumenta
1159 3377 1278 3431 eruenda

237 3468 263 3504 et
273 3457 432 3519 refellenda3
447 3463 480 3511 cf.
494 3462 548 3513 Cic.
562 3464 655 3533 Topic.
670 3479 718 3527 ao,
732 3481 752 3513 s.
774 3464 814 3532 76.
837 3465 870 3516 ad
885 3465 999 3514 llerenn.
1018 3463 1055 3526 11,
1078 3479 1117 3530 ¹9·
1132 3461 1211 3510 Extat
1230 3457 1278 3508 sub

237 3531 429 3587 Alcidomaotis
440 3543 546 3592 nomine
560 3543 693 3593 accusatio
706 3541 867 3608 Palamedis,
886 3537 950 3592 serti
968 3536 1125 3604 natantibus
1137 3538 1280 3605 andrelec,

239 3629 296 3682 quae
313 3613 378 3663 nihil
390 3615 471 3669 habet
483 3622 669 3684 memorabile,
691 3622 968 3692 praeterquamquod,
986 3634 1015 3672 ut
1035 3623 1174 3692 suspicor,
1190 3635 1278 3670 rerum

238 3704 393 3760 argumenta
409 3713 440 3745 ex
452 3700 567 3750 carmine
580 3699 847 3770 Cyprioadumbrata
868 3713 943 3760 sunt;
958 3698 1071 3750 ductum
1091 3710 1132 3750 est
1149 3699 1251 3749 crimen
1263 3713 1279 3745 a

239 3770 334 3839 sagitta
354 3772 473 3840 inventa,
492 3779 519 3828 in
539 3779 613 3845 cujus
635 3777 763 3829 arundine
784 3779 903 3832 latebant
922 3779 1003 3830 litera
1020 3776 1121 3829 Paridis
1142 3799 1148 3826 :
1174 3774 1280 3847 crimini

238 3849 317 3898 etiam
336 3847 387 3899 hoc
407 3852 501 3918 datur,
521 3854 593 3924 quod
607 3855 722 3926 clipeum
734 3857 847 3910 tridente
866 3859 1019 3929 insignitum
1037 3857 1131 3927 gessit,
1156 3870 1183 3907 et
1205 3851 1278 3924 quod

238 3929 345 4003 inventa
357 3947 444 3982 rerum
456 3933 524 3985 falso
533 3936 652 4002 jactavit.
665 3935 725 3988 Alia
741 3949 780 3988 est
794 3937 896 4008 Gorpioe
911 3937 1031 3990 defensio
1050 3931 1106 4002 ὑπὲρ
1118 3929 1278 3999 numitor
