2656 4592
310 283 544 362 aceruos
567 284 721 349 tiara
744 285 806 350 tv.
1012 297 1074 383 479

40 405 147 474 Credo
160 408 329 499 equidem,
343 431 405 474 nee
416 431 498 472 vana
511 407 607 487 fides,
621 429 724 495 genus
737 431 808 484 esse
821 406 969 479 deorum,

40 518 227 604 Degeneres
239 517 366 580 animos
377 516 477 578 timor
487 515 602 601 arguit.
617 515 706 594 Heu,
721 515 841 604 quibus
854 518 908 582 ille

39 623 58 685 J
60 638 183 686 actatus
194 622 282 686 fatis!
297 643 371 711 quae
382 621 469 685 bella
481 619 636 683 exhausta
647 620 798 685 canebat!

39 728 73 792 Si
84 727 165 791 mihi
178 750 245 793 non
256 729 367 793 animo
379 727 480 790 lixum
493 727 734 815 immotumque
746 727 890 812 sederet,

40 835 89 898 Ne
102 835 155 899 cui
166 857 220 898 me
232 833 341 900 vinclo
352 833 472 898 vellem
486 832 610 897 sociare
618 831 735 921 jugali,

41 941 217 1028 Postquam
229 940 355 1028 primus
367 962 460 1004 amor
471 937 644 1026 deceptam
656 956 762 1004 morte
774 941 908 1006 fefellit:

40 1044 73 1108 Si
86 1057 152 1108 non
167 1061 344 1132 pertaesum
356 1045 490 1110 thalami
502 1043 662 1134 taedaeque
674 1046 806 1110 fuisset:

41 1151 129 1214 Huic
139 1151 198 1214 uni
210 1152 320 1216 forsan
332 1152 426 1238 potui
439 1149 654 1216 succumbere
666 1152 782 1239 culpae.

39 1257 290 1338 Anna3fatebor
302 1258 531 1338 enim3miseri
545 1275 621 1346 post
633 1259 699 1322 fata
710 1258 851 1348 Sychaei,
1053 1295 1082 1326 20

40 1363 212 1453 Conjugis,
226 1380 259 1428 et
270 1385 399 1451 sparsos
411 1364 556 1428 fraterna
568 1362 658 1428 caede
671 1367 814 1445 Penatis,

38 1469 135 1535 Solus
146 1469 201 1535 hie
213 1469 338 1534 inflexit
350 1491 479 1548 sensus,
492 1468 707 1558 animumque
720 1469 885 1536 labantem

38 1575 185 1663 Impulit.
198 1574 373 1662 Adgnosco
384 1574 504 1638 veteris
516 1574 652 1660 vestigia
663 1573 814 1640 flammae.

38 1681 105 1748 Sed
117 1681 198 1746 mihi
211 1679 263 1746 vel
275 1679 372 1745 tellus
385 1694 497 1768 optem
509 1679 600 1766 prius
613 1679 678 1742 ima
690 1678 851 1761 dehiscat,
951 1719 952 1724 ι

38 1789 103 1852 Vel
116 1791 210 1852 Pater
222 1788 431 1877 omnipotens
442 1782 552 1873 adigat
563 1807 617 1848 me
630 1784 769 1850 fulmine
783 1785 825 1850 ad
837 1788 984 1869 umbras,
1055 1809 1083 1852 ιι

38 1892 194 1957 Pallentis
206 1889 339 1956 umbras
351 1891 465 1971 Erebi,
478 1907 678 1980 noctemque
689 1891 905 1980 profundam,
968 1923 971 1932 ·

39 2077 111 2127 quom
118 2060 187 2124 sortis
202 2069 290 2124 pectore
306 2067 329 2104 et
342 2062 418 2104 armis.
430 2083 461 2094 -
475 2074 510 2105 re.
523 2059 593 2104 Crede
602 2059 664 2105 Gud.
677 2077 690 2104 a
705 2075 741 2122 pr.
754 2075 785 2104 nr.
803 2060 858 2107 vide
870 2061 911 2106 lib.
928 2061 972 2119 VI,
990 2064 1043 2128 849.
1053 2093 1085 2104 ..-

43 2133 81 2190 id.
94 2131 152 2178 bello
163 2141 244 2178 exacto
256 2131 354 2194 Oudart.
370 2133 448 2193 sprot.
465 2142 489 2176 et
501 2130 571 2175 Goth.
583 2143 636 2176 tert.
654 2130 754 2178 sollenni
765 2134 901 2179 variatione.
915 2135 1003 2181 tenebat
1013 2139 1083 2184 Gotb.

39 2220 79 2268 pr.
90 2229 123 2238 -
135 2203 169 2249 15.
180 2206 282 2247 tanatum
290 2200 361 2246 Wall.
371 2217 384 2246 a
394 2217 424 2245 m.
434 2216 485 2262 pra,
497 2200 565 2245 male.
575 2225 607 2235 -
621 2201 655 2246 ¹6.
670 2203 718 2246 Nee
727 2201 776 2247 duo
786 2201 851 2248 editi.
863 2201 943 2248 vellem
953 2205 1026 2251 vinclo
1037 2207 1085 2253 Ve-

39 2288 91 2322 net.
103 2273 182 2320 vellem
193 2273 249 2320 lecto
260 2289 279 2319 s.
288 2275 308 2336 j
322 2271 394 2318 Wall.
403 2297 435 2308 —
447 2287 481 2334 17.
494 2272 585 2336 decepto
594 2281 665 2320 morte
674 2285 720 2320 tres
730 2273 793 2336 apud
802 2273 895 2330 Heius,
907 2275 971 2337 quod
980 2279 1025 2339 ipsi
1037 2278 1086 2324 ele·

40 2349 127 2412 gantiae
136 2347 206 2410 quid,
218 2361 300 2409 parum
309 2343 447 2400 intellectae‚
457 2341 545 2390 habere
554 2345 645 2401 'visum3
656 2345 697 2391 sed
709 2361 761 2408 quae
771 2344 845 2391 aliena
856 2359 916 2392 esset
927 2347 956 2392 ab
968 2347 992 2392 b.
1003 2348 1019 2393 l.
1032 2350 1087 2396 vide

39 2420 123 2464 Burro.
135 2441 167 2452 -
185 2415 219 2461 18.
231 2415 334 2478 fut'sseat
348 2413 434 2460 Medic.
447 2429 501 2460 eum
511 2425 599 2476 septeni
611 2427 667 2461 vett.
677 2413 743 2461 librit
750 2432 758 2472 ;
769 2428 856 2461 temere
868 2427 953 2462 tamen.
964 2417 1061 2480 fiu‘ssem
1073 2435 1087 2464 a

40 2506 82 2552 pr.
94 2504 125 2532 m.
136 2487 217 2550 fragm.
230 2487 305 2532 Vatic.
316 2501 394 2546 -19.
407 2487 512 2532 Forsitan
521 2484 572 2531 huic
582 2489 623 2531 uni
631 2503 659 2532 ex
670 2489 800 2550 Augustino
811 2483 932 2543 laudatur,
942 2492 1006 2535 etsie
1016 2488 1087 2534 Goth,

40 2573 90 2605 see.
101 2555 246 2602 subcumbens
255 2554 310 2600 duo.
320 2579 352 2590 -
364 2571 400 2599 uo.
411 2553 500 2615 Sycltoet'
510 2567 533 2601 et
544 2554 583 2601 hie
595 2572 648 2601 eum
662 2557 749 2603 Medic.
762 2568 811 2603 erat
824 2557 988 2615 scribendum,
1000 2571 1026 2604 ιιι
1035 2573 1088 2619 sup.

40 2631 66 2685 1,
81 2626 138 2684 348,
149 2643 198 2673 non
207 2625 294 2674 seint.
306 2651 337 2662 -
347 2639 383 2671 αι.
399 2625 454 2672 bice'
464 2627 599 2678 Terentiam
611 2628 707 2674 Maurus
716 2629 791 2691 legit,
804 2640 831 2674 ut
842 2631 871 2674 sit
880 2629 999 2686 Creticns;
1009 2645 1086 2692 grain-

42 2703 135 2746 matieae
142 2701 248 2762 ineptiae,
260 2699 290 2745 de
301 2699 387 2762 quibus
395 2715 417 2746 v.
425 2699 504 2745 Heius.
515 2698 545 2744 ed
552 2698 593 2744 lib.
604 2699 636 2756 ll,
649 2699 702 2756 664.
716 2698 820 2746 &bootem
830 2699 899 2747 Goth.
908 2718 954 2748 sec.
965 2719 977 2748 ιι
987 2717 1018 2746 m.
1028 2717 1089 2758 aec,

40 2773 117 2819 ceteri
126 2770 332 2827 bomomizimo
342 2787 395 2816 cum
405 2770 463 2818 aliis.
470 2796 502 2807 -
509 2770 547 2816 el.
555 2771 659 2818 Etnosco
670 2771 759 2818 Zulicb.
770 2775 799 2818 eit
808 2773 889 2820 saltem
896 2775 933 2818 En
942 2774 1090 2836 n.—formoe

40 2843 137 2903 Menag.
150 2858 185 2903 pr.
194 2857 206 2887 a
214 2858 245 2886 m.
253 2841 368 2903 pr.—2d.
381 2843 426 2888 Sed
434 2857 469 2888 me
480 2841 539 2887 alter
550 2841 632 2886 llamb.
642 2858 677 2888 me
687 2851 713 2887 ut
723 2843 793 2888 Goth.
804 2859 850 2890 aee.
862 2852 914 2906 opto
926 2844 1034 2889 Rottentl.
1042 2859 1089 2890 sec.

38 2937 75 2950 »-
85 2912 122 2956 25.
133 2911 209 2974 obiqot
219 2910 309 2972 aliquot
318 2912 388 2955 Pierii
401 2923 424 2956 et
435 2923 482 2956 tres
491 2913 631 2968 burmann,
641 2911 710 2958 male.
721 2937 754 2947 -
763 2911 801 2957 26.
813 2909 929 2956 Pallantes
940 2927 980 2974 qu.
990 2913 1088 2966 Mareu,

40 2983 192 3029 aberratione
208 2977 316 3024 sollenni.
332 2979 406 3025 Erebo
422 2979 483 3025 Gnd.
502 2996 556 3026 cum
572 2980 634 3027 binis
651 2984 777 3026 Burmann.
792 2981 834 3034 llis¹
846 2981 977 3026 Romanum
992 2980 1052 3026 adde
1066 2993 1090 3026 et

40 3133 75 3174 ut
84 3121 142 3189 J'am
154 3116 281 3183 diximus,
295 3117 450 3170 adductum
461 3118 544 3189 Apol-
592 3132 667 3190 post,
675 3122 697 3173 si
704 3139 757 3172 non
762 3131 900 3192 pertesum
905 3118 1090 3190 suisset-eul-

40 3200 113 3254 lonii
125 3199 174 3265 111,
186 3198 246 3250 636.
258 3227 292 3237 -—-
308 3199 346 3251 13.
360 3200 469 3250 luvertit
484 3217 545 3250 ora·
591 3217 709 3270 precum
725 3200 824 3251 dilectu
837 3199 864 3250 h.
883 3198 901 3249 l.
916 3217 965 3268 pro
981 3216 1089 3251 amore:

41 3284 167 3332 tionem:
182 3278 262 3330 credo
284 3297 344 3330 eum
365 3278 468 3348 prolem
489 3277 544 3330 deae
594 3292 724 3350 quatenus
738 3280 783 3331 ille
795 3279 899 3330 caritati
915 3290 942 3328 et
953 3275 1015 3331 fidei
1027 3299 1092 3351 erga

42 3377 119 3421 esse,
136 3357 355 3430 quandoquidem
371 3357 500 3409 fortitudo
513 3377 545 3410 ae
594 3362 733 3431 conjugem
745 3359 901 3411 defunctum
911 3360 1045 3413 adversari
1055 3364 1093 3413 vi·

43 3441 200 3492 constantia
220 3443 247 3491 in
270 3438 387 3491 ferendis
407 3439 544 3490 laboribus
594 3441 723 3494 debatur·
806 3461 810 3468 ·

43 3539 79 3573 ac
90 3521 216 3591 periculis
223 3537 380 3594 generosam
388 3539 419 3572 ac
430 3520 546 3572 divinam
631 3539 664 3573 ιο
673 3539 712 3591 sq.
724 3513 757 3573 de
766 3519 859 3572 Sichaei
868 3520 938 3572 caede
947 3523 981 3572 cf.
995 3539 1052 3593 sup.
1064 3525 1090 3590 1,

44 3602 179 3672 originem
197 3604 292 3674 arguit.
307 3631 341 3640 -
358 3599 476 3671 15-,19,
489 3599 547 3650 Exi-
596 3601 648 3671 349
666 3618 704 3672 sq.
717 3631 751 3640 —
764 3599 806 3652 23.
830 3600 953 3672 Agnosco
975 3604 1094 3670 umoris,

43 3682 103 3733 mio
121 3699 182 3732 curn
201 3681 312 3733 artificio
331 3680 435 3753 singula
448 3682 545 3751 posita.
596 3681 702 3753 qualem
714 3682 777 3733 olim
789 3694 911 3751 expertus
921 3699 992 3747 sum,
1005 3684 1089 3754 signa.

43 3761 185 3830 deceptam
201 3759 307 3832 fefellit
333 3763 439 3833 poetica
468 3762 548 3831 copia
596 3792 630 3800 -
646 3763 687 3828 24.
708 3759 760 3814 «ὅτι
777 3782 818 3827 μοι
838 3759 905 3828 χάνοι
927 3759 1001 3831 ro'prla
1019 3759 1093 3827 gei-‘r
1151 3809 1167 3830 ,Ι

45 3840 156 3914 plenius
167 3859 234 3911 pro,
248 3853 332 3894 morte
349 3843 487 3894 maritime
505 3841 547 3892 fe·
596 3831 671 3893 Iliad.
683 3844 710 3902 d,
727 3841 773 3894 182
785 3841 852 3894 etal.
864 3842 898 3893 cl.
907 3840 982 3894 lliad.
994 3841 1045 3909 ξ,4
1065 3841 1089 3906 d.

46 3918 135 3985 fellit,
148 3937 222 3990 spem
234 3920 361 3974 destituit.
373 3923 407 3973 cl.
421 3923 508 3973 Burm.
519 3920 545 3972 b.
597 3942 621 3988 p,
642 3921 703 3987 416.
725 3920 800 3992 prius
814 3950 846 3964 ·-
860 3931 921 3970 ante
945 3940 1040 3992 quom,
1061 3933 1093 3971 ut

47 3999 67 4050 l.
93 4001 173 4070 potui
198 4003 325 4072 exquisite
348 4020 398 4074 pro
427 4019 547 4073 possem,
586 4002 704 4072 ,Homer
721 3997 880 4068 apli-apli
897 3999 917 4049 t.
934 3999 1044 4072 Egregie
1056 3998 1092 4051 ad
