2656 4592
246 252 250 262 ’
333 296 567 364 nunrnos
590 271 744 364 LIBER
768 301 830 366 ιιι.

56 419 169 510 Alpini
183 421 295 485 lloreae
308 420 487 498 nunchinc
498 444 586 486 nunc
598 420 728 488 flatibus
742 409 845 489 illinc¹

57 528 183 591 Eruere
195 528 282 591 inter
293 549 327 591 se
341 544 483 592 certant:
497 528 522 590 it
533 526 672 608 stridor3
686 546 718 593 et
730 530 794 593 alte

57 635 283 697 Consternunt
294 649 415 696 terram
427 627 588 697 concusso
601 634 711 722 stipite
723 634 876 718 frondes,

56 740 133 826 Ipsa
145 736 248 802 haeret
260 739 419 826 scopulis;
433 754 479 818 et,
493 755 654 827 qnantum
667 741 789 805 vertice
801 741 844 806 ad
855 761 950 812 auras

55 844 231 936 AEtherias,
245 859 374 908 tantum
386 843 496 909 radice
509 845 543 907 in
555 846 691 909 Tartara
702 845 826 910 tendit:

56 948 156 1017 Haud
169 971 263 1014 secus
275 949 421 1014 adsiduis
432 949 511 1015 binc
522 966 622 1039 atque
633 950 712 1016 hinc
723 953 859 1018 vocibus
872 953 971 1019 beros

53 1055 237 1135 Tunditur,
252 1072 284 1119 et
296 1077 415 1142 magno
427 1056 587 1142 persentit
599 1073 734 1144 pectore
747 1065 850 1127 curas,

54 1165 153 1226 Mens
166 1161 302 1223 immota
313 1176 437 1240 manet,
451 1161 593 1226 lacrimae
606 1161 785 1226 volvuntur
796 1163 919 1229 inanes.

100 1270 189 1332 Tum
198 1289 278 1331 vero
290 1265 404 1331 infelix
414 1266 491 1344 ¹fatis
504 1268 656 1332 exterrita
669 1267 757 1332 Dido
865 1271 869 1300 ¹

1038 305 1099 374 525

1057 758 1103 816 445

1057 1288 1103 1345 450

87 1444 142 1502 442.
150 1443 193 1488 ltuc
204 1455 227 1488 et
237 1440 291 1486 iiiuc
300 1443 377 1504 Sprot.
387 1468 419 1478 -
426 1441 480 1498 443.
489 1451 513 1487 et
522 1441 576 1489 ultre
585 1443 671 1490 Medic.
684 1460 737 1490 cnm
748 1449 908 1506 praestantiore
918 1464 1024 1514 qnoque,
1035 1456 1104 1500 etiam

54 1521 139 1581 fragm.
148 1517 223 1562 Vatic.
237 1527 260 1560 et
269 1515 330 1560 Pier.
340 1531 422 1576 parum
432 1514 530 1569 referre,
538 1517 570 1560 ait
579 1516 650 1559 Burm
663 1531 670 1570 ;
682 1528 746 1560 recte
755 1519 850 1579 utique,
860 1520 939 1581 quoad
948 1537 1052 1580 sensum;
1062 1527 1104 1572 sed

54 1591 130 1637 altera
142 1589 246 1650 prosaica
255 1586 329 1632 forma
340 1598 386 1642 est,
396 1585 481 1642 altera,
492 1588 545 1649 quis
554 1585 767 1648 dubitetipoetica.
779 1587 864 1648 Igitur,
876 1593 918 1653 qni
927 1603 1014 1638 textum
1022 1608 1104 1650 novat,

53 1659 110 1708 oltoe
122 1669 228 1720 reponet.
242 1656 328 1714 (Miror
338 1657 417 1718 itaque
429 1672 442 1700 a
452 1655 571 1700 Druncltio
581 1656 610 1699 V.
620 1657 646 1700 C.
658 1655 684 1700 id
693 1671 741 1700 non
753 1657 838 1702 iactum
849 1661 921 1718 esse.)
929 1685 961 1695 -
968 1660 1022 1718 444.
1033 1673 1104 1710 term

54 1729 127 1774 Goth.
140 1745 176 1790 pr.
185 1741 238 1772 cnm
246 1726 283 1772 ed.
293 1726 425 1780 llortensii;
435 1724 650 1787 quodpraelerrem,
660 1727 679 1770 si
688 1725 773 1770 idonea
783 1728 907 1773 auctoritas
915 1742 988 1785 estet;
998 1744 1033 1778 est
1042 1737 1105 1779 enim

54 1802 130 1861 magis
139 1800 256 1861 poeticum
265 1809 289 1842 et
297 1799 372 1859 majus
380 1794 471 1858 aliquid
478 1808 552 1840 sonat.
561 1810 668 1858 percusso
674 1795 756 1840 llamb.
763 1811 799 1858 pr.
807 1799 888 1842 vertr'ce
895 1794 986 1861 Menag.
994 1818 1030 1865 pr.
1035 1803 1104 1865 fron.

54 1873 97 1917 des
106 1886 153 1916 see.
163 1869 273 1915 llottend.
282 1894 314 1904 —
322 1868 376 1925 446.
388 1867 481 1929 Duplex
489 1866 560 1913 lectio
571 1880 594 1912 et
603 1868 650 1923 hic,
660 1878 687 1911 ut
696 1868 780 1929 Georg.
790 1867 819 1922 ll,
828 1882 880 1928 ²92,
888 1868 929 1914 ubi
938 1870 1001 1916 idem
1011 1890 1089 1921 versus
1098 1893 1104 1921 :

55 1942 162 1989 AEsculus
171 1968 204 1976 -
214 1957 266 2006 quoe
281 1949 392 2005 quonium
407 1943 488 1985 verace
503 1940 535 1984 ad
548 1955 617 1984 auras
633 1937 758 1993 AEthen'as,
776 1948 863 1984 tuntum
876 1941 950 1986 rudtce
961 1944 992 1988 ad
1008 1949 1105 1994 Tartara

56 2012 136 2065 tendit.
154 2013 241 2066 radice,
259 2025 329 2073 quam
345 2010 453 2056 codicum
468 2022 555 2056 sectam
571 2009 651 2070 fragm.
666 2009 741 2054 Vatic.
754 2007 831 2066 ducit,
844 2021 867 2055 et
878 2011 976 2058 rudicem
983 2015 1104 2064 Mediceus

54 2099 111 2131 eum
123 2082 202 2128 multis
211 2081 263 2127 aliis
273 2081 351 2126 lleins.
365 2093 388 2127 et
399 2083 460 2126 Pier.
478 2079 576 2124 radicem
591 2081 615 2122 ιἰι
629 2087 645 2123 t.
659 2079 729 2124 tendit
742 2077 837 2141 oblong.
848 2081 909 2126 Pier.
920 2097 973 2127 cum
983 2085 1063 2146 Puget.
1081 2100 1105 2134 et

54 2157 113 2201 Ere.
123 2156 200 2199 Durm.
214 2179 245 2188 -
254 2151 307 2208 448.
318 2155 429 2216 persensit
436 2150 504 2196 multi
515 2151 575 2196 Pier.
590 2163 613 2195 et
623 2151 702 2196 Heius.
715 2166 742 2195 ac
751 2150 829 2196 Burm.
839 2167 893 2196 cum
901 2153 962 2198 binis
971 2154 1055 2212 Goth„
1064 2158 1105 2203 alii

53 2229 179 2290 praesentit.
190 2243 211 2272 v.
224 2241 276 2287 sup.
288 2243 310 2271 v.
323 2238 374 2286 297.
385 2250 415 2259 —
426 2223 480 2280 450.
493 2223 550 2268 Cum
561 2221 632 2267 Wall.
645 2223 700 2267 Mox
712 2221 771 2284 fatis
785 2226 883 2268 exercita
898 2225 957 2270 Dido
967 2228 1106 2274 emendabat

55 2298 210 2344 Marklandus
221 2300 246 2343 in
260 2299 331 2359 Epist.
344 2298 400 2341 Crit.
413 2313 465 2358 pag.
483 2310 532 2357 ¹¹7·
549 2295 612 2338 raro
627 2293 730 2356 aliquem
746 2299 846 2340 exerceri
860 2295 979 2358 eleganter
994 2297 1040 2343 dici
1056 2315 1105 2344 non

54 2385 129 2432 neges
138 2386 144 2425 ς
153 2371 185 2414 sic
197 2369 224 2424 V,
235 2369 278 2430 725
294 2377 345 2412 note
355 2366 429 2412 Iliacis
440 2364 612 2428 eicercitefatis3
626 2375 650 2410 et
660 2364 721 2410 bene
731 2363 816 2426 aliquis
825 2365 926 2412 adversis
937 2366 1027 2413 casibus
1036 2386 1105 2414 vexa-

56 2453 96 2486 tus
109 2453 132 2485 et
145 2443 259 2485 exercitus
268 2443 319 2484 vitae
330 2440 407 2500 capiat
419 2439 485 2484 toedia
499 2446 531 2482 tot
543 2433 603 2480 niolo
613 2448 737 2497 perpesse,
749 2447 776 2480 ut
789 2436 852 2497 apud
864 2434 984 2480 Tibullum
996 2449 1042 2494 est,
1057 2439 1104 2495 lll,

57 2525 86 2566 2,
100 2526 121 2571 7.
134 2510 256 2556 Enimvero
267 2522 369 2555 nectam
383 2508 474 2554 diutina
486 2507 546 2572 mala
561 2519 655 2568 experta
670 2517 720 2550 erat
727 2505 802 2561 Dido,
820 2518 843 2551 et
859 2509 967 2550 exterrita
981 2508 1105 2570 imaginem

54 2582 93 2626 rei
107 2579 176 2626 allert
185 2579 260 2626 multo
269 2582 384 2641 aptiorem
393 2580 423 2625 ad
434 2578 566 2626 faciendam
574 2578 722 2622 mirationem
735 2586 758 2622 et
767 2572 883 2639 ἔκπληξιν.
894 2578 1010 2622 Dicuntur
1017 2578 1107 2626 scilicet

55 2735 85 2775 et
102 2724 131 2774 in
150 2726 235 2795 poetis
254 2726 354 2795 passim
371 2737 411 2776 est
423 2723 517 2784 obvia3
532 2735 559 2774 at

56 2815 169 2854 ornatus
181 2804 323 2856 verborum
333 2805 459 2856 notabilis
472 2805 557 2854 inest:

56 2879 133 2934 velut
143 2900 203 2932 cum
215 2882 311 2952 Alpini
322 2885 425 2948 Boreoe,
440 2902 472 2935 ex
483 2883 560 2951 Alpi·

609 2721 696 2774 culsos
709 2735 763 2774 tam
776 2721 990 2788 accommodata,
1002 2725 1106 2795 egregie

607 2799 652 2854 hic
660 2814 917 2870 commemorantur,
928 2814 1107 2872 temperanter

608 2893 697 2934 tamen
721 2901 752 2934 ac
779 2881 926 2952 pudenter,
950 2900 1011 2952 cum
1041 2881 1106 2931 alias

54 2963 109 3014 hus
135 2963 280 3031 spirantes,
310 2965 448 3031 potentius
479 2979 559 3032 quam

54 3043 132 3096 venti
156 3043 277 3107 omnino,
294 3053 403 3092 certant
426 3059 560 3092 eruere-

54 3139 184 3197 quereum
203 3118 319 3171 validam
335 3138 433 3170 annoso
451 3120 558 3184 robore,

56 3203 86 3254 h.
101 3222 124 3256 e.
142 3213 246 3250 trunco.
261 3199 282 3248 it
298 3198 393 3250 stridor
407 3216 456 3268 pro
469 3197 506 3247 fit.
520 3198 559 3248 De

57 3301 101 3333 vv.
121 3281 180 3348 445.
198 3279 250 3345 446
265 3277 325 3329 vide
346 3295 404 3348 sup.
421 3278 446 3327 ll
462 3277 558 3348 Georg.

59 3377 108 3429 291
120 3399 129 3426 ,
141 3371 202 3411 sunt
212 3359 320 3408 Homeri
328 3356 388 3425 ῥίξιι
401 3357 514 3410 distertii.
525 3383 560 3396 —-

60 3441 124 3506 448.
148 3456 218 3490 curte
241 3449 302 3488 sunt
323 3437 405 3487 animi
425 3436 559 3487 aestuantis

60 3532 164 3580 motus;
174 3534 203 3572 at
218 3517 332 3570 lacrimoe
343 3516 455 3568 Didonis
470 3530 496 3568 et
509 3517 561 3568 An·

62 3601 158 3655 nae.cf.
172 3602 260 3651 Burm.

99 3681 257 3750 450-473.
277 3681 353 3730 Hunc
374 3678 463 3730 locum
481 3678 560 3730 facile

62 3765 133 3814 inter
151 3759 317 3812 felicissimos
328 3769 363 3830 ‚et
381 3757 563 3809 elaboratissi-

63 3857 122 3892 mos
152 3838 321 3891 referendum
352 3856 409 3890 esse
436 3837 560 3888 arbitror.

62 3921 194 3991 Praesagia
206 3918 253 3969 illa
266 3931 293 3970 et
305 3930 423 3985 ostenta,
435 3920 562 3988 supersti-

63 4003 102 4058 tio
116 3999 151 4054 ad
167 4002 269 4056 annuos
285 4001 359 4073 gravi
375 4017 488 4054 moerore
504 4019 563 4074 per·

607 2973 694 3030 poetae
702 2962 729 3011 in
738 2961 769 3010 iis
780 2959 907 3011 luxuriari
917 2959 1030 3020 soleant;
1040 2959 1108 3010 mul·

608 3051 636 3090 to
657 3041 741 3110 magis
764 3041 868 3090 somnia
887 3057 912 3087 v.
937 3037 1106 3106 465—468,

609 3136 667 3188 quae
678 3137 709 3169 ex
723 3117 862 3169 recondita
877 3117 1015 3168 hominum
1033 3120 1109 3189 gravi

609 3213 725 3248 aerumna
743 3195 901 3248 afflictorum
922 3195 1107 3249 observatione

608 3289 670 3328 sunt
682 3277 830 3347 depromta.
848 3277 893 3327 Nil
907 3276 1022 3329 divinius
1038 3279 1106 3330 illis:
1181 3281 1184 3290 '

608 3376 760 3429 semperque
769 3355 887 3428 relinqui
893 3355 955 3408 Sola
964 3357 1029 3423 sibi,
1042 3378 1108 3411 sem-

608 3456 658 3509 per
668 3450 718 3490 etc.
731 3440 802 3489 lnter
815 3437 931 3488 adversae
943 3438 1052 3490 fortuna
1063 3439 1109 3492 be·

609 3515 704 3584 nelicia
714 3517 813 3567 referre
824 3517 894 3566 forte
906 3518 992 3586 possis
1005 3530 1031 3570 at
1040 3517 1108 3586 hoc,

611 3595 686 3668 quod
704 3596 796 3647 talium
814 3612 902 3646 rerum
923 3615 953 3646 ac
969 3596 1062 3648 talium
1081 3601 1109 3650 in

610 3679 696 3748 poetis
707 3676 826 3727 locorum
843 3694 949 3728 sensum
966 3689 993 3728 et
1005 3677 1109 3730 dulcio·

610 3778 667 3810 rem
676 3759 776 3810 habeas
789 3771 815 3810 et
829 3758 958 3810 altiorem.

645 3839 706 3906 450.
725 3832 785 3906 451.
800 3838 869 3908 fatis
887 3836 1024 3899 exterrita,
1046 3855 1110 3888 con·

612 3932 729 3972 sternata
750 3932 776 3971 et
798 3931 886 3970 mente
911 3917 1015 3986 dejecta
1032 3915 1109 3966 malis

612 4001 681 4052 suis:
694 4018 751 4072 quae
762 3998 866 4052 doctius
870 3997 933 4067 sato
943 3995 1023 4061 dixit,
1033 3997 1110 4066 quip-
1168 4043 1170 4048 .
