2724 4580
379 535 749 627 EXCURSUS
784 534 859 624 Il.

143 765 198 831 De
213 768 389 831 ministerio
401 764 554 841 deorum,
568 766 715 850 inprinu's
726 761 883 840 Iunonis,
897 769 932 830 in
944 764 1096 832 AEner’de.

134 1031 159 1097 l,
172 1031 198 1096 42
217 1029 252 1082 Vi
262 1048 387 1100 superum
397 1068 406 1095 ,
424 1047 496 1082 soevoe
508 1047 648 1080 memorem
669 1029 783 1082 Junom's
806 1029 838 1080 ob
859 1029 934 1079 imm.
949 1027 1015 1080 Cum
1037 1031 1146 1082 omnino

99 1111 237 1164 exordium
248 1110 301 1162 hoc
314 1111 396 1161 multo
417 1129 477 1162 cum
489 1108 591 1179 judicio
609 1121 635 1159 et
651 1109 740 1160 verbis
753 1107 962 1180 significantibus
977 1110 1144 1162 elaboratum

99 1191 132 1241 tit
144 1212 149 1240 :
168 1188 268 1260 quippe
282 1189 355 1259 quod
368 1191 474 1254 omnia,
488 1207 546 1259 quae
556 1191 584 1239 in
597 1189 701 1240 actione
713 1187 765 1240 hac
782 1190 859 1259 epica
868 1189 975 1258 potiora
986 1202 1061 1252 sunt,
1072 1208 1145 1241 corn·

99 1269 248 1341 plectatur;
262 1287 315 1340 quo
328 1272 387 1340 ipso
399 1269 526 1340 Virgilius
539 1269 648 1319 Homeri
658 1267 855 1338 simplicitatem
867 1279 922 1320 arte
935 1271 1086 1340 superavit,
1100 1271 1146 1338 qui

98 1347 150 1398 hoc
163 1367 247 1398 unum
261 1367 370 1400 narrare
388 1366 415 1400 se
427 1348 495 1400 velle
508 1346 665 1417 profitetur,
682 1347 818 1416 quomodo
835 1346 869 1398 oh
889 1347 1065 1414 simultatem,
1087 1365 1146 1418 quae

98 1429 165 1480 inter
189 1427 320 1480 Achillem
341 1442 367 1480 et
388 1429 614 1500 Agamemnonem
635 1430 838 1492 intercesserat,
861 1443 960 1500 magna
981 1428 1144 1480 Achivorum
1196 1476 1198 1486 ,

99 1521 199 1580 strages
212 1510 284 1561 facta
302 1510 349 1569 sit;
369 1502 424 1559 tum
441 1507 485 1559 hic
498 1525 590 1559 versus
603 1509 692 1558 statim
710 1507 745 1559 ab
761 1509 838 1558 initio
855 1509 1066 1577 expectationem
1080 1509 1146 1565 lacit

98 1589 238 1640 ministerii
256 1587 383 1652 deorum,
399 1589 575 1658 inprimisque
589 1587 708 1657 pericula
726 1599 752 1638 et
770 1586 877 1638 labores
897 1606 927 1638 ex
947 1586 1015 1638 odiis
1032 1589 1146 1638 lunonis

98 1668 231 1729 minatum
252 1666 407 1719 discrimina
423 1668 512 1731 enim,
535 1685 593 1737 quae
611 1667 669 1736 quis
683 1685 699 1717 a
710 1665 761 1718 diis
784 1666 889 1736 objecta
907 1665 978 1731 adit,
990 1679 1065 1718 tauto
1083 1685 1147 1737 gra-

98 1749 173 1798 viora
184 1765 243 1800 esse
254 1747 395 1818 probabile
414 1746 457 1812 fit,
477 1749 595 1817 facitque
613 1746 681 1798 adeo
700 1763 790 1799 cares
812 1745 846 1798 ad
861 1748 999 1799 notionem
1015 1749 1147 1820 maguitu-

98 1827 175 1880 dinis.
194 1829 261 1881 Cum
271 1828 304 1882 de
316 1849 345 1881 re
359 1831 419 1900 ipsa
434 1828 487 1880 alio
497 1831 553 1898 jam
565 1829 626 1881 loco
637 1840 726 1879 actum
738 1830 772 1879 sit
790 1830 912 1880 universe
927 1826 1059 1899 (Disquis.
1071 1831 1099 1894 1,
1112 1828 1145 1880 de

97 1907 185 1960 Carm.
203 1910 280 1979 epico
299 1927 319 1959 s.
337 1910 393 1959 Vll.
406 1925 427 1960 s.
439 1907 509 1979 IX),
529 1907 644 1979 agedum
662 1925 826 1977 exponamus
841 1926 895 1958 uno
908 1908 986 1973 loeo,
1009 1907 1144 1979 quomodo

96 1986 221 2059 Virgilius
234 1989 261 2038 in
278 2001 334 2038 toto
347 1989 472 2039 carminis
486 1989 526 2039 sui
539 2000 631 2038 tenore
644 1988 752 2037 invento
767 1984 820 2037 hoc
833 2004 897 2038 usus
909 1989 950 2038 sit.
964 1988 1146 2059 intelligemus

97 2065 214 2131 scilicet,
226 2085 319 2118 verum
338 2066 483 2136 essequod
499 2066 546 2118 illo
559 2066 620 2117 loco
635 2065 736 2116 dictum
755 2078 811 2129 est,
830 2066 908 2118 valde
921 2066 1052 2118 diversam
1072 2066 1145 2117 illam

97 2145 229 2196 rationem
242 2162 299 2196 esse
320 2144 353 2196 ah
373 2165 422 2210 ea,
445 2164 527 2216 quam
545 2147 675 2196 Homerus
687 2156 815 2213 sequutus
831 2158 887 2206 est3
907 2143 951 2196 hic
964 2147 1033 2196 enim
1053 2144 1146 2196 afflatu
1177 2185 1179 2190 .

96 2224 187 2276 divino
201 2225 327 2296 abreptus
340 2228 432 2278 omnia
443 2244 504 2277 cum
517 2225 569 2277 fide
582 2237 690 2289 narrat,
703 2237 831 2294 tanquam
844 2227 866 2275 is
878 2226 924 2295 qui
936 2225 987 2276 sibi
998 2226 1145 2296 persuasit,

98 2325 128 2358 ea
147 2309 186 2358 ita
204 2320 280 2379 gesta
301 2326 375 2370 esse3
397 2309 425 2358 in
443 2308 555 2359 Marone
576 2325 640 2358 vero
663 2304 781 2357 studium
801 2305 918 2378 fingendi
939 2306 987 2372 ea,
1007 2323 1065 2376 quae
1086 2306 1145 2358 aliis

96 2386 259 2456 persuadere
270 2390 377 2458 cupiat,
390 2387 488 2439 subtile
500 2405 626 2448 acumen,
639 2399 666 2439 et
677 2387 746 2437 mita
755 2387 886 2458 sagacitas
895 2385 1011 2438 iutebus
1020 2386 1147 2438 Romanis

96 2484 156 2516 cum
174 2467 298 2535 Trojanis
312 2466 499 2519 consociandis
512 2468 618 2519 eminet.

129 2547 218 2596 Primo
232 2546 341 2616 quidem
352 2549 440 2612 duno,
454 2566 514 2600 cum
523 2550 580 2618 jam
592 2548 658 2600 alias
672 2548 735 2599 satis
748 2563 841 2618 graves
860 2547 960 2598 irarum
972 2546 1000 2597 in
1014 2546 1144 2616 Trojauos

97 2633 203 2678 caussas
219 2625 332 2679 haberet
345 2627 408 2700 (lib.
422 2629 447 2692 1,
466 2627 611 2699 23-28)‚
623 2644 696 2680 nuuc
712 2627 796 2679 multo
815 2629 916 2695 majore
933 2643 979 2678 eos
1000 2627 1063 2679 odio
1083 2646 1146 2697 per·

96 2707 233 2774 sequitur,
251 2707 324 2776 quod
335 2706 493 2780 Carthagini
505 2725 558 2760 suae
570 2709 679 2770 metuit;
700 2706 919 2777 quandoquidem
933 2708 1092 2771 resciverat,
1114 2725 1146 2759 ex
1201 2755 1208 2775 ,

96 2785 218 2856 Trojanis
229 2789 359 2858 populum
370 2791 534 2842 exoriturum
547 2805 618 2856 esse,
629 2809 645 2842 a
658 2807 711 2860 quo
725 2789 871 2860 aliquando
883 2786 1018 2859 Carthago
1031 2788 1151 2840 delenda

95 2879 163 2918 esset
175 2865 219 2937 (Ι,
245 2885 274 2918 12
285 2897 321 2906 -·-
333 2867 389 2938 23).
403 2868 453 2919 Illa
469 2869 565 2940 igitur,
582 2880 612 2919 ut
631 2869 665 2920 ab
677 2868 773 2932 ltalia,
793 2867 924 2919 destinata
943 2868 1030 2918 AEneae
1048 2885 1064 2918 a
1081 2868 1144 2918 fatis

95 2946 173 3012 sede,
192 2949 326 3018 Trojanos
344 2962 463 3016 arceret,
484 2948 551 3000 nihil
568 2952 728 3000 intentatum
740 2947 876 3017 relinquit.
889 2947 976 2998 Etiam
992 2958 1064 3008 tum,
1084 2965 1145 2996 cum

96 3026 212 3079 aSicilia
225 3028 377 3094 solverant,
397 3041 556 3099 tempestate
575 3029 645 3080 AEoli
658 3047 709 3099 ope
721 3040 795 3079 mota
807 3043 853 3078 eos
873 3044 889 3077 a
902 3042 982 3077 cursu
993 3026 1021 3075 in
1040 3024 1145 3076 Italiam

95 3107 201 3178 dejicit;
224 3111 262 3161 ita
279 3109 538 3182 Carthaginiensium
556 3110 630 3162 litori
649 3110 782 3174 admotae,
800 3118 956 3179 tempestate
983 3124 999 3156 a
1017 3105 1143 3174 Neptuno

95 3188 201 3253 sedata,
220 3188 255 3240 ad
273 3190 335 3240 litus
348 3191 434 3256 illud,
451 3208 506 3242 una
525 3192 641 3254 amissa,
660 3206 742 3242 naves
753 3189 876 3257 Trojanee
895 3183 1033 3255 appellunt
1045 3184 1072 3248 1,
1096 3183 1144 3238 158

94 3286 134 3338 sq.
144 3291 151 3332 ;
160 3271 287 3340 'Neptuni
304 3284 393 3326 autem
411 3289 496 3344 opera
511 3271 546 3322 ad
564 3270 671 3324 AEolum
685 3269 869 3322 coercendum.
882 3267 946 3318 satis
965 3277 1024 3317 erat
1038 3281 1145 3317 accom-

94 3348 213 3402 modata.

129 3430 282 3484 Parendum
294 3451 366 3493 nunc
385 3444 443 3484 erat
462 3433 531 3484 inter
549 3430 681 3484 barbaros
698 3443 786 3483 tutum
802 3428 926 3498 Trojanis
938 3425 1085 3496 hospitium
1098 3427 1144 3497 (1,

96 3509 183 3580 223),
203 3530 253 3562 neo
270 3514 357 3564 minus
377 3513 490 3563 lunonis
509 3514 595 3564 Poenis
614 3512 746 3564 studentis
765 3509 877 3562 consilia
897 3506 1033 3562 metuebat
1052 3507 1143 3558 Venus

95 3590 159 3661 (IV,
172 3592 216 3661 96.
232 3593 284 3664 97)
296 3615 301 3643 ι
314 3595 444 3656 Exoratus
458 3613 474 3644 a
486 3594 589 3646 Venere
601 3593 706 3664 tupiter
722 3592 812 3643 mitris
821 3590 983 3641 Mercurium
996 3608 1002 3638 ι
1022 3587 1044 3637 is
1059 3586 1144 3638 Dido·

94 3687 156 3722 nem
168 3674 314 3743 propitiam
325 3675 354 3724 in
370 3672 486 3726 advenas
505 3671 594 3725 reddit
614 3675 763 3743 Poenosque
784 3671 874 3742 placat
894 3667 1068 3739 (297-304
1079 3668 1098 3738 )
1111 3667 1142 3716 ln

96 3751 263 3804 sermonibus
281 3755 352 3806 inter
362 3755 456 3806 lovem
466 3766 493 3806 et
503 3755 634 3813 Venerem
654 3753 754 3805 habitis
766 3749 806 3821 (v.
821 3769 872 3821 ²²9
893 3749 952 3820 sq.)
969 3747 1053 3799 multa
1073 3763 1142 3816 pra,-

96 3829 167 3882 clare
198 3825 384 3902 exponuntur,
410 3853 468 3905 quae
494 3835 630 3886 Romanos
654 3833 690 3885 ad
711 3851 819 3886 carmen
841 3828 984 3902 legendum
1005 3824 1142 3878 advertero

95 3922 222 3978 possent:
240 3912 262 3961 A
282 3913 404 3982 Trojanis
424 3916 540 3966 orituros
555 3932 613 3966 esse
633 3915 768 3966 Romanos
787 3925 918 3964 terrarum
938 3906 1062 3959 dominos
1075 3902 1142 3970 (234

96 3991 222 4065 Ε--ι·37);
243 3995 301 4048 feta
315 3995 404 4048 AEueae
417 3996 446 4048 iu
464 3994 557 4058 ltalia;
573 3995 682 4048 Ascanii
693 4011 804 4068 reguum
812 4013 819 4055 ;
833 3990 902 4043 Alba
914 3986 1039 4048 eondita;
1053 3984 1142 4036 stoma
