2724 4580
181 240 387 306 '152'

488 242 534 304 Ῥ.
558 233 785 305 VIRGILII
807 239 1042 307 Mtttottls'

253 357 413 429 Praeterea
424 371 603 452 sceptrum,
617 367 720 429 Ilione
732 364 822 454 quod
834 383 975 452 gesserat
987 365 1078 445 olim,

253 471 407 532 Maxuma
419 486 566 533 natarum
580 472 710 550 Priami,
725 470 876 558 colloque
887 471 1008 534 monile

255 575 439 653 Baccatum,
454 591 486 637 et
498 573 662 662 duplicem
674 575 809 661 gemmis
821 597 967 664 auroque
979 597 1144 640 coronam.

254 679 334 743 Haec
347 680 504 756 celerans,
518 681 579 742 iter
590 679 631 742 ad
643 681 732 744 navis
744 679 899 744 tendehat
906 681 1058 746 Achates.

299 786 339 845 At
352 785 397 872 Cy
412 783 510 846 herea
522 805 622 847 novas
633 785 723 860 artis,
738 805 821 848 nova
833 800 965 871 pectore
978 799 1085 850 versat

255 886 413 951 Consilia:
427 905 461 951 ut
474 887 590 952 faciem
602 905 743 952 mutatus
757 905 789 953 et
801 912 857 952 ora
869 887 997 976 Cupido
1077 925 1080 932 ·

254 995 317 1054 Pro
331 990 418 1056 dulci
430 995 566 1057 Ascanio
579 995 700 1070 veniat,
716 993 875 1082 donisque
888 995 1052 1057 furentem
1136 978 1140 986 ¹

255 1096 413 1160 Incendat
425 1098 583 1184 reginam,
597 1113 694 1185 atque
707 1098 834 1162 ossibus
846 1099 991 1185 implicet
1003 1099 1121 1185 ignem.
1242 1111 1286 1158 tto
1358 1127 1359 1132 ¹

255 1270 367 1320 stamen
377 1271 451 1336 Τροίης
461 1269 543 1337 ὂξῆρωτ
554 1266 675 1322 'otvmlc
688 1263 731 1328 etc.
743 1274 773 1319 cf.
790 1273 866 1319 Guell.
875 1297 907 1308 -
915 1272 967 1319 653.
980 1271 1057 1319 Ilione
1064 1307 1071 1329 ‚
1090 1284 1116 1318 nt
1131 1275 1161 1319 sit
1178 1281 1290 1336 sceptrum

253 1340 334 1389 Ilionae
340 1343 547 1404 ,vhahentMentel
557 1360 592 1405 pr.
603 1345 650 1388 duo
660 1343 767 1389 Rottend.
779 1356 801 1389 et
813 1342 878 1388 Leid.
885 1377 891 1397 ,
899 1358 942 1388 nee
952 1343 980 1388 ab
990 1359 1018 1389 eo
1029 1343 1113 1404 refugit
1123 1344 1200 1388 Heius.
1211 1345 1291 1387 Enim-

256 1428 312 1459 vero
324 1416 391 1458 nimis
407 1415 469 1460 nude
485 1429 628 1479 ponerentur
643 1427 692 1461 tum
706 1413 760 1460 illa:
771 1415 832 1478 quod
845 1423 945 1478 gesserat
954 1413 1013 1459 otim.
1022 1440 1054 1450 -
1062 1415 1115 1461 656.
1126 1417 1174 1459 Nec
1183 1431 1203 1460 c.
1221 1414 1291 1460 Goth.

255 1498 293 1544 pr.
303 1485 353 1530 Hoc
364 1484 462 1532 celerans
474 1485 531 1530 alter
540 1484 636 1531 Mentel.
649 1502 661 1530 a
673 1500 703 1530 m.
715 1501 759 1532 sec.
769 1501 775 1530 :
786 1485 847 1530 unde
862 1483 997 1531 Accelernns
1005 1503 1041 1548 pr.
1053 1486 1162 1532 Rottettd.
1176 1485 1291 1530 Montalh

255 1554 349 1600 Vrastil.
360 1549 411 1600 Ἠαε
420 1555 519 1602 celerans
530 1557 626 1601 Oudart.
634 1555 771 1602 Ascelercots
778 1569 831 1604 tert.
840 1557 924 1602 Moret.
938 1556 1023 1612 Vides,
1033 1573 1103 1618 quam
1113 1549 1196 1620 palum
1208 1555 1292 1602 talibus

255 1626 421 1671 variationibus
439 1628 467 1670 sit
485 1626 641 1672 tribuendum.
655 1628 748 1674 -658,
767 1635 910 1689 mutatusque
925 1627 1009 1676 ¹Franc.
1019 1651 1051 1660 -
1061 1627 1113 1673 660.
1132 1635 1199 1689 atque
1216 1628 1293 1672 tenuit
1358 1663 1359 1682 q

293 1776 353 1852 653.
366 1779 454 1829 Habes
467 1793 599 1850 sceptrum
610 1781 637 1830 h.
653 1799 675 1832 e.
688 1779 749 1832 has·
768 1839 772 1850 .

256 1863 312 1906 tam
324 1857 365 1906 vel
375 1859 535 1926 scipionem,
545 1861 646 1928 insigne
656 1858 750 1928 puellae

257 1937 387 2006 regiae7ut
399 1937 750 2008 omninohominumgenere

257 2013 301 2064 vel
323 2012 425 2066 honore
457 2017 605 2085 insignium.
629 2033 654 2065 v.
685 2015 748 2066 Stat.

256 2092 342 2143 Theb.
366 2094 418 2156 Vl,
448 2094 489 2144 81.
522 2093 564 2144 Sic
585 2112 632 2161 ap..
658 2094 748 2163 Eurip.

257 2171 358 2223 Troad.
374 2171 422 2223 150
434 2174 544 2224 Hecuba
555 2168 667 2240 Σκιῖπὲτρῳ
679 2169 753 2240 Πριά-

254 2267 302 2314 μου
313 2248 459 2317 mpotmt'va
465 2251 560 2302 choros
570 2269 597 2300 se
606 2250 752 2318 celebrasse

235 2373 239 2393 ,
258 2320 336 2378 dicit.v
344 2327 450 2380 Ilionee
462 2330 558 2382 Priami
569 2327 673 2380 filiabus
685 2329 751 2380 fnit:

256 2421 285 2466 y.
296 2406 402 2457 Excurs.
417 2407 487 2458 adh.
500 2427 525 2456 v.
589 2443 594 2454 .

273 2526 279 2530 .
296 2483 356 2535 655.
369 2485 501 2535 Coronam
513 2485 630 2555 intelligo
652 2484 752 2555 duplici

259 2564 388 2628 materia,
399 2563 425 2613 h.
449 2583 471 2614 e.
492 2562 628 2627 diadema,
645 2583 706 2614 nam
719 2563 751 2614 de

260 2661 292 2694 eo
308 2643 410 2712 agitur,
432 2660 555 2708 aureum,
575 2647 682 2715 gemmis
702 2645 753 2695 dis-

198 2759 199 2762 .
260 2723 391 2787 tinctum,
404 2741 457 2792 quo
473 2724 500 2772 in
512 2726 703 2790 monumentis,
715 2727 754 2774 in·

260 2801 353 2869 primis
370 2801 510 2868 Italorum,
523 2820 590 2872 saepe
603 2802 667 2854 deas
678 2818 753 2868 ornass

195 2916 200 2924 ·
259 2895 301 2933 tas
314 2881 412 2932 videas.
426 2880 503 2930 Ovid.
525 2882 588 2932 Met.
600 2882 681 2945 ·XIII,
702 2881 752 2948 704

234 3027 239 3035 ι
258 2962 335 3012 Dant
350 2970 487 3030 pateram,
515 2957 667 3030 claramque
687 2977 752 3009 auro

247 3040 420 3110 'gemmisque
430 3035 560 3088 coronam.
574 3054 660 3107 neque
677 3039 753 3089 aliter
773 3101 777 3110 .

260 3120 376 3182 dictum,
393 3137 472 3188 quam
490 3118 524 3168 ad
543 3117 647 3186 Virgilii
667 3119 754 3180 imita·¹

260 3200 361 3250 tionem
379 3196 525 3265 (sententia
544 3209 632 3246 tamen
648 3214 679 3246 ex
700 3199 754 3247 Ho-
785 3194 788 3199 ¹

246 3298 334 3340 smero
356 3295 479 3347 expressa
497 3275 572 3327 Iliad.
585 3291 616 3339 χ,
631 3274 681 3341 470
690 3312 699 3346 2
715 3277 753 3348 1.)
774 3292 781 3302 “

261 3356 335 3426 apud
353 3356 440 3406 Valet.
460 3354 499 3405 Fl.
523 3354 594 3416 VIII,
619 3352 683 3416 235,
707 3354 754 3407 ubi

261 3437 350 3486 Venus
365 3433 485 3484 Medeam
503 3444 595 3482 ornat:
615 3431 669 3501 ipsa
679 3449 753 3482 suam

261 3510 753 3582 duplicemCythereacoronamDonaq

261 3609 324 3641 nam
332 3593 387 3659 ipse
395 3591 505 3643 Flaccus
515 3608 571 3640 sese
579 3592 754 3658 interpretans

263 3669 368 3736 subjicit
382 3690 387 3717 :
401 3679 427 3718 et
441 3685 541 3719 arsuras
552 3667 607 3716 alia
624 3685 683 3716 cum
706 3667 755 3715 vir-

261 3749 323 3820 pine
332 3765 464 3819 gemmeo,-
488 3758 513 3796 et
531 3742 623 3813 paullo
641 3756 755 3795 anteces-

263 3837 333 3878 serat
350 3825 440 3874 similis
454 3813 557 3871 foima:
572 3820 626 3889 ipsa
643 3839 701 3872 suas
714 3820 755 3873 illi

264 3917 350 3953 croceo
374 3898 517 3952 subtemine
549 3907 624 3948 vestes
654 3893 753 3968 [attuit.

1238 589 1285 636 sss

800 1781 849 1831 Vix
862 1778 1000 1842 accedam,
1013 1779 1050 1842 si,
1063 1791 1092 1828 ut
1104 1775 1237 1828 interdum
1246 1794 1292 1827 so·
1358 1805 1359 1860 g

797 1858 865 1930 let,
900 1857 1032 1928 duplicem
1055 1856 1209 1926 simpliciter
1241 1874 1292 1925 pro

799 1955 911 2007 magna,
927 1937 1069 2006 praeclara⁷
1092 1937 1207 2004 accipias
1220 1936 1293 2004 posi·
1358 1947 1359 2008 ζ

799 2026 861 2066 tam.
876 2015 985 2066 Diverso
998 2032 1076 2066 sensu
1089 2013 1208 2084 geminas
1223 2031 1294 2064 eom-

799 2111 846 2143 ηας
857 2092 995 2144 Claudian.
1009 2094 1051 2156 X,
1070 2093 1119 2144 203
1137 2092 1223 2161 simpl.
1243 2109 1293 2162 pro

800 2171 885 2233 binis3
899 2176 947 2224 etsi
959 2175 1037 2225 Gesn.
1049 2173 1087 2224 ibi
1097 2172 1181 2224 aliter.

836 2251 894 2320 657.
915 2271 972 2322 sqq.
993 2252 1097 2304 Sellicet
1114 2253 1218 2314 Venus,
1240 2248 1294 2299 filio

802 2346 850 2380 suo
873 2332 960 2382 AEneae
990 2333 1102 2394 timens,
1130 2348 1164 2380 ne
1182 2329 1293 2379 Iunonis

802 2410 897 2463 fraude
916 2409 1027 2460 Didonis
1049 2429 1080 2461 ac
1096 2411 1236 2460 Poenorum
1247 2426 1292 2458 so·
1358 2453 1359 2456 ,

802 2489 890 2540 luntas
907 2501 1035 2552 mutetur,
1054 2487 1186 2538 Didonem
1205 2504 1292 2538 amore
1358 2501 1359 2504 ’

801 2571 857 2638 ejus
874 2567 1032 2628 inllammat;
1046 2565 1144 2632 ⁸codem
1164 2578 1237 2617 metu
1248 2567 1293 2615 im-

800 2647 879 2716 pulsa
890 2648 917 2698 in
930 2648 1035 2716 nuptias
1049 2645 1180 2696 consentit
1190 2645 1237 2695 inf.
1250 2645 1292 2705 lv,

805 2741 852 2795 107
863 2743 920 2794 sqq.
934 2725 1063 2776 Viderunt
1073 2727 1128 2792 jam
1148 2723 1292 2774 Germanus

802 2818 828 2856 et
846 2807 973 2868 Ursinus,
993 2805 1021 2854 in
1038 2815 1093 2873 toto
1113 2803 1224 2853 Veneris
1238 2801 1296 2852 arti·

801 2884 861 2934 ficio
883 2897 910 2935 et
929 2882 1125 2935 machinatione
1156 2880 1293 2951 Virgilium

802 2974 862 3013 ante
873 2963 966 3030 ¹oculos
976 2961 1100 3014 habuisse
1114 2959 1294 3028 Apollonium,

803 3059 881 3110 quem
900 3043 934 3092 cf.
955 3041 1003 3110 lili.⁴
1013 3041 1064 3104 111,
1086 3056 1100 3107 7
1120 3055 1178 3107 sqq.
1199 3059 1205 3086 :
1228 3029 1293 3107 inps.

803 3119 835 3171 25
849 3138 888 3189 sq.
907 3136 1021 3188 rtrsqq.

837 3197 897 3264 659.
916 3197 975 3246 660.
996 3194 1078 3246 Donis
1092 3192 1295 3263 furentem,vix

802 3276 853 3326 nIsi
865 3275 930 3325 dure
943 3273 1085 3324 admodum
1099 3272 1188 3336 dicas,
1206 3290 1296 3342 quam-

802 3353 841 3402 vis
851 3370 875 3403 v.
890 3351 939 3419 713
953 3349 1063 3420 Expleri
1074 3360 1186 3400 mentem
1209 3350 1297 3422 nequit

803 3431 962 3502 ardescitque
975 3430 1078 3480 tuendo.
1098 3429 1194 3480 Melius
1209 3443 1239 3480 ut
1251 3431 1295 3480 do-

803 3509 844 3560 nis
865 3509 987 3562 incendat
1009 3508 1127 3580 reginam
1145 3507 1294 3576 furentem,
1358 3553 1359 3572 g

804 3601 833 3638 ut
846 3607 933 3640 amore
943 3589 1030 3648 furat3
1050 3606 1106 3656 quo
1126 3587 1209 3638 Servii
1221 3591 1297 3639 inter*
1358 3579 1359 3618 l

803 3671 918 3738 pretatio
930 3679 1045 3737 spectat:
1060 3669 1106 3736 qui
1125 3667 1204 3716 simili
1217 3666 1293 3716 modo
1358 3669 1359 3738 J

804 3749 900 3816 accipit
908 3747 1007 3797 dictum
1019 3747 1063 3810 lv,
1073 3762 1114 3796 22.
1124 3745 1294 3816 animumque

805 3823 1061 3894 labantemlmpulit.
1074 3822 1168 3874 ossibus
1182 3822 1296 3893 implicet
1358 3819 1359 3848 l

805 3902 909 3974 ignem,
922 3903 1090 3980 exquisitiore
1100 3901 1204 3964 forma,
1219 3915 1293 3976 quam
1358 3895 1359 3918 ¹

1358 4133 1359 4168 l

1356 4173 1359 4186 t

1358 4201 1359 4234 l

1358 4239 1359 4262 l

1353 4483 1359 4554 l
