2694 4574
271 295 310 377 34
602 282 967 376 DlSQUlSlTlOl

230 504 233 512 Ι
268 418 451 507 pentatione
471 429 599 479 teneret
620 437 810 502 suspensos,
830 415 1081 506 religiosamque
1102 419 1249 508 aliquam
1274 433 1307 483 et

265 539 435 611 augustam
443 520 704 609 speciemrerum
718 520 889 586 eventibus
899 521 1118 609 praetenderet
1129 527 1184 610 (1).
1196 523 1306 589 Achil-

162 667 184 714 ·.
264 630 355 695 leum
367 627 501 718 quidem
517 627 620 730 robur
638 643 670 692 et
683 626 851 692 iracundia
864 629 971 693 aliena
984 646 1076 695 erant
1087 653 1106 694 a
1117 646 1189 695 toto
1206 654 1304 720 argu-

264 751 392 815 ment03
407 733 518 800 sedata
530 749 562 797 et
579 731 707 821 placida
723 749 756 798 et
769 731 980 798 humanitatis
1002 757 1101 800 sensu
1120 753 1303 824 temperata

264 855 313 904 est
333 841 441 905 AEneae
464 840 581 919 virtus3
597 855 643 917 et,
666 838 743 904 licet
756 837 1009 934 concedendum
1024 842 1079 922 sit,
1096 843 1223 930 epicam
1235 844 1302 906 vim

262 947 420 1035 majorem
431 943 548 1009 Achilli
560 945 682 1023 inesse,
695 966 763 1007 non
775 960 885 1009 tamen
897 967 1012 1010 omnes
1025 947 1132 1034 epicas
1142 969 1301 1035 personas

261 1051 422 1117 Achillem
436 1051 560 1114 referre
574 1071 670 1136 posse
685 1049 895 1114 manifestum
907 1066 964 1114 est.
973 1054 1081 1116 Maras
1093 1075 1221 1140 pugnas
1235 1055 1300 1116 Ho-

260 1158 389 1224 mericis
412 1154 533 1222 similes
556 1171 589 1218 et
608 1153 787 1219 belluinam
811 1154 1039 1220 fortitudinem
1055 1157 1107 1220 vix
1126 1156 1300 1245 probasset

257 1263 416 1352 Augustei
430 1259 541 1326 saeculi
555 1259 735 1347 elegantius
755 1276 788 1324 et
801 1260 933 1326 mollius
943 1261 1116 1350 judicium.
1136 1266 1223 1327 Cum
1243 1265 1299 1327 ita·

258 1393 324 1459 que
336 1369 471 1433 omnino
486 1364 629 1430 AEneidis
642 1364 724 1430 alius
736 1387 775 1431 ac
789 1364 937 1432 diversus
958 1357 1092 1454 prorsus
1110 1368 1153 1432 sit
1167 1368 1298 1433 charac-

256 1493 307 1540 ter
326 1495 425 1564 quam
446 1470 570 1549 Iliadis,
596 1470 669 1558 quis
694 1492 762 1533 non
788 1469 878 1535 videt
899 1471 1126 1559 importunum
1148 1496 1236 1554 esse,
1263 1476 1296 1538 in

254 1581 391 1648 AEneide
404 1580 571 1669 requirere
587 1599 638 1657 ea,
654 1600 728 1666 quae
741 1576 834 1642 lliadi
844 1579 1066 1666 sintpropria3
1082 1580 1216 1646 easdem
1227 1583 1295 1645 ani·

253 1713 385 1754 morum
393 1687 674 1765 inflammationes,
686 1702 793 1766 aestuS,
806 1689 1036 1773 tempestates?
1047 1688 1158 1752 insunt
1165 1689 1294 1754 AEneidi

253 1796 330 1875 alia,
346 1815 420 1883 quae
436 1791 573 1880 probes3
591 1789 707 1879 quidni
720 1791 753 1854 in
765 1788 816 1855 his
830 1792 1036 1880 acquiescas?
1048 1792 1111 1858 Sed
1127 1794 1294 1884 infinitum

254 1916 340 1966 esset
352 1899 462 1984 omnia
480 1895 649 1985 persequi,
666 1917 738 1984 quae
756 1894 798 1960 ab
818 1896 871 1975 iis,
894 1898 952 1985 qui
970 1897 1105 1962 subtiles
1119 1918 1293 1986 poetarum

247 2007 378 2098 judices
396 2004 502 2070 videri
519 2003 649 2082 volunt,
670 2001 750 2066 dum
768 2025 880 2067 rerum
897 2021 1104 2092 argumenta,
1125 2008 1290 2096 exempla,

251 2135 380 2178 caussas
402 2128 435 2177 et
452 2111 596 2174 rationes
620 2109 773 2188 miscent,
797 2124 922 2173 temere
943 2108 1118 2175 laudantur
1128 2135 1166 2177 ac
1182 2137 1293 2201 repre-

249 2215 455 2297 henduntur,
468 2214 617 2304 inprimis
630 2213 759 2302 quoties
773 2213 947 2301 Virgilium
959 2230 992 2278 et
1006 2217 1188 2281 Homerum
1204 2220 1290 2282 inter

249 2349 285 2392 se
310 2341 509 2413 comparant.
534 2320 597 2387 Sed
623 2321 718 2386 nobis
742 2320 969 2387 retundendus
1000 2339 1049 2388 est
1072 2326 1193 2406 omnis,
1220 2350 1289 2416 quo

248 2431 354 2519 abripi
364 2450 549 2518 possemus,
563 2428 715 2513 impetus.
732 2427 846 2514 ltaque
858 2450 920 2492 nec
934 2428 1148 2494 Warburtoni
1160 2448 1291 2497 senten-

247 2538 327 2601 tiam
349 2537 545 2622 attingemus
568 2534 625 2617 (2),
650 2533 708 2621 qui
740 2534 925 2621 perfectum
945 2536 1026 2623 reip.
1049 2536 1231 2603 condendae
1255 2558 1289 2604 et
1330 2579 1331 2584 κ

246 2641 358 2728 legur'n
372 2638 582 2705 ferendarum
596 2639 737 2703 auctoris
750 2639 915 2727 exemplar
934 2641 967 2704 in
985 2643 1085 2706 AEnea
1103 2642 1287 2709 exhibitum
1329 2669 1330 2689 t

247 2770 317 2812 esse
336 2762 465 2834 apoeta
482 2745 603 2824 voluit;
622 2745 770 2833 inprimis
787 2767 863 2809 cum
877 2745 941 2810 alio
960 2745 1034 2811 loco
1050 2749 1061 2831 (
1075 2746 1117 2811 ad
1132 2749 1205 2814 Lib.
1219 2753 1285 2828 Vl,
1328 2763 1329 2791 ³

245 2854 321 2920 Exc.
334 2855 386 2939 X)
399 2877 471 2921 eam
484 2853 673 2940 opinionem
688 2853 901 2940 attigerimus.

289 2961 432 3027 AEneidis
455 2977 685 3048 argumentum
710 2963 744 3023 in
770 2962 941 3045 septimum
968 2983 1091 3025 annum
1117 2961 1281 3048 produci,
1325 3039 1326 3046 ἵ

243 3066 298 3132 alii
334 3091 411 3132 cum
449 3062 707 3153 reprehensione
741 3087 912 3128 monuere.
944 3068 1118 3153 Perperam
1154 3069 1281 3157 utique.
1324 3119 1325 3124 1

243 3175 351 3238 AEneae
372 3193 499 3236 errores
513 3187 639 3258 septem
656 3192 760 3234 annos
780 3170 910 3258 explere
933 3171 1140 3236 verissimum
1155 3190 1206 3237 est
1228 3177 1280 3258 (v.

243 3279 375 3344 Excurs'.
394 3280 425 3340 ll
448 3275 491 3341 ad
508 3276 565 3340 lib.
589 3277 667 3361 Ill)
692 3274 756 3339 Sed
780 3276 849 3362 ipsa
875 3277 1026 3342 carminis
1047 3278 1191 3342 narratio
1213 3303 1280 3344 non

241 3383 304 3448 nisi
321 3407 394 3448 cum
413 3384 543 3468 septimi
557 3382 641 3445 anni
664 3393 777 3443 oestate
796 3378 966 3445 exordium
984 3379 1084 3445 habet
1106 3383 1154 3464 (v.
1178 3383 1281 3468 ibid.)

205 3628 208 3636 ·
274 3593 313 3666 (1)
322 3592 422 3644 Multus
429 3605 469 3644 est
477 3591 580 3643 Servius
594 3591 693 3662 passim
705 3591 732 3640 ln
781 3595 829 3650 dus
839 3594 1146 3670 aliquisessedebuitcf.
1156 3605 1277 3657 Macrob.

238 3671 304 3737 hoc,
314 3684 343 3722 ut
354 3673 463 3723 AEneam
475 3687 505 3722 ex
517 3669 642 3720 Flaminis
654 3668 733 3720 alicu·
779 3677 815 3728 111
819 3713 828 3742 ‚
845 3695 853 3729 1
867 3695 906 3749 sq,

165 3811 167 3814 ¹
235 3754 278 3821 J'us
290 3751 332 3803 vel
344 3749 476 3801 Pontificis
488 3767 603 3820 persona
618 3748 732 3820 plurima
814 3755 852 3828 (2)
878 3758 975 3810 Divina
993 3760 1120 3831 hepation
1144 3762 1179 3834 of
1196 3765 1277 3818 Moser

237 3829 322 3900 egisse
335 3828 429 3878 doceat
441 3845 465 3876 v.
479 3847 502 3879 c.
519 3829 568 3890 lv,
583 3845 629 3896 29,
646 3843 731 3896 pravo
781 3833 813 3885 Τ,
826 3837 858 3900 1,
872 3837 900 3886 Β,
915 3838 962 3901 11,
977 3837 1043 3889 Sem,
1054 3837 1102 3895 W,

238 3909 329 3977 utique
342 3906 476 3971 acumine,
487 3907 560 3974 cujus
571 3917 658 3959 tamen
670 3908 683 3964 f
718 3934 732 3947 -
