2742 4586
421 359 753 426 inrnuauu1.
1042 400 1100 468 „9
1154 381 1184 400 «

70 493 152 535 tatem
162 491 190 532 et
199 482 364 548 majestatem
374 479 484 533 deorum
494 484 573 535 etiam
583 487 609 535 in
619 487 659 537 ira
672 486 713 538 vel
726 485 898 542 exsultatione
909 481 992 550 aliove
1004 502 1102 558 affectu
1170 499 1173 508 “

71 563 153 614 animi
162 559 317 626 &ervei-ent,
337 563 413 630 eique
432 561 559 614 hactenus
578 566 763 635 consulerent,
783 587 817 619 ne
835 571 930 624 faciem
944 591 988 628 aut
1007 582 1047 634 ira
1059 596 1102 636 tu·

70 653 187 691 mentem
202 649 247 690 aut
262 641 358 690 rictum
373 641 504 692 cachinno
523 642 677 707 diductum,
691 645 832 717 legentium
850 654 937 702 sensui
950 655 1101 725 objicerem.

70 721 156 771 Etiam
166 723 195 770 in
214 715 286 771 illis:
313 720 380 790 'Quos
392 739 438 792 eqo
450 751 482 762 -
492 724 535 773 sed
543 721 647 791 prestat
655 724 787 793 placidam
799 727 871 778 illam
885 727 928 782 dei
941 737 1104 804 majestatem

72 813 182 870 apoeta
197 817 253 852 esse
266 801 407 870 proditam.
430 803 568 871 Tanquam
590 805 705 855 numinis
722 806 814 875 itaque
836 813 971 879 proprium
995 823 1102 874 omnino

70 877 225 930 habendum
244 898 300 931 esse
325 879 460 950 placidum
484 891 579 950 eaput,
600 882 671 952 quod
684 896 710 935 et
727 883 832 954 placato
853 899 880 937 et
897 890 964 942 irato
981 903 1104 952 convenit
1172 945 1173 953 ,

72 973 222 1024 somnust,
235 960 355 1031 adeoque
369 961 395 1011 h.
408 960 426 1011 l.
446 963 512 1012 mari
531 963 621 1013 efferri
640 965 719 1014 etiam
738 963 771 1014 ab
785 967 861 1016 irato.
876 967 927 1020 Sed
943 989 991 1025 nec
1004 977 1102 1046 video,

73 1055 155 1106 quare
163 1039 280 1110 praviter
290 1051 432 1090 commotus
444 1039 476 1091 de
490 1041 563 1110 gravi
575 1057 605 1092 ae
617 1039 769 1094 vehemente
779 1044 834 1107 ira,
846 1061 899 1113 qua
909 1051 1104 1124 exardesceret,

73 1127 212 1185 acceptum
222 1119 263 1166 sit.
274 1113 320 1167 Est
329 1119 399 1168 enim
407 1116 472 1168 nihil
483 1117 555 1168 aliud
568 1137 663 1187 quam,
685 1121 757 1190 quod
772 1121 910 1191 Neptunus
921 1163 928 1190 ‚
948 1147 1007 1181 cum
1020 1147 1106 1189 ortam

72 1195 177 1259 subito,
196 1197 288 1266 ignota
303 1197 335 1248 de
359 1215 451 1248 caussa
462 1235 470 1260 ,
490 1209 671 1268 tempestatem
690 1203 830 1268 sensisset,
849 1205 886 1255 rei
908 1209 1035 1262 miraculo
1050 1225 1106 1266 tur.

71 1275 160 1326 batur.
178 1273 226 1326 Est
244 1275 411 1328 Homericum
428 1277 564 1341 συγχυθείς.
585 1279 670 1329 Effert
689 1281 778 1349 itaque
797 1294 877 1352 caput
897 1302 990 1353 suum,
1009 1293 1083 1346 vultu
1094 1335 1105 1357 ,

73 1371 127 1423 quo
156 1371 212 1406 esse
234 1355 319 1418 solet,
336 1353 461 1426 placido,
484 1357 530 1426 qui
553 1355 595 1407 dei
622 1375 678 1408 esse
706 1357 780 1409 solet.
808 1361 895 1411 Aliam
913 1363 1106 1424 dubitationem

73 1433 162 1484 facere
172 1433 274 1502 possit,
294 1433 367 1502 quod
379 1435 496 1502 Neptuni
508 1445 533 1484 et
554 1436 655 1485 animus
674 1446 699 1485 et
713 1453 742 1484 os
757 1449 835 1508 atque
854 1440 958 1507 vultus,
977 1449 1106 1517 mytholo-

73 1531 168 1582 gorum
188 1529 219 1566 ac
237 1525 376 1583 poetarum
397 1531 539 1578 consensu,
556 1514 648 1584 paullo
672 1517 788 1582 tristior,
806 1518 993 1596 iracundusqt
1016 1537 1106 1580 torvus

73 1589 227 1660 edribetur,
250 1592 370 1662 adeoque
382 1590 517 1662 placidum
529 1603 610 1662 caput
627 1594 651 1642 ei
669 1605 762 1662 praeter
772 1606 894 1646 naturam
903 1600 983 1651 tribui
993 1603 1105 1657 ridetur.

74 1669 161 1720 Multa
177 1669 221 1720 hic
239 1669 292 1720 dici
315 1682 442 1740 possunt;
455 1671 556 1720 namin
576 1669 673 1720 talibus
683 1671 810 1736 disertum
819 1691 850 1723 ac
867 1671 973 1726 doctum
986 1697 1108 1735 essenon

76 1748 145 1800 adeo
165 1749 275 1802 difficile
295 1763 350 1811 est3
374 1748 421 1800 sed
439 1751 488 1800 etsi
504 1749 621 1818 Neptuni
632 1751 766 1821 ingenium
784 1764 810 1803 et
824 1769 853 1802 os
872 1749 898 1804 ri
910 1758 1022 1822 μιιλίχιογ
1035 1761 1107 1815 Jovis

74 1848 131 1882 non
142 1847 247 1901 semper
254 1829 352 1882 habere
364 1827 441 1894 solet,
453 1843 542 1880 tamen
553 1831 604 1880 ista
613 1828 702 1899 vultus
714 1833 828 1896 tristitia,
843 1851 895 1903 qua
905 1853 920 1884 a
930 1836 995 1889 Jove
1008 1839 1108 1894 discer.

75 1913 160 1975 nitur,
173 1929 228 1960 non
238 1909 271 1961 nd
284 1911 350 1961 irum
362 1929 392 1962 ec
403 1910 520 1960 furorem
535 1909 661 1979 assurgit;
674 1908 721 1960 sed
733 1923 772 1961 est
783 1910 869 1962 vultus
881 1916 1014 1981 severitas,
1024 1899 1109 1974 lrarba

74 1989 168 2060 paullo
178 1989 337 2060 hispidiore,
350 2005 426 2040 coma
435 1991 521 2039 minus
534 2001 637 2052 comta,
646 1991 734 2040 fronte
745 2003 890 2042 contracta.
904 1992 931 2043 si
944 2009 1031 2048 autem
1043 2019 1108 2068 poe·

75 2083 165 2121 tarum
185 2069 246 2121 loca
264 2082 337 2135 sunt,
350 2072 377 2120 in
390 2069 486 2139 quibus
509 2070 561 2119 oris
580 2069 738 2121 truculentia
755 2083 799 2122 aut
811 2073 1004 2127 animi'saevitia
1017 2081 1108 2148 paullo

75 2153 207 2222 insignior
227 2153 251 2204 ei
268 2152 411 2216 tribuitur,
429 2147 571 2201 videndum
583 2185 591 2213 ,
605 2167 638 2200 an
656 2161 737 2219 poeta
754 2164 807 2200 uon
819 2153 907 2220 potius
921 2157 1016 2218 maris,
1034 2162 1108 2227 cujus
1168 2150 1171 2164 ¹

75 2229 218 2299 imperium
231 2229 295 2282 deus
306 2223 402 2293 habet,
417 2229 552 2300 ingenium
563 2230 722 2298 respexerit;
735 2231 803 2279 utin
817 2229 863 2279 illo
878 2253 884 2281 :
903 2233 1004 2303 mirque
1016 2235 1109 2286 imma-

76 2308 138 2358 nior
157 2307 243 2358 undis.
262 2307 394 2358 Hactenus
414 2307 448 2359 ad
467 2322 618 2358 communes
639 2308 757 2382 rationes
776 2324 792 2357 a
807 2325 849 2359 me
861 2307 1023 2378 disputatum
1043 2328 1107 2367 erat.

76 2387 155 2438 Nunc
172 2386 239 2439 illud
253 2385 384 2439 monebo:
403 2402 507 2438 omnem
530 2385 713 2439 difficultatem
733 2386 863 2438 sublatam
882 2406 938 2442 esse
959 2391 1109 2464 interpunc-

78 2468 150 2518 tione
167 2477 277 2518 mutata.
291 2485 315 2517 v.
332 2465 480 2539 Var3Leet.
497 2464 569 2516 adv.
588 2465 644 2516 126.

529 2637 669 2664 κυμ-

358 2761 889 2855 EXCURSUSNL·

145 2924 166 2944 ²
176 2942 231 3008 De
242 2943 309 3006 loco
324 2941 422 3004 litoris
435 2937 571 3028 Libyca,
581 2937 629 3003 ad
640 2959 734 3027 quem
746 2937 871 3004 AEnens
882 2944 1014 3027 appulit.

116 3103 145 3167 1,
171 3059 324 3168 ¹59⁸:qu
343 3095 389 3147 Est
410 3096 437 3147 in
461 3114 554 3148 secessu
582 3093 659 3167 louqo
682 3096 759 3148 locus.
783 3094 873 3147 Insula
893 3107 998 3167 portum
1022 3099 1116 3173 Efficit

10 3207 11 3212 ¹
81 3183 186 3253 objectu
199 3177 325 3243 laterum,
342 3175 435 3248 quibus
447 3176 530 3228 omnis
550 3176 582 3226 ab
596 3173 649 3226 alto
670 3176 827 3246 Frunqitur,
844 3176 924 3248 inque
938 3178 1116 3234 sinusscindit

80 3279 132 3314 sese
145 3259 218 3310 unda
233 3257 352 3308 reductos.
373 3256 445 3306 Hinc
460 3265 538 3326 atque
560 3251 621 3305 dinc
639 3265 713 3305 vustae
730 3269 803 3324 rupes
818 3254 969 3326 peminique
981 3257 1117 3310 minantur

81 3341 116 3390 In
128 3335 225 3390 coelum
237 3329 354 3406 scopuli.-
371 3351 482 3406 quorum
501 3333 546 3384 sub
558 3331 651 3383 vertice
668 3330 720 3382 late
734 3329 852 3403 AEquora
869 3341 924 3380 tuta
939 3331 1022 3384 silent.
1047 3336 1115 3387 Tum

80 3415 156 3470 siluis
166 3431 242 3468 scena
254 3413 361 3464 coruscis
370 3414 502 3482 Desuper,
516 3411 680 3482 horrentique
689 3421 775 3461 atrum
786 3427 874 3462 nemus
887 3411 1114 3468 imminetumbru
1154 3471 1155 3476 ,
1236 3419 1239 3426 ¹

80 3499 181 3548 Fronte
198 3495 245 3546 sub
263 3494 367 3545 adversa
382 3489 493 3563 scopulis
508 3491 678 3561 pendentibus
693 3501 818 3541 nntnrm:
838 3491 911 3541 Intus
925 3509 999 3564 aque
1012 3493 1098 3546 dukes
1106 3535 1116 3563 ,

82 3577 199 3647 vivoque
224 3571 315 3625 sedilia
332 3590 409 3632 saxo;
429 3569 613 3642 Nympharum
639 3572 735 3622 domus.
763 3567 817 3620 Hic
834 3569 915 3638 fessas
937 3569 988 3622 n‘dn
1012 3573 1118 3626 vincula

82 3653 162 3708 nauis
177 3650 238 3705 Utta
257 3661 359 3714 'tenent;
381 3669 447 3702 unco
460 3668 512 3701 non
524 3648 625 3721 adliqat
635 3667 730 3700 ancum
742 3664 835 3700 morsu.
858 3648 923 3699 Cum
935 3649 967 3700 de
983 3649 1033 3701 hac
1048 3652 1117 3718 lori,

83 3733 122 3785 ad
136 3750 216 3802 quem
226 3732 321 3782 AEneas
334 3730 482 3801 appulerit,
495 3727 711 3798 descriptionem
724 3726 839 3778 diversas
852 3727 964 3778 abierint
976 3732 1117 3782 sententias

74 3815 263 3883 interpretes,
291 3824 317 3862 et
335 3811 417 3862 iacies
440 3810 559 3860 locorum
578 3810 684 3858 omnino
704 3825 759 3864 non
783 3806 867 3859 libero
893 3809 954 3857 satis
977 3821 1119 3876 prospectu

84 3892 172 3943 menti
186 3907 214 3941 se
238 3890 335 3939 offerat
353 3911 358 3938 :
375 3889 521 3940 accuratius
540 3887 574 3938 de
586 3904 618 3938 ea
629 3886 693 3937 mihi
705 3888 753 3938 erit
766 3887 904 3956 agendum.
923 3888 1121 3953 Interpretatio·

84 3989 152 4020 nem
169 3970 359 4022 sententiarum
379 3967 541 4040 singularum
554 3969 610 4035 Jam
626 3983 707 4036 supra
726 3969 847 4036 apposui.
860 3965 966 4016 Summa
977 3962 1118 4018 erathaec:
1136 4004 1138 4007 .

10 4063 11 4090 1
83 4050 136 4098 list
154 4047 181 4098 in
199 4046 250 4099 liae
270 4047 355 4097 litoris
370 4047 461 4119 Libyci
478 4059 552 4118 parte
573 4046 648 4098 locus
668 4047 696 4096 in
712 4048 797 4096 sinum
816 4057 954 4105 curvatus,
972 4044 1016 4093 cui
1035 4040 1122 4095 insula

909 4146 946 4179 12.
