2718 4598
396 284 461 348 sn
485 285 686 351 ernnust
708 290 757 352 ιι.
907 261 909 264 ’
1034 255 1097 367 353

94 405 136 458 Ad
152 407 287 476 poeticum
298 417 386 457 tamen
404 419 527 478 ornatum
545 409 680 482 animique
691 413 818 466 affectum
831 414 1010 472 dulcissimum
1022 441 1098 476 coms

58 497 184 557 paratum
201 500 240 537 est
259 486 379 555 inprimis
392 484 477 549 illud,
492 487 566 556 quod
585 507 634 558 per
644 486 744 548 medias
755 490 872 546 flammas
886 498 981 549 AEneas
997 479 1116 569 patrem¹

58 563 177 616 humeris
190 577 342 636 susceptum
354 581 415 614 cum
428 563 478 616 diis
494 569 589 636 patriis
608 569 675 622 urbe
687 584 767 640 capta
778 574 866 627 effert.
885 577 978 646 Itaque
995 581 1028 629 in
1039 601 1098 634 eam

58 659 117 692 rem
127 645 248 694 certatim
262 655 346 713 poetas
358 642 524 708 involarunt,
537 663 648 716 eamque
661 649 772 708 mirifica
780 653 907 712 varietate
928 674 1097 712 exornarunt.

56 719 110 771 Sed
129 720 190 772 ioca
203 721 238 772 ad
253 719 447 772 observantium
467 741 542 793 seque
564 737 643 796 atque
663 726 697 780 ad
713 729 912 802 intelligendum
930 734 1009 787 obvia
1027 752 1098 792 suns,

55 801 96 852 Ex
115 803 309 872 antiquioribus
328 802 467 874 Sophoclis
480 804 570 858 locum
582 826 614 859 ex
631 809 786 868 Laocoonte
798 814 854 880 jam
870 830 952 885 supra
962 817 1096 876 vidimus:
1155 839 1158 846 ·

57 880 128 932 adde
143 881 274 952 Lycophr.
293 883 362 949 1264
371 899 430 953 sqq.

91 959 123 1008 In
133 960 322 1030 Disquisitione
341 961 421 1019 modo
436 960 509 1014 dicta
523 963 555 1014 de
567 964 726 1020 inventionis
743 965 821 1020 laude
842 988 929 1022 rerum
945 972 972 1023 in
984 974 1098 1026 AEncide

57 1047 229 1090 tractatarum
249 1057 270 1090 s.
291 1041 336 1098 111.
346 1042 446 1098 famam
464 1043 581 1114 aliquam
596 1059 744 1116 ⁴acceptam
762 1047 796 1100 de
816 1069 898 1124 regno
919 1053 951 1104 ab
964 1055 1050 1106 AEnea
1069 1058 1098 1108 in

56 1117 164 1174 Troade
182 1119 290 1176 condito
308 1121 422 1192 viguisse
439 1120 570 1180 vidimus:
589 1143 639 1194 pro
657 1125 762 1178 Troade
781 1128 826 1179 alii
837 1148 948 1202 regnum
964 1133 1050 1185 AEneae
1070 1135 1098 1185 in

57 1198 159 1268 Epiro,
176 1199 205 1252 in
214 1198 365 1253 Phthiotide
378 1199 536 1268 Thessaliae,
549 1203 594 1258 aiii
604 1205 632 1256 in
647 1204 724 1260 Italia
736 1210 936 1266 constituerunt.
948 1210 1098 1273 Traductus

56 1273 145 1327 honos
157 1289 197 1328 est
212 1276 246 1329 ab
261 1277 319 1336 aliis
337 1278 367 1336 ¹io
381 1280 533 1351 proqeot'em
545 1284 637 1334 AEneae
648 1305 655 1332 .·
667 1303 728 1338 nam
743 1285 887 1344 Ascanium
898 1307 960 1348 cum
973 1288 1100 1346 Scaman-

55 1356 116 1409 dsio
135 1359 256 1410 Hectoris
270 1360 289 1410 f.
300 1358 413 1430 ,Scepsin
423 1363 555 1426 tenuisse,
567 1376 593 1415 et
611 1377 753 1436 utramque
772 1367 901 1421 familiam
919 1369 965 1420 diu
985 1371 1057 1441 apud
1069 1391 1097 1425 se
1114 1413 1115 1426 ,

55 1455 181 1508 regnasse
187 1437 291 1510 Scepsii
310 1439 522 1506 contendebant,
533 1453 562 1498 ut
575 1460 605 1493 ex
619 1442 749 1498 Strabone
763 1447 877 1518 x111,p.
892 1449 942 1519 607
953 1448 1027 1524 (904)
1041 1452 1097 1504 dis-

55 1519 149 1569 cimus.
161 1519 310 1576 Demetrius
320 1519 442 1590 Scepsius
452 1522 624 1578 AEneeetiam
641 1527 739 1596 regiam
755 1527 783 1578 in
793 1545 825 1578 ea
838 1528 905 1580 urbe
918 1523 999 1582 fuisse
1015 1532 1098 1586 tradi·

55 1595 142 1670 derat.
165 1599 200 1649 At
213 1598 326 1658 eandem
345 1600 457 1671 gloriam
473 1599 508 1650 ad
523 1617 551 1651 se
566 1600 708 1655 trahebant
725 1603 855 1676 Phryges,
869 1609 914 1675 qui
927 1626 1019 1678 agrum
1030 1610 1098 1666 Das·

54 1676 203 1747 cylitieum,
224 1679 252 1733 in
272 1697 325 1749 quo
347 1679 421 1731 lacus
440 1666 569 1738 Ascanius
579 1694 639 1746 ¹est,
653 1683 822 1744 incolebam
845 1685 952 1736 aiebant
972 1688 1040 1748 enim
1057 1688 1097 1740 illi

54 1756 200 1814 Ascanium
211 1760 364 1814 arcessitum
379 1759 452 1830 apud
463 1777 491 1812 se
505 1779 647 1832 regnasse,
660 1780 773 1836 eumque
785 1764 876 1832 paullo
894 1776 956 1835 post
973 1763 1098 1818 Scaman-

55 1835 146 1887 drium
162 1848 188 1888 et
205 1849 306 1890 ceteros
318 1838 494 1906 Hectoridas,
515 1842 561 1910 qui
579 1859 594 1892 a
613 1842 790 1912 Neoptolemo
809 1862 823 1893 e
839 1843 939 1897 Graecia
951 1843 1051 1898 dimissi
1064 1845 1099 1898 ad

55 1917 145 1987 ipsum
157 1917 346 1988 confugerant,
356 1920 383 1968 in
393 1921 508 1988 patriam
520 1919 611 1977 sedem
621 1920 645 1970 ¹'1'
646 1924 821 1992 rojanumque
833 1941 943 1994 regnum
953 1923 1097 1987 reduxisses

54 1996 96 2047 ita
104 2013 136 2047 ex
146 1994 284 2046 Helianico
295 1997 437 2068 Dionysius
449 1999 475 2063 1,
487 1999 532 2067 47,
546 1998 617 2050 unde
629 2002 735 2070 petiisse
745 2000 881 2070 putandus
890 2002 1018 2073 Pompon.
1036 2002 1098 2056 sab.

55 2094 88 2126 ac
104 2075 163 2126 AEn.
179 2075 230 2139 111,
245 2091 283 2144 17.
301 2076 363 2126 Non
375 2075 520 2127 admodum
535 2075 637 2128 diverse
649 2091 757 2134 narrata
771 2079 826 2131 hsce
835 2079 925 2132 videas
941 2099 983 2151 ap.
995 2081 1098 2136 Conon.

53 2165 156 2206 narrat.
176 2155 227 2222 46,
241 2157 287 2224 qui
298 2155 408 2222 AEneam
425 2157 463 2206 ait
472 2167 552 2225 capta
565 2156 647 2226 Troja
660 2159 797 2208 secessisse
810 2158 837 2208 in
848 2156 941 2219 ldam3
961 2177 1022 2211 cum
1034 2179 1099 2212 vero

52 2235 243 2291 Scamandrius
254 2235 408 2306 ettfflynius
420 2236 517 2288 Priami
534 2233 608 2294 filiis
630 2236 732 2308 Lydia,
747 2255 801 2307 quo
814 2239 903 2290 emissi
915 2240 1038 2306 fuerant,
1056 2260 1099 2294 re-

53 2316 166 2373 diissent
179 2327 206 2371 et
217 2317 307 2372 omnia
316 2317 390 2366 circa
403 2314 480 2365 Ilium
491 2313 552 2366 loca
564 2315 615 2369 sibi
624 2315 805 2382 vindicarent,
818 2318 929 2369 Veneris
947 2319 1023 2387 jussu
1036 2337 1097 2374 eum

54 2395 218 2448 discessisse.
237 2397 371 2451 Uttamen
386 2392 457 2446 idem
469 2393 563 2450 Conon
575 2413 632 2450 nar,
645 2396 702 2446 XLI
711 2409 815 2464 narrat,
827 2397 956 2449 Ascanius
968 2400 996 2449 in
1008 2412 1098 2450 monte

53 2476 104 2529 Ida
115 2494 224 2548 regnum
236 2475 376 2530 retinuisse
398 2472 504 2525 videtur
517 2496 523 2524 ε
536 2473 609 2544 quod
621 2486 647 2526 et
658 2476 745 2544 ipsum
765 2476 800 2527 ad
815 2475 938 2546 Scepsin,
958 2479 1057 2554 quippe
1069 2479 1098 2535 in

52 2555 107 2614 ldae
120 2555 341 2626 ineptissisitam,
353 2567 474 2626 spectare
486 2566 582 2625 potest.
595 2553 695 2610 Contra
707 2554 853 2607 secundum
865 2575 919 2623 eos,
931 2575 998 2628 quos
1007 2559 1098 2630 Dictys

53 2637 102 2690 tib.
116 2637 140 2690 V
152 2650 215 2692 extr.
224 2637 361 2706 sequitur,
374 2655 485 2708 regnum
496 2637 654 2717 Trojanuln,
667 2655 699 2688 ex
709 2650 789 2706 pacto
803 2638 932 2694 Antenori
940 2635 980 2699 ab,
990 2637 1097 2696 Achivis

54 2734 226 2780 concessum,
240 2734 301 2768 mox
312 2718 364 2768 fuit
382 2716 416 2768 ab
430 2718 514 2769 AEnea
532 2729 676 2780 tentatum,
690 2715 737 2770 sed
753 2717 860 2768 frustra.
873 2717 993 2774 Tandem
1005 2735 1098 2770 secun-

8 2857 10 2864 ,
54 2797 120 2847 dum
128 2793 252 2852 ,Servium
260 2795 295 2848 ad
304 2795 362 2846 AEn.
375 2797 420 2860 IX,
430 2796 481 2870 ‚²⁶4
490 2819 496 2847 :
510 2794 645 2864 «Quidam
653 2795 687 2848 ab
695 2795 808 2861 Abante,
818 2797 863 2872 qui
872 2795 969 2848 Troica
981 2797 1096 2868 scripsit,

54 2877 170 2930 relatum
177 2877 276 2940 ferum,
285 2889 346 2946 post
356 2875 501 2929 discessum
513 2877 783 2947 aTrojaGraecorum,
796 2877 948 2947 Astyanacti
959 2877 997 2927 ibi
1005 2877 1097 2929 datum

54 2973 180 3027 regnum3
189 2954 265 3011 *hunc
278 2955 311 3006 ab
322 2955 456 3006 Antenore
469 2955 617 3029 expulsum,
626 2958 732 3014 sociaris
744 2954 795 3006 sibi
807 2953 922 3006 finitimis
935 2956 1096 3020 civitatibus,

54 3039 126 3106 inter
139 3054 204 3107 quas
217 3047 244 3088 et
255 3034 352 3085 Arisba
363 3036 426 3095 fuit,
444 3036 553 3087 AEneam
566 3035 618 3086 hoc
631 3028 698 3107 agre
712 3034 817 3100 tulisse,
834 3048 861 3088 et
872 3053 922 3105 pro
938 3035 1097 3106 Astyanacte

54 3133 132 3166 arma
143 3115 259 3184 cepisse,
275 3131 322 3176 ae,
335 3129 462 3182 prospere
478 3126 552 3183 gesta
563 3133 606 3178 ro,
621 3115 776 3184 Astyanacti
789 3115 934 3166 restituisse
946 3128 1064 3184 regnum.
1082 3137 1094 3162 »s

90 3196 178 3266 Quam
191 3193 309 3248 diversas
321 3193 537 3263 poetarumolim
549 3204 633 3248 sectas
647 3194 745 3258 fuisse,
759 3212 838 3264 quam
850 3191 969 3246 diuersos
979 3191 1097 3261 ejusdem

54 3275 214 3347 argumenti.
229 3272 361 3326 tractandi
381 3272 494 3337 modos,
515 3273 664 3333 existimes,
685 3273 707 3322 si
728 3273 839 3336 audias,
860 3273 889 3325 in
910 3268 991 3324 Iliade
1013 3289 1098 3341 parva

53 3357 168 3409 AEneant
183 3365 292 3425 captum
310 3371 371 3406 cum
386 3351 572 3412 Andromache
590 3372 605 3404 a
621 3350 797 3422 Neoptolemo
815 3350 938 3405 Phthiam
952 3350 1098 3406 abductum

53 3437 154 3488 fuisse!
168 3435 266 3486 Versus
278 3435 350 3512 ipsos
360 3433 451 3486 Tzetza
464 3432 498 3484 ad
507 3431 636 3505 Lycophr.
651 3430 716 3484 1263
729 3432 823 3486 affert:
836 3431 885 3482 etsi
895 3428 947 3481 hoc
959 3431 1029 3482 idem
1041 3451 1097 3487 nen

53 3517 89 3568 de
102 3518 186 3568 AEnea
197 3515 245 3568 sed
256 3515 290 3567 de
308 3513 481 3568 Scamandrio
498 3514 609 3584 aliisque
625 3503 775 3565 Hectoridis
791 3509 918 3566 traditum
930 3529 946 3562 a
961 3512 1096 3567 nonnullis

52 3596 165 3665 Dionys.
182 3596 209 3657 1,
226 3593 259 3663 47
272 3604 409 3650 memorat,
428 3591 616 3646 Habettamen
635 3604 661 3643 et
674 3594 763 3664 Dictys
776 3592 808 3656 V,
833 3591 879 3655 16,
892 3607 970 3660 quem
989 3590 1057 3646 adeo
1070 3603 1097 3642 et

52 3673 108 3725 boc
121 3691 139 3724 a
149 3671 248 3727 besche
264 3673 387 3742 petiisse,
401 3690 431 3723 ex
442 3670 497 3742 hoc¹
507 3673 565 3742 ipso
578 3684 700 3723 constare
712 3669 824 3726 videtur·
840 3671 874 3722 At
890 3687 953 3722 veto
965 3672 993 3720 in
1006 3669 1094 3722 schol.

52 3752 131 3807 lliad.
150 3773 177 3813 s,
194 3751 246 3822 459
258 3751 332 3806 nullo
345 3753 468 3823 apposito
484 3766 592 3803 auctore
607 3763 758 3807 narratum:
771 3749 888 3805 AEneads
905 3751 970 3802 urbe
987 3750 1097 3803 condita

53 3829 156 3902 (AErtt'o
169 3831 198 3882 in
209 3829 336 3903 Pallene)
348 3831 430 3882 filium
447 3833 518 3901 patri
530 3832 697 3901 superstitem
716 3832 743 3882 in
761 3831 876 3901 patriam
888 3826 1013 3893 rediisse,
1033 3827 1095 3878 inde

55 3913 200 3981 assumptis
217 3911 362 3978 colonisin
380 3911 482 3964 ltaliam
501 3910 651 3963 discessisse
669 3908 711 3978 (v.
731 3912 820 3964 locum
838 3910 886 3962 tuf.
903 3906 1011 3962 Excurs.
1028 3909 1039 3959 1
1060 3905 1095 3956 ad

54 3989 102 4041 lib.
117 3990 153 4039 ΙΙΙ
162 4026 171 4052 ,
184 3988 231 4041 ubi
242 3988 276 4043 de
287 3990 373 4044 dinsa
386 4007 494 4045 accessu
504 3987 539 4044 ad
550 3990 673 4046 Pallenen
681 3990 700 4061 l

130 4093 156 4130 a.
887 4073 919 4126 23
978 4115 980 4119 .
