2724 4580
295 311 353 388 124
534 305 568 371 Ρ.
593 307 820 372 vinetnn
843 307 1070 374 Manonts
1140 333 1142 340 v

333 431 440 492 Lucus
452 429 486 490 in
498 429 578 492 urhe
591 431 653 493 fuit
665 429 785 516 media,
799 431 981 494 laetissimus
994 431 1130 508 umbrae,

289 535 362 614 Quo
374 533 529 619 primum,
539 533 650 622 jactati
661 534 757 598 undis
771 552 802 599 et
814 535 958 615 turbine,
973 537 1063 607 Poeni

289 634 445 712 Effodere
457 638 529 702 loco
541 639 683 725 signum,
698 639 787 726 quod
799 640 886 726 regia
896 641 984 704 luno

288 745 497 821 Monstrarat,
511 759 608 830 caput
619 745 700 832 acris
714 745 808 831 equi;
821 745 866 808 sic
879 768 954 808 nam
966 745 1036 808 fore
1047 744 1135 808 hello

289 847 473 934 Egregiam,
488 864 520 910 et
531 849 659 912 facilem
671 849 759 912 victu
771 872 830 935 per
842 849 957 914 saecula
969 866 1108 936 gentem.

289 955 352 1017 H‘ic
363 953 523 1040 templum
534 957 656 1021 lunoni
670 957 783 1042 ingens
795 955 927 1020 Sidonia
939 955 1025 1019 Dido

289 1058 470 1139 Condebat,
484 1059 578 1132 donis
591 1060 783 1148 opulentum
797 1077 829 1125 et
840 1061 974 1124 numine
987 1060 1069 1124 divae
1080 1083 1090 1132 :¹
1106 1126 1108 1137 Α

1231 855 1320 914 ‚te
1357 877 1358 918 3

319 1206 371 1264 441.
395 1208 479 1253 umbre
498 1221 607 1272 tanquam
623 1213 757 1272 exquisitius
774 1213 862 1272 recepit
881 1221 904 1256 et
923 1210 990 1255 docte
1011 1209 1132 1254 illustravit
1154 1208 1233 1252 Heins.
1251 1206 1321 1252 Adde

288 1279 415 1324 Marcland.
428 1283 468 1342 Ep.
481 1283 531 1326 crit.
549 1297 572 1343 p.
588 1295 637 1326 121.
650 1282 694 1327 Vel
705 1282 775 1327 Probi
786 1284 908 1327 auctoritas
920 1283 945 1326 in
955 1282 1085 1335 Susianis,
1098 1289 1121 1324 et
1131 1279 1200 1322 latius
1210 1281 1233 1322 in
1246 1279 1319 1322 Pom-

273 1351 359 1412 xpenio
369 1350 467 1406 Sabino,
479 1353 532 1395 satis
544 1362 593 1395 erat
603 1354 691 1412 gravis;
704 1351 827 1397 accedebat
837 1351 914 1396 Codex
930 1349 1041 1395 Montalh.
1055 1359 1077 1394 et
1088 1350 1148 1392 inter
1159 1347 1236 1391 Burm.
1246 1345 1326 1412 codd·v

287 1420 362 1478 Bigot.
376 1429 398 1463 et
410 1430 461 1488 tert,¹
472 1419 566 1466 Mentel.
580 1436 632 1465 am.
644 1437 689 1466 sec.
699 1421 775 1482 Vulgo
787 1415 966 1475 umbre-443.
977 1419 1075 1481 effindere
1087 1419 1167 1462 vitiose
1176 1418 1229 1460 Exc.
1239 1415 1317 1458 Burm-

289 1485 361 1532 loeum
377 1491 438 1551 sigim
455 1489 491 1534 ed.
504 1492 563 1535 Ven.
582 1506 618 1552 ap.
630 1491 738 1538 Maittair.
757 1507 801 1552 quo
811 1507 831 1534 r.
847 1493 869 1534 J.
887 1489 952 1534 Leid.
965 1501 988 1534 et
998 1489 1063 1532 Voss.
1073 1485 1164 1542 —0444-
1176 1481 1320 1529 Monstrabat

207 1559 209 1564 ’
288 1557 348 1601 Gud.
362 1558 785 1606 Zulich.'Graev.monstravitMontalb.
799 1572 821 1605 et
833 1561 913 1604 Hamb.
924 1559 989 1604 alter.
1002 1554 1222 1613 monstraretfragm.
1232 1553 1318 1596 Moret.

288 1631 372 1692 sagnam
383 1631 390 1688 (
400 1646 426 1676 ex
435 1636 466 1677 sic
476 1634 542 1690 nem)
553 1645 575 1677 et
584 1633 613 1676 ab
625 1632 662 1676 alt.
673 1647 743 1678 manu
755 1635 841 1694 signum
854 1632 953 1676 Gudian.
963 1633 1049 1692 signum
1060 1641 1105 1670 tres
1114 1625 1143 1670 al.
1156 1641 1193 1684 ap.
1205 1626 1280 1668 Burm.
1295 1633 1319 1666 et

287 1701 334 1760 jam
346 1715 375 1761 ap
390 1703 498 1746 Pierium.
509 1727 540 1738 κ
549 1701 602 1757 445.
615 1701 709 1764 facilem
719 1705 790 1746 vectus
806 1703 867 1762 conj.
887 1700 942 1744 olim
956 1701 1033 1742 Burin.
1046 1695 1075 1740 ad
1086 1693 1137 1738 Val.
1152 1692 1185 1737 Fl.
1198 1695 1243 1748 vl,
1260 1692 1318 1744 323,

288 1769 329 1815 sed
340 1774 398 1814 et'ctu
410 1773 492 1818 eodem
503 1787 572 1818 sensu
583 1776 656 1835 accipi
666 1788 732 1833 posse
745 1772 774 1818 ad
785 1771 809 1816 h,
821 1771 837 1813 l.
850 1773 942 1814 fatetur.
955 1770 1018 1812 Esset
1030 1763 1213 1810 tamen-alterum
1225 1762 1319 1824 elegan-

287 1841 340 1889 tius.
354 1841 456 1888 Turbae⁴
468 1843 497 1887 de
509 1843 593 1904 quibus
603 1846 628 1887 in
638 1845 691 1888 Ere.
704 1843 733 1887 ad
745 1843 768 1885 h.
779 1856 800 1884 v.
813 1842 861 1900 egi,
871 1840 926 1884 fecit
935 1841 960 1884 in
969 1838 1012 1883 liae
1021 1837 1105 1890 forma,
1115 1834 1179 1897 quod
1189 1846 1318 1895 permutata

287 1907 333 1954 fuit
343 1925 396 1954 cum
406 1909 475 1956 altera
485 1911 537 1965 illa,
548 1911 692 1974 quasiseeilfs
701 1913 760 1954 vectu
771 1921 829 1954 esset
841 1908 926 1954 dictum
938 1923 963 1952 ac
967 1905 1044 1969 facilis
1055 1908 1117 1959 visu,
1127 1905 1214 1958 auditu,
1222 1909 1317 1968 cognitu.

288 1975 384 2022 ductum
395 1994 488 2040 quoque
500 1979 559 2024 illud
578 1980 648 2024 modo
662 1997 674 2024 a
684 1983 768 2033 vivere,
777 1978 846 2023 modo
856 1995 868 2022 a
884 1981 988 2022 vincere:
999 1976 1061 2021 unde
1071 1975 1115 2020 fuit
1126 1977 1160 2019 vir
1170 1975 1252 2020 doctus
1260 2009 1266 2030 ,
1275 1976 1318 2036 qui

289 2043 444 2109 leudsacilem
451 2052 510 2094 victu
519 2053 650 2112 corrigeret.
664 2050 708 2096 Sed
719 2047 858 2112 vt'rtusacils's
868 2048 1000 2094 ducendum
1010 2058 1058 2092 erat
1066 2062 1093 2090 ex
1104 2043 1262 2107 va'ctusfucilis.
1272 2046 1318 2103 Qui

287 2117 374 2164 victum
385 2117 455 2164 habet
466 2119 571 2174 facilem,
583 2123 602 2166 is
611 2125 670 2166 vtem
675 2119 743 2184 facili
750 2135 797 2165 esse
804 2154 812 2174 ,
820 2131 842 2165 et
852 2120 987 2181 exquisitius
990 2114 1067 2179 facilis
1079 2119 1138 2160 vete
1148 2115 1186 2160 vel
1196 2119 1267 2159 rienes
1279 2114 1319 2158 di-

288 2189 355 2236 citur.
368 2187 428 2234 Gens
439 2193 508 2234 victui
508 2189 585 2253 facilis
595 2193 678 2238 iterum
690 2192 806 2238 diversum
817 2190 874 2253 quid
887 2189 1031 2250 designaret,
1043 2199 1069 2232 ut
1081 2185 1118 2232 vel
1130 2185 1235 2247 exemplo
1246 2183 1320 2230 intel·

288 2253 358 2318 ligas:
370 2273 423 2321 ager
431 2263 507 2322 pecori
509 2259 588 2322 facilis
592 2295 600 2317 ,
612 2265 652 2324 qui
664 2261 780 2324 preclaris
790 2263 836 2308 suis
848 2262 938 2323 pascuis
946 2273 1018 2320 pecus
1026 2255 1092 2302 facile
1105 2253 1152 2300 alit.

323 2391 383 2458 441.
397 2395 522 2448 Praeclare
534 2410 614 2468 poeta
630 2398 682 2450 hoc
699 2399 778 2458 ador-

288 2471 376 2535 navit,
397 2484 426 2520 ut
446 2476 522 2540 epica
545 2476 657 2546 dignitas
683 2479 779 2529 inesset

290 2547 424 2612 omnibus,
436 2551 507 2618 quod
517 2553 646 2605 Didonem
657 2557 779 2606 convenit

288 2628 382 2692 AEneas
406 2631 433 2678 in
450 2631 547 2700 templo
566 2633 599 2682 ad
622 2633 694 2702 quod
718 2653 778 2684 eum

288 2707 331 2755 via
343 2707 401 2774 ipsa
412 2707 534 2770 duxerat3
548 2714 639 2782 regina
652 2726 738 2764 autem
750 2715 777 2763 in

289 2786 777 2858 ejusvestibuloprotribunalisedens‚

287 2869 394 2938 negotia
409 2869 517 2938 publica
533 2885 616 2922 curat.
638 2873 778 2942 Templum

288 2945 316 2995 in
323 2946 383 3008 luco
394 2948 542 3014 conditum,
553 2965 585 3002 ex
593 2963 680 3003 vetere
690 2970 776 3013 rnore3

289 3025 433 3095 etquidem
445 3047 474 3078 eo
488 3029 515 3080 in
526 3029 598 3094 loco,
612 3051 663 3102 quo
674 3041 780 3102 porten—
801 3053 803 3060 ’

288 3115 343 3154 tum
355 3123 383 3156 se
395 3106 527 3158 obtulerat
541 3121 638 3161 terram
654 3111 779 3161 fodienti·
801 3125 804 3130 ·

287 3183 353 3247 bus,
371 3199 450 3254 caput
466 3190 607 3256 equinum,
622 3207 670 3258 pro
691 3190 778 3238 omine
801 3211 804 3218 ·

803 3277 805 3280 “
827 3264 982 3316 utensilibus
989 3276 1098 3332 totoque
1107 3273 1319 3330 apparatusacro

288 3275 433 3332 acceptum.
447 3265 545 3332 -443.
562 3266 687 3337 Signum,
701 3283 778 3315 omen

282 3343 439 3412 intelligam.
455 3343 673 3412 Ostentantcaput
684 3343 778 3412 effossa

270 3419 380 3492 ¹tellure
398 3433 526 3490 repertum
544 3420 681 3472 Bellatores
697 3422 760 3492 equi
768 3459 776 3484 ,

287 3507 365 3567 etque
388 3518 465 3550 omen
496 3499 616 3550 clamore.
636 3498 776 3563 salutant,

287 3573 364 3624 Silius
380 3579 419 3640 ΙΙ,
432 3579 490 3642 411.
515 3591 646 3629 servatum
666 3579 727 3629 inde
750 3581 777 3629 in

286 3656 372 3703 numis
385 3654 640 3727 Carthaginiensium
655 3659 717 3728 equi
735 3675 776 3706 ca-

196 3775 200 3790 (
285 3741 342 3798 put.
353 3750 378 3788 va
389 3752 403 3782 c
420 3734 774 3788 RaschiiLexic.nu1nismat.

286 3826 344 3859 voc.
362 3808 622 3880 Carthagofoetam.
637 3831 736 3883 agnoce
748 3818 784 3867 in

286 3885 354 3952 hoc,
368 3888 439 3958 quod
455 3907 508 3939 non
521 3891 673 3960 simpliciter
691 3895 779 3945 inven-

289 3981 358 4032 tum,
377 3968 422 4021 scd
434 3989 449 4016 a
470 3971 575 4022 Junone
587 3981 756 4028 monstratum
768 4012 777 4039 ,

828 2397 962 2468 objectum
975 2391 1151 2455 fodientibus,
1164 2398 1254 2440 narrat
1275 2387 1319 2438 Sic
1357 2443 1358 2446 Ἴ

827 2496 888 2529 nam
900 2475 964 2547 (per
975 2475 1026 2526 hoc
1037 2473 1159 2544 signum)
1176 2465 1320 2540 portende·

826 2557 917 2620 batur,
929 2543 987 2607 fore
1008 2555 1100 2604 Poenos
1118 2561 1223 2620 gentem
1241 2544 1320 2596 belli-

827 2653 916 2686 cosam
945 2633 997 2702 (‘'cf.
1021 2634 1068 2705 inf.
1099 2631 1156 2694 111,
1176 2627 1226 2696 539
1256 2626 1322 2695 sq.)
1357 2641 1358 2650 ³

827 2725 852 2764 et
871 2713 983 2782 facilem
999 2713 1086 2780 victu,¹
1107 2710 1159 2760 hoc
1178 2719 1235 2771 est,
1261 2723 1318 2775 quae

825 2793 950 2844 habitura
962 2805 1029 2844 esset
1049 2793 1148 2840 victum
1165 2787 1273 2840 facilem
1293 2795 1318 2835 et

827 2871 993 2940 expeditum,
1014 2885 1145 2921 annonam
1167 2865 1319 2918 affluentem

827 2970 857 3002 ex
870 2966 993 3021 agrorum
1004 2949 1123 3000 ubertate
1134 2958 1160 2997 et
1179 2944 1260 2996 cultu.
1281 2944 1319 2992 De

827 3026 878 3080 hoc
890 3049 914 3080 v.
925 3031 1031 3080 Excurs.
1045 3029 1105 3076 XIV
1115 3025 1148 3077 ad
1161 3024 1188 3074 h.
1201 3043 1225 3074 v.
1357 3057 1358 3062 ,

863 3107 922 3172 446
936 3105 1074 3176 Templum
1082 3103 1155 3155 donis
1165 3100 1320 3172 opulentum

827 3197 853 3236 ct
870 3187 978 3237 numine
996 3185 1069 3236 dive.
1089 3183 1156 3234 dona
1176 3181 1209 3232 de
1229 3181 1315 3243 vasis,

826 3343 944 3414 intelligo
958 3365 964 3393 ε
978 3361 1075 3393 numen
1095 3359 1155 3391 cum
1171 3338 1261 3390 Servio
1276 3357 1320 3388 ac-

827 3425 896 3492 cipio
918 3420 1110 3473 de-simulacro
1135 3417 1190 3468 deae
1210 3435 1241 3468 ex
1256 3434 1321 3467 auro
1357 3427 1358 3436 ¹

827 3502 910 3552 aliave
938 3502 1054 3570 pretiosa
1087 3498 1198 3548 materia
1222 3497 1320 3557 facto,

827 3581 899 3650 quod
915 3575 940 3630 nl
955 3577 1108 3647 opulentum
1125 3576 1264 3644 postulare
1284 3578 1322 3625 vi-

826 3659 916 3718 detur3
929 3657 995 3726 (nec
1007 3668 1096 3706 tamen
1114 3655 1151 3704 sic
1169 3673 1268 3704 numen
1281 3665 1320 3704 est
1343 3721 1358 3728 A*

826 3739 1009 3799 simulacrum,
1023 3735 1069 3787 sed
1080 3736 1178 3785 numen
1189 3727 1258 3782 dive
1270 3748 1319 3798 pro

810 3819 903 3881 *diva,
917 3829 942 3868 et
958 3815 1014 3865 hec
1034 3814 1068 3865 ad
1085 3811 1256 3863 simulacrum
1274 3827 1316 3858 re-

826 3898 936 3966 fertur).
956 3895 1008 3945 Alii
1027 3910 1125 3944 numen
1139 3909 1171 3941 eo
1184 3881 1325 3948 referuntf
1344 3890 1346 3896 “

826 3987 856 4026 ut
880 3976 994 4029 numinis
1019 3973 1159 4045 praesentia
1181 3969 1321 4022 horrorem
