<?xml version="1.0" encoding="UTF-8"?>
<!DOCTYPE html PUBLIC "-//W3C//DTD XHTML 1.0 Transitional//EN"
    "http://www.w3.org/TR/xhtml1/DTD/xhtml1-transitional.dtd">
<html xmlns="http://www.w3.org/1999/xhtml" xml:lang="en" lang="en">
 <head>
  <title>
</title>
<meta http-equiv="Content-Type" content="text/html;charset=utf-8" />
  <meta name='ocr-system' content='tesseract 3.04.00' />
  <meta name='ocr-capabilities' content='ocr_page ocr_carea ocr_par ocr_line ocrx_word'/>
</head>
<body>
  <div class='ocr_page' id='page_1' title='image "./pvirgiliusmaroq00barbgoog_0267.png"; bbox 0 0 2742 4586; ppageno 0'>
   <div class='ocr_carea' id='block_1_1' title="bbox 373 324 1131 400">
    <p class='ocr_par' dir='ltr' id='par_1_1' title="bbox 373 324 1131 400">
     <span class='ocr_line' id='line_1_1' title="bbox 373 324 1131 400; baseline 0.015 -12"><span class='ocrx_word' id='word_1_1' title='bbox 373 324 607 390; x_wconf 86' lang='lat' dir='ltr'><strong>AENEIDOS</strong></span> <span class='ocrx_word' id='word_1_2' title='bbox 631 327 782 390; x_wconf 89' lang='lat' dir='ltr'>LIBER</span> <span class='ocrx_word' id='word_1_3' title='bbox 806 329 854 392; x_wconf 91' lang='lat' dir='ltr'><strong>ll.</strong></span> <span class='ocrx_word' id='word_1_4' title='bbox 1070 333 1131 400; x_wconf 78' lang='lat'><strong>255</strong></span> 
     </span>
    </p>
   </div>
   <div class='ocr_carea' id='block_1_2' title="bbox 90 446 1133 1490">
    <p class='ocr_par' dir='ltr' id='par_1_2' title="bbox 94 446 965 538">
     <span class='ocr_line' id='line_1_2' title="bbox 94 446 965 538; baseline 0 -26"><span class='ocrx_word' id='word_1_5' title='bbox 94 448 233 513; x_wconf 85' lang='lat' dir='ltr'>Talibus</span> <span class='ocrx_word' id='word_1_6' title='bbox 246 446 421 537; x_wconf 76' lang='lat' dir='ltr'><strong>Othryadae</strong></span> <span class='ocrx_word' id='word_1_7' title='bbox 432 446 527 512; x_wconf 87' lang='lat' dir='ltr'><strong>dictis</strong></span> <span class='ocrx_word' id='word_1_8' title='bbox 540 465 573 511; x_wconf 90' lang='lat' dir='ltr'><strong>et</strong></span> <span class='ocrx_word' id='word_1_9' title='bbox 584 449 719 515; x_wconf 87' lang='lat' dir='ltr'><strong>numine</strong></span> <span class='ocrx_word' id='word_1_10' title='bbox 731 448 843 514; x_wconf 86' lang='lat' dir='ltr'><strong>divom</strong></span> <span class='ocrx_word' id='word_1_11' title='bbox 964 535 965 538; x_wconf 8' lang='grc' dir='ltr'><strong>Ἴ</strong></span> 
     </span>
    </p>

    <p class='ocr_par' dir='ltr' id='par_1_3' title="bbox 95 539 958 646">
     <span class='ocr_line' id='line_1_3' title="bbox 95 539 958 646; baseline 0.003 -27"><span class='ocrx_word' id='word_1_12' title='bbox 95 558 136 619; x_wconf 93' lang='lat' dir='ltr'><strong>ln</strong></span> <span class='ocrx_word' id='word_1_13' title='bbox 148 555 295 621; x_wconf 78' lang='lat' dir='ltr'><strong>flammas</strong></span> <span class='ocrx_word' id='word_1_14' title='bbox 308 572 341 619; x_wconf 89' lang='lat' dir='ltr'><strong>et</strong></span> <span class='ocrx_word' id='word_1_15' title='bbox 352 554 386 617; x_wconf 90' lang='lat' dir='ltr'><strong>in</strong></span> <span class='ocrx_word' id='word_1_16' title='bbox 398 577 486 621; x_wconf 85' lang='lat' dir='ltr'><strong>arma</strong></span> <span class='ocrx_word' id='word_1_17' title='bbox 498 555 600 634; x_wconf 84' lang='lat' dir='ltr'><strong>feror,</strong></span> <span class='ocrx_word' id='word_1_18' title='bbox 615 578 681 643; x_wconf 93' lang='lat' dir='ltr'><strong>quo</strong></span> <span class='ocrx_word' id='word_1_19' title='bbox 693 557 792 620; x_wconf 89' lang='lat' dir='ltr'><strong>tristis</strong></span> <span class='ocrx_word' id='word_1_20' title='bbox 804 539 958 646; x_wconf 83' lang='lat' dir='ltr'><strong>Erinnys,</strong></span> 
     </span>
    </p>

    <p class='ocr_par' dir='ltr' id='par_1_4' title="bbox 92 660 1133 1176">
     <span class='ocr_line' id='line_1_4' title="bbox 93 660 984 743; baseline 0.003 -18"><span class='ocrx_word' id='word_1_21' title='bbox 93 663 170 743; x_wconf 88' lang='lat' dir='ltr'><strong>Quo</strong></span> <span class='ocrx_word' id='word_1_22' title='bbox 183 663 332 726; x_wconf 86' lang='lat' dir='ltr'><strong>fremitus</strong></span> <span class='ocrx_word' id='word_1_23' title='bbox 344 675 452 740; x_wconf 75' lang='lat' dir='ltr'><strong>vocat,</strong></span> <span class='ocrx_word' id='word_1_24' title='bbox 466 677 499 726; x_wconf 88' lang='lat' dir='ltr'><strong>et</strong></span> <span class='ocrx_word' id='word_1_25' title='bbox 510 660 656 726; x_wconf 88' lang='lat' dir='ltr'><strong>sublatus</strong></span> <span class='ocrx_word' id='word_1_26' title='bbox 667 661 710 726; x_wconf 84' lang='lat' dir='ltr'><strong>ad</strong></span> <span class='ocrx_word' id='word_1_27' title='bbox 721 661 842 728; x_wconf 83' lang='lat' dir='ltr'><strong>aethera</strong></span> <span class='ocrx_word' id='word_1_28' title='bbox 853 663 984 728; x_wconf 87' lang='lat' dir='ltr'><strong>clamor.</strong></span> 
     </span>
     <span class='ocr_line' id='line_1_5' title="bbox 95 754 1057 855; baseline 0.004 -24"><span class='ocrx_word' id='word_1_29' title='bbox 95 767 233 832; x_wconf 88' lang='lat' dir='ltr'><strong>Addunt</strong></span> <span class='ocrx_word' id='word_1_30' title='bbox 244 790 279 833; x_wconf 89' lang='lat' dir='ltr'><strong>se</strong></span> <span class='ocrx_word' id='word_1_31' title='bbox 292 767 398 833; x_wconf 86' lang='lat' dir='ltr'><strong>socios</strong></span> <span class='ocrx_word' id='word_1_32' title='bbox 411 762 571 855; x_wconf 82' lang='lat' dir='ltr'>Rhipeus,</span> <span class='ocrx_word' id='word_1_33' title='bbox 586 784 619 832; x_wconf 88' lang='lat' dir='ltr'><strong>et</strong></span> <span class='ocrx_word' id='word_1_34' title='bbox 630 791 800 834; x_wconf 84' lang='lat' dir='ltr'><strong>maxumus</strong></span> <span class='ocrx_word' id='word_1_35' title='bbox 812 767 909 834; x_wconf 82' lang='lat' dir='ltr'><strong>armis</strong></span> <span class='ocrx_word' id='word_1_36' title='bbox 1055 754 1057 762; x_wconf 41' lang='lat'><strong><em>¹</em></strong></span> 
     </span>
     <span class='ocr_line' id='line_1_6' title="bbox 92 872 1133 965; baseline 0 -27"><span class='ocrx_word' id='word_1_37' title='bbox 92 877 240 965; x_wconf 78' lang='lat' dir='ltr'><strong>Epytus3</strong></span> <span class='ocrx_word' id='word_1_38' title='bbox 253 872 354 938; x_wconf 88' lang='lat' dir='ltr'><strong>oblati</strong></span> <span class='ocrx_word' id='word_1_39' title='bbox 365 896 426 961; x_wconf 93' lang='lat' dir='ltr'><strong>per</strong></span> <span class='ocrx_word' id='word_1_40' title='bbox 436 872 548 937; x_wconf 88' lang='lat' dir='ltr'><strong>lunam</strong></span> <span class='ocrx_word' id='word_1_41' title='bbox 562 875 775 964; x_wconf 83' lang='lat' dir='ltr'>Hypanisque</span> <span class='ocrx_word' id='word_1_42' title='bbox 788 877 992 965; x_wconf 78' lang='lat' dir='ltr'><strong>Dymasqu03</strong></span> <span class='ocrx_word' id='word_1_43' title='bbox 1089 889 1133 948; x_wconf 76' lang='lat' dir='ltr'><strong>tto</strong></span> 
     </span>
     <span class='ocr_line' id='line_1_7' title="bbox 94 979 997 1070; baseline 0.003 -26"><span class='ocrx_word' id='word_1_44' title='bbox 94 980 136 1044; x_wconf 87' lang='lat' dir='ltr'><strong>Et</strong></span> <span class='ocrx_word' id='word_1_45' title='bbox 147 980 241 1044; x_wconf 86' lang='lat' dir='ltr'><strong>lateri</strong></span> <span class='ocrx_word' id='word_1_46' title='bbox 252 979 478 1066; x_wconf 76' lang='lat' dir='ltr'><strong>adglomerant</strong></span> <span class='ocrx_word' id='word_1_47' title='bbox 489 996 601 1044; x_wconf 89' lang='lat' dir='ltr'><strong>nostro</strong></span> <span class='ocrx_word' id='word_1_48' title='bbox 611 1004 619 1058; x_wconf 81' lang='lat'>3</span> <span class='ocrx_word' id='word_1_49' title='bbox 627 981 826 1070; x_wconf 83' lang='lat' dir='ltr'><strong>juvenisque</strong></span> <span class='ocrx_word' id='word_1_50' title='bbox 839 983 997 1047; x_wconf 85' lang='lat' dir='ltr'><strong>Coroebus</strong></span> 
     </span>
     <span class='ocr_line' id='line_1_8' title="bbox 92 1084 831 1176; baseline 0.003 -26"><span class='ocrx_word' id='word_1_51' title='bbox 92 1085 324 1176; x_wconf 79' lang='lat' dir='ltr'><strong>Mygdonides.</strong></span> <span class='ocrx_word' id='word_1_52' title='bbox 338 1084 404 1150; x_wconf 91' lang='lat' dir='ltr'><strong>lllis</strong></span> <span class='ocrx_word' id='word_1_53' title='bbox 416 1084 459 1152; x_wconf 84' lang='lat' dir='ltr'><strong>ad</strong></span> <span class='ocrx_word' id='word_1_54' title='bbox 470 1085 605 1173; x_wconf 85' lang='lat' dir='ltr'><strong>Trojam</strong></span> <span class='ocrx_word' id='word_1_55' title='bbox 617 1087 702 1150; x_wconf 87' lang='lat' dir='ltr'><strong>forte</strong></span> <span class='ocrx_word' id='word_1_56' title='bbox 715 1086 831 1152; x_wconf 90' lang='lat' dir='ltr'><strong>diebus</strong></span> 
     </span>
    </p>

    <p class='ocr_par' dir='ltr' id='par_1_5' title="bbox 91 1189 885 1272">
     <span class='ocr_line' id='line_1_9' title="bbox 91 1189 885 1272; baseline 0.005 -20"><span class='ocrx_word' id='word_1_57' title='bbox 91 1194 250 1271; x_wconf 90' lang='lat' dir='ltr'><strong>Venerat,</strong></span> <span class='ocrx_word' id='word_1_58' title='bbox 265 1192 379 1254; x_wconf 89' lang='lat' dir='ltr'><strong>insano</strong></span> <span class='ocrx_word' id='word_1_59' title='bbox 391 1189 579 1254; x_wconf 81' lang='lat' dir='ltr'><strong>Cassandrae</strong></span> <span class='ocrx_word' id='word_1_60' title='bbox 592 1191 743 1256; x_wconf 88' lang='lat' dir='ltr'><strong>incensus</strong></span> <span class='ocrx_word' id='word_1_61' title='bbox 755 1215 885 1272; x_wconf 73' lang='lat' dir='ltr'><strong>amore,</strong></span> 
     </span>
    </p>

    <p class='ocr_par' dir='ltr' id='par_1_6' title="bbox 90 1295 965 1388">
     <span class='ocr_line' id='line_1_10' title="bbox 90 1295 965 1388; baseline 0.002 -28"><span class='ocrx_word' id='word_1_62' title='bbox 90 1299 133 1360; x_wconf 92' lang='lat' dir='ltr'><strong>Et</strong></span> <span class='ocrx_word' id='word_1_63' title='bbox 145 1320 247 1385; x_wconf 80' lang='lat' dir='ltr'><strong>gener</strong></span> <span class='ocrx_word' id='word_1_64' title='bbox 258 1296 414 1360; x_wconf 88' lang='lat' dir='ltr'><strong>auxilium</strong></span> <span class='ocrx_word' id='word_1_65' title='bbox 426 1297 555 1359; x_wconf 87' lang='lat' dir='ltr'><strong>Priamo</strong></span> <span class='ocrx_word' id='word_1_66' title='bbox 568 1295 817 1388; x_wconf 78' lang='lat' dir='ltr'><strong>Phrygibusque</strong></span> <span class='ocrx_word' id='word_1_67' title='bbox 829 1298 965 1364; x_wconf 88' lang='lat' dir='ltr'><strong>ferebat.</strong></span> 
     </span>
    </p>

    <p class='ocr_par' dir='ltr' id='par_1_7' title="bbox 90 1403 1132 1490">
     <span class='ocr_line' id='line_1_11' title="bbox 90 1403 1132 1490; baseline 0.002 -24"><span class='ocrx_word' id='word_1_68' title='bbox 90 1403 225 1482; x_wconf 77' lang='lat' dir='ltr'><strong>Infelix,</strong></span> <span class='ocrx_word' id='word_1_69' title='bbox 239 1403 297 1490; x_wconf 88' lang='lat' dir='ltr'><strong>qui</strong></span> <span class='ocrx_word' id='word_1_70' title='bbox 308 1424 377 1465; x_wconf 91' lang='lat' dir='ltr'><strong>non</strong></span> <span class='ocrx_word' id='word_1_71' title='bbox 388 1423 517 1488; x_wconf 86' lang='lat' dir='ltr'><strong>sponsae</strong></span> <span class='ocrx_word' id='word_1_72' title='bbox 529 1404 843 1488; x_wconf 83' lang='lat' dir='ltr'><strong>praeceptalurentis</strong></span> <span class='ocrx_word' id='word_1_73' title='bbox 1086 1420 1132 1477; x_wconf 78' lang='grc'><strong>345</strong></span> 
     </span>
    </p>
   </div>
   <div class='ocr_carea' id='block_1_3' title="bbox 84 1575 1132 3058">
    <p class='ocr_par' dir='ltr' id='par_1_8' title="bbox 84 1575 1132 3058">
     <span class='ocr_line' id='line_1_12' title="bbox 121 1575 1132 1642; baseline 0.005 -16"><span class='ocrx_word' id='word_1_74' title='bbox 121 1578 176 1626; x_wconf 82' lang='grc'>338.</span> <span class='ocrx_word' id='word_1_75' title='bbox 188 1579 250 1642; x_wconf 80' lang='lat' dir='ltr'><strong>quod</strong></span> <span class='ocrx_word' id='word_1_76' title='bbox 251 1577 286 1640; x_wconf 87' lang='lat' dir='ltr'><strong>fr.</strong></span> <span class='ocrx_word' id='word_1_77' title='bbox 297 1576 358 1622; x_wconf 84' lang='lat' dir='ltr'><strong>Gud.</strong></span> <span class='ocrx_word' id='word_1_78' title='bbox 368 1593 413 1642; x_wconf 84' lang='lat' dir='ltr'><strong>quo</strong></span> <span class='ocrx_word' id='word_1_79' title='bbox 422 1580 516 1641; x_wconf 74' lang='lat' dir='ltr'><strong>qemitus</strong></span> <span class='ocrx_word' id='word_1_80' title='bbox 523 1576 620 1624; x_wconf 82' lang='lat' dir='ltr'><strong>Dorvill.</strong></span> <span class='ocrx_word' id='word_1_81' title='bbox 632 1589 655 1622; x_wconf 88' lang='lat' dir='ltr'><strong>et</strong></span> <span class='ocrx_word' id='word_1_82' title='bbox 663 1579 730 1624; x_wconf 89' lang='lat' dir='ltr'><strong>Witt.</strong></span> <span class='ocrx_word' id='word_1_83' title='bbox 742 1581 765 1624; x_wconf 89' lang='lat' dir='ltr'><strong>in</strong></span> <span class='ocrx_word' id='word_1_84' title='bbox 775 1575 856 1626; x_wconf 72' lang='lat' dir='ltr'><strong>einen</strong></span> <span class='ocrx_word' id='word_1_85' title='bbox 867 1596 912 1626; x_wconf 85' lang='lat' dir='ltr'><strong>sec.</strong></span> <span class='ocrx_word' id='word_1_86' title='bbox 921 1581 1004 1628; x_wconf 87' lang='lat' dir='ltr'><strong>llamb.</strong></span> <span class='ocrx_word' id='word_1_87' title='bbox 1014 1583 1042 1628; x_wconf 83' lang='lat' dir='ltr'><strong>ab</strong></span> <span class='ocrx_word' id='word_1_88' title='bbox 1052 1585 1132 1632; x_wconf 76' lang='lat' dir='ltr'><strong>oethere</strong></span> 
     </span>
     <span class='ocr_line' id='line_1_13' title="bbox 88 1647 1131 1712; baseline 0.004 -16"><span class='ocrx_word' id='word_1_89' title='bbox 88 1665 126 1712; x_wconf 85' lang='lat' dir='ltr'><strong>pr.</strong></span> <span class='ocrx_word' id='word_1_90' title='bbox 143 1651 228 1696; x_wconf 84' lang='lat' dir='ltr'><strong>Moret.</strong></span> <span class='ocrx_word' id='word_1_91' title='bbox 239 1673 272 1684; x_wconf 93' lang='lat'><strong>-·-</strong></span> <span class='ocrx_word' id='word_1_92' title='bbox 283 1647 335 1707; x_wconf 83' lang='lat'>339.</span> <span class='ocrx_word' id='word_1_93' title='bbox 350 1649 415 1692; x_wconf 86' lang='lat' dir='ltr'><strong>sociis</strong></span> <span class='ocrx_word' id='word_1_94' title='bbox 426 1648 518 1708; x_wconf 74' lang='lat' dir='ltr'><strong>Menag.</strong></span> <span class='ocrx_word' id='word_1_95' title='bbox 532 1663 580 1708; x_wconf 72' lang='lat' dir='ltr'><strong>pr,</strong></span> <span class='ocrx_word' id='word_1_96' title='bbox 593 1648 633 1693; x_wconf 90' lang='lat' dir='ltr'><strong>sed</strong></span> <span class='ocrx_word' id='word_1_97' title='bbox 649 1647 696 1693; x_wconf 88' lang='lat' dir='ltr'><strong>Ecl.</strong></span> <span class='ocrx_word' id='word_1_98' title='bbox 712 1649 756 1704; x_wconf 85' lang='lat' dir='ltr'><strong>VI,</strong></span> <span class='ocrx_word' id='word_1_99' title='bbox 774 1665 802 1694; x_wconf 80' lang='lat' dir='ltr'><strong>no</strong></span> <span class='ocrx_word' id='word_1_100' title='bbox 811 1649 876 1695; x_wconf 82' lang='lat' dir='ltr'><strong>addit</strong></span> <span class='ocrx_word' id='word_1_101' title='bbox 887 1665 911 1694; x_wconf 89' lang='lat' dir='ltr'><strong>se</strong></span> <span class='ocrx_word' id='word_1_102' title='bbox 922 1655 1011 1697; x_wconf 74' lang='lat' dir='ltr'><strong>socrum.</strong></span> <span class='ocrx_word' id='word_1_103' title='bbox 1023 1655 1078 1699; x_wconf 84' lang='lat' dir='ltr'><strong>Mox</strong></span> <span class='ocrx_word' id='word_1_104' title='bbox 1091 1658 1131 1700; x_wconf 85' lang='lat' dir='ltr'><strong>Ri-</strong></span> 
     </span>
     <span class='ocr_line' id='line_1_14' title="bbox 87 1713 1132 1782; baseline 0.006 -18"><span class='ocrx_word' id='word_1_105' title='bbox 87 1719 173 1781; x_wconf 76' lang='lat' dir='ltr'><strong>plzeus,</strong></span> <span class='ocrx_word' id='word_1_106' title='bbox 185 1717 300 1782; x_wconf 82' lang='lat' dir='ltr'><strong>liepbeus,</strong></span> <span class='ocrx_word' id='word_1_107' title='bbox 312 1715 431 1780; x_wconf 78' lang='lat' dir='ltr'><strong>Rypbeus,</strong></span> <span class='ocrx_word' id='word_1_108' title='bbox 443 1717 558 1762; x_wconf 85' lang='lat' dir='ltr'><strong>scribitur.</strong></span> <span class='ocrx_word' id='word_1_109' title='bbox 567 1713 655 1767; x_wconf 69' lang='lat' dir='ltr'><strong>&#39;Pieriis</strong></span> <span class='ocrx_word' id='word_1_110' title='bbox 665 1731 706 1763; x_wconf 88' lang='lat' dir='ltr'><strong>est.</strong></span> <span class='ocrx_word' id='word_1_111' title='bbox 718 1719 775 1778; x_wconf 80' lang='lat' dir='ltr'><strong>Quae</strong></span> <span class='ocrx_word' id='word_1_112' title='bbox 786 1731 923 1781; x_wconf 86' lang='lat' dir='ltr'><strong>sequuntur,</strong></span> <span class='ocrx_word' id='word_1_113' title='bbox 933 1721 1030 1768; x_wconf 88' lang='lat' dir='ltr'><strong>obscura</strong></span> <span class='ocrx_word' id='word_1_114' title='bbox 1038 1727 1132 1770; x_wconf 88' lang='lat' dir='ltr'><strong>nomina</strong></span> 
     </span>
     <span class='ocr_line' id='line_1_15' title="bbox 89 1787 1130 1851; baseline 0.006 -17"><span class='ocrx_word' id='word_1_115' title='bbox 89 1803 157 1845; x_wconf 83' lang='lat' dir='ltr'><strong>sunt,</strong></span> <span class='ocrx_word' id='word_1_116' title='bbox 167 1804 211 1835; x_wconf 90' lang='lat' dir='ltr'><strong>uec</strong></span> <span class='ocrx_word' id='word_1_117' title='bbox 221 1791 283 1835; x_wconf 88' lang='lat' dir='ltr'><strong>iniis</strong></span> <span class='ocrx_word' id='word_1_118' title='bbox 293 1787 439 1833; x_wconf 86' lang='lat' dir='ltr'><strong>morandum.</strong></span> <span class='ocrx_word' id='word_1_119' title='bbox 452 1789 564 1832; x_wconf 86' lang='lat' dir='ltr'><strong>maximus</strong></span> <span class='ocrx_word' id='word_1_120' title='bbox 575 1791 652 1843; x_wconf 74' lang='lat' dir='ltr'><strong>annes,</strong></span> <span class='ocrx_word' id='word_1_121' title='bbox 665 1788 729 1850; x_wconf 87' lang='lat' dir='ltr'><strong>quod</strong></span> <span class='ocrx_word' id='word_1_122' title='bbox 740 1789 882 1834; x_wconf 86' lang='lat' dir='ltr'><strong>anonnullis</strong></span> <span class='ocrx_word' id='word_1_123' title='bbox 893 1788 939 1851; x_wconf 73' lang='lat' dir='ltr'><strong>legi</strong></span> <span class='ocrx_word' id='word_1_124' title='bbox 950 1791 1039 1838; x_wconf 87' lang='lat' dir='ltr'><strong>Pierius</strong></span> <span class='ocrx_word' id='word_1_125' title='bbox 1051 1807 1074 1839; x_wconf 88' lang='lat' dir='ltr'><strong>et</strong></span> <span class='ocrx_word' id='word_1_126' title='bbox 1087 1795 1130 1840; x_wconf 90' lang='lat' dir='ltr'><strong>Ge.</strong></span> 
     </span>
     <span class='ocr_line' id='line_1_16' title="bbox 88 1857 1131 1928; baseline 0.005 -22"><span class='ocrx_word' id='word_1_127' title='bbox 88 1861 209 1906; x_wconf 73' lang='lat' dir='ltr'><strong>Fabricius</strong></span> <span class='ocrx_word' id='word_1_128' title='bbox 225 1872 349 1915; x_wconf 85' lang='lat' dir='ltr'><strong>testantur,</strong></span> <span class='ocrx_word' id='word_1_129' title='bbox 366 1857 533 1921; x_wconf 87' lang='lat' dir='ltr'><strong>interpolatum</strong></span> <span class='ocrx_word' id='word_1_130' title='bbox 545 1875 587 1920; x_wconf 87' lang='lat' dir='ltr'><strong>per</strong></span> <span class='ocrx_word' id='word_1_131' title='bbox 599 1875 650 1915; x_wconf 89' lang='lat' dir='ltr'><strong>eos,</strong></span> <span class='ocrx_word' id='word_1_132' title='bbox 667 1863 707 1924; x_wconf 91' lang='lat' dir='ltr'><strong>qui</strong></span> <span class='ocrx_word' id='word_1_133' title='bbox 723 1879 745 1907; x_wconf 86' lang='lat' dir='ltr'><strong>v.</strong></span> <span class='ocrx_word' id='word_1_134' title='bbox 762 1861 806 1918; x_wconf 97' lang='grc'>435</span> <span class='ocrx_word' id='word_1_135' title='bbox 823 1859 910 1924; x_wconf 77' lang='lat' dir='ltr'><strong>Iphitus</strong></span> <span class='ocrx_word' id='word_1_136' title='bbox 920 1877 967 1908; x_wconf 80' lang='lat' dir='ltr'><strong>evo</strong></span> <span class='ocrx_word' id='word_1_137' title='bbox 979 1864 1032 1908; x_wconf 85' lang='lat' dir='ltr'><strong>Jurn</strong></span> <span class='ocrx_word' id='word_1_138' title='bbox 1041 1869 1131 1928; x_wconf 68' lang='lat' dir='ltr'><strong>pravior</strong></span> 
     </span>
     <span class='ocr_line' id='line_1_17' title="bbox 88 1923 1130 1996; baseline 0.005 -20"><span class='ocrx_word' id='word_1_139' title='bbox 88 1933 258 1987; x_wconf 83' lang='lat' dir='ltr'><strong>meminerant,</strong></span> <span class='ocrx_word' id='word_1_140' title='bbox 273 1933 339 1994; x_wconf 85' lang='lat' dir='ltr'><strong>quasi</strong></span> <span class='ocrx_word' id='word_1_141' title='bbox 355 1931 416 1976; x_wconf 86' lang='lat' dir='ltr'><strong>idem</strong></span> <span class='ocrx_word' id='word_1_142' title='bbox 429 1945 482 1974; x_wconf 87' lang='lat' dir='ltr'><strong>cum</strong></span> <span class='ocrx_word' id='word_1_143' title='bbox 494 1931 568 1992; x_wconf 81' lang='lat' dir='ltr'><strong>Epyto</strong></span> <span class='ocrx_word' id='word_1_144' title='bbox 578 1943 644 1976; x_wconf 87' lang='lat' dir='ltr'><strong>esset.</strong></span> <span class='ocrx_word' id='word_1_145' title='bbox 656 1955 687 1966; x_wconf 88' lang='lat'><strong>·-·</strong></span> <span class='ocrx_word' id='word_1_146' title='bbox 697 1930 749 1988; x_wconf 77' lang='grc'>340.</span> <span class='ocrx_word' id='word_1_147' title='bbox 767 1933 856 1994; x_wconf 81' lang='lat' dir='ltr'><strong>Epytus</strong></span> <span class='ocrx_word' id='word_1_148' title='bbox 873 1923 1006 1992; x_wconf 68' lang='grc' dir='ltr'><strong>(Ἣπυτυς)</strong></span> <span class='ocrx_word' id='word_1_149' title='bbox 1022 1950 1050 1979; x_wconf 81' lang='lat' dir='ltr'><strong>ex</strong></span> <span class='ocrx_word' id='word_1_150' title='bbox 1065 1935 1130 1996; x_wconf 78' lang='lat' dir='ltr'><strong>libris</strong></span> 
     </span>
     <span class='ocr_line' id='line_1_18' title="bbox 87 1996 1131 2066; baseline 0.006 -20"><span class='ocrx_word' id='word_1_151' title='bbox 87 2003 168 2048; x_wconf 86' lang='lat' dir='ltr'><strong>Heius.</strong></span> <span class='ocrx_word' id='word_1_152' title='bbox 181 2005 289 2049; x_wconf 86' lang='lat' dir='ltr'><strong>restituit.</strong></span> <span class='ocrx_word' id='word_1_153' title='bbox 301 2002 387 2048; x_wconf 87' lang='lat' dir='ltr'><strong>Medic.</strong></span> <span class='ocrx_word' id='word_1_154' title='bbox 400 2001 490 2062; x_wconf 87' lang='lat' dir='ltr'><strong>AEpitus</strong></span> <span class='ocrx_word' id='word_1_155' title='bbox 499 2003 619 2063; x_wconf 77' lang='lat' dir='ltr'><strong>(AEpytus,</strong></span> <span class='ocrx_word' id='word_1_156' title='bbox 631 1996 730 2054; x_wconf 75' lang='lat' dir='ltr'><strong>Ainueoe</strong></span> <span class='ocrx_word' id='word_1_157' title='bbox 740 2020 787 2049; x_wconf 91' lang='lat' dir='ltr'><strong>non</strong></span> <span class='ocrx_word' id='word_1_158' title='bbox 797 2006 874 2049; x_wconf 90' lang='lat' dir='ltr'><strong>minus</strong></span> <span class='ocrx_word' id='word_1_159' title='bbox 883 2016 945 2049; x_wconf 88' lang='lat' dir='ltr'><strong>recte</strong></span> <span class='ocrx_word' id='word_1_160' title='bbox 954 2004 1097 2066; x_wconf 83' lang='lat' dir='ltr'><strong>diceretur),</strong></span> <span class='ocrx_word' id='word_1_161' title='bbox 1105 2009 1131 2052; x_wconf 91' lang='lat' dir='ltr'><strong>in</strong></span> 
     </span>
     <span class='ocr_line' id='line_1_19' title="bbox 87 2069 1130 2136; baseline 0.004 -20"><span class='ocrx_word' id='word_1_162' title='bbox 87 2071 142 2117; x_wconf 91' lang='lat' dir='ltr'><strong>aliis</strong></span> <span class='ocrx_word' id='word_1_163' title='bbox 157 2075 252 2120; x_wconf 85' lang='lat' dir='ltr'><strong>vitiose:</strong></span> <span class='ocrx_word' id='word_1_164' title='bbox 271 2074 364 2136; x_wconf 86' lang='lat' dir='ltr'><strong>Epitus‚</strong></span> <span class='ocrx_word' id='word_1_165' title='bbox 378 2069 486 2134; x_wconf 81' lang='lat' dir='ltr'><strong>Epitbus,</strong></span> <span class='ocrx_word' id='word_1_166' title='bbox 503 2069 611 2130; x_wconf 84' lang='lat' dir='ltr'><strong>Ephitus,</strong></span> <span class='ocrx_word' id='word_1_167' title='bbox 621 2071 744 2134; x_wconf 82' lang='lat' dir='ltr'><strong>&#39;AEplritus,</strong></span> <span class='ocrx_word' id='word_1_168' title='bbox 763 2071 865 2136; x_wconf 68' lang='lat' dir='ltr'><strong>[pinytus.</strong></span> <span class='ocrx_word' id='word_1_169' title='bbox 882 2074 914 2116; x_wconf 83' lang='lat' dir='ltr'><strong>Et</strong></span> <span class='ocrx_word' id='word_1_170' title='bbox 925 2071 1027 2132; x_wconf 77' lang='lat' dir='ltr'><strong>Pytbus3</strong></span> <span class='ocrx_word' id='word_1_171' title='bbox 1044 2087 1067 2120; x_wconf 87' lang='lat' dir='ltr'><strong>et</strong></span> <span class='ocrx_word' id='word_1_172' title='bbox 1077 2091 1130 2120; x_wconf 86' lang='lat' dir='ltr'><strong>mox</strong></span> 
     </span>
     <span class='ocr_line' id='line_1_20' title="bbox 87 2133 1129 2208; baseline 0.003 -22"><span class='ocrx_word' id='word_1_173' title='bbox 87 2143 221 2206; x_wconf 74' lang='lat' dir='ltr'><strong>Hyphcne&#39;s,</strong></span> <span class='ocrx_word' id='word_1_174' title='bbox 232 2147 326 2208; x_wconf 83' lang='lat' dir='ltr'><strong>Hipunis</strong></span> <span class='ocrx_word' id='word_1_175' title='bbox 337 2145 460 2196; x_wconf 77' lang='lat' dir='ltr'><strong>etDunus,</strong></span> <span class='ocrx_word' id='word_1_176' title='bbox 472 2142 567 2186; x_wconf 85' lang='lat' dir='ltr'><strong>Dumas.</strong></span> <span class='ocrx_word' id='word_1_177' title='bbox 577 2142 607 2186; x_wconf 87' lang='lat' dir='ltr'><strong>cf.</strong></span> <span class='ocrx_word' id='word_1_178' title='bbox 619 2143 662 2187; x_wconf 85' lang='lat' dir='ltr'><strong>inl.</strong></span> <span class='ocrx_word' id='word_1_179' title='bbox 675 2143 728 2204; x_wconf 81' lang='grc'>394.</span> <span class='ocrx_word' id='word_1_180' title='bbox 744 2133 851 2191; x_wconf 69' lang='lat' dir='ltr'><strong>‘&#39;Tnutts.</strong></span> <span class='ocrx_word' id='word_1_181' title='bbox 864 2137 955 2202; x_wconf 70' lang='grc' dir='ltr'>Δύμας.</span> <span class='ocrx_word' id='word_1_182' title='bbox 968 2143 1048 2190; x_wconf 68' lang='lat' dir='ltr'><strong>obkcti</strong></span> <span class='ocrx_word' id='word_1_183' title='bbox 1057 2145 1129 2191; x_wconf 85' lang='lat' dir='ltr'><strong>Wall.</strong></span> 
     </span>
     <span class='ocr_line' id='line_1_21' title="bbox 87 2210 1131 2278; baseline 0.002 -20"><span class='ocrx_word' id='word_1_184' title='bbox 87 2229 101 2258; x_wconf 79' lang='lat' dir='ltr'><strong>a</strong></span> <span class='ocrx_word' id='word_1_185' title='bbox 111 2229 143 2257; x_wconf 87' lang='lat' dir='ltr'><strong>m.</strong></span> <span class='ocrx_word' id='word_1_186' title='bbox 153 2231 190 2276; x_wconf 86' lang='lat' dir='ltr'><strong>pr.</strong></span> <span class='ocrx_word' id='word_1_187' title='bbox 206 2229 248 2278; x_wconf 88' lang='lat' dir='ltr'><strong>per</strong></span> <span class='ocrx_word' id='word_1_188' title='bbox 257 2213 328 2259; x_wconf 81' lang='lat' dir='ltr'><strong>lucem</strong></span> <span class='ocrx_word' id='word_1_189' title='bbox 342 2215 403 2275; x_wconf 86' lang='lat' dir='ltr'><strong>conj.</strong></span> <span class='ocrx_word' id='word_1_190' title='bbox 416 2210 555 2256; x_wconf 88' lang='lat' dir='ltr'><strong>Waddelius</strong></span> <span class='ocrx_word' id='word_1_191' title='bbox 560 2229 568 2266; x_wconf 84' lang='lat'>3</span> <span class='ocrx_word' id='word_1_192' title='bbox 584 2223 607 2256; x_wconf 88' lang='lat' dir='ltr'><strong>at</strong></span> <span class='ocrx_word' id='word_1_193' title='bbox 620 2229 642 2258; x_wconf 86' lang='lat' dir='ltr'><strong>v.</strong></span> <span class='ocrx_word' id='word_1_194' title='bbox 654 2214 733 2258; x_wconf 85' lang='lat' dir='ltr'><strong>Burm.</strong></span> <span class='ocrx_word' id='word_1_195' title='bbox 749 2215 818 2258; x_wconf 83' lang='lat' dir='ltr'><strong>Forte</strong></span> <span class='ocrx_word' id='word_1_196' title='bbox 828 2224 904 2258; x_wconf 84' lang='lat' dir='ltr'><strong>autem</strong></span> <span class='ocrx_word' id='word_1_197' title='bbox 915 2215 1006 2258; x_wconf 83' lang='lat' dir='ltr'><strong>suavior</strong></span> <span class='ocrx_word' id='word_1_198' title='bbox 1019 2216 1131 2276; x_wconf 86' lang='lat' dir='ltr'><strong>junctura</strong></span> 
     </span>
     <span class='ocr_line' id='line_1_22' title="bbox 87 2283 1130 2348; baseline 0 -18"><span class='ocrx_word' id='word_1_199' title='bbox 87 2287 148 2341; x_wconf 87' lang='lat' dir='ltr'><strong>erit,</strong></span> <span class='ocrx_word' id='word_1_200' title='bbox 167 2289 186 2331; x_wconf 90' lang='lat' dir='ltr'><strong>si</strong></span> <span class='ocrx_word' id='word_1_201' title='bbox 202 2283 366 2348; x_wconf 67' lang='lat' dir='ltr'><strong>interpun&#39;gas:</strong></span> <span class='ocrx_word' id='word_1_202' title='bbox 384 2285 473 2330; x_wconf 83' lang='lat' dir='ltr'><strong>addunt</strong></span> <span class='ocrx_word' id='word_1_203' title='bbox 486 2298 511 2328; x_wconf 88' lang='lat' dir='ltr'><strong>se</strong></span> <span class='ocrx_word' id='word_1_204' title='bbox 521 2286 591 2330; x_wconf 77' lang='lat' dir='ltr'><strong>socios</strong></span> <span class='ocrx_word' id='word_1_205' title='bbox 606 2283 703 2348; x_wconf 83' lang='lat' dir='ltr'><strong>Rhipeus</strong></span> <span class='ocrx_word' id='word_1_206' title='bbox 713 2294 736 2330; x_wconf 87' lang='lat' dir='ltr'><strong>et</strong></span> <span class='ocrx_word' id='word_1_207' title='bbox 745 2311 777 2321; x_wconf 89' lang='lat'>—</span> <span class='ocrx_word' id='word_1_208' title='bbox 788 2285 889 2348; x_wconf 81' lang='lat' dir='ltr'><strong>Epytus,</strong></span> <span class='ocrx_word' id='word_1_209' title='bbox 901 2283 971 2330; x_wconf 78' lang='lat' dir='ltr'><strong>ottae</strong></span> <span class='ocrx_word' id='word_1_210' title='bbox 978 2301 1020 2346; x_wconf 88' lang='lat' dir='ltr'><strong>per</strong></span> <span class='ocrx_word' id='word_1_211' title='bbox 1028 2287 1115 2330; x_wconf 87' lang='lat' dir='ltr'><strong>Lunam</strong></span> <span class='ocrx_word' id='word_1_212' title='bbox 1121 2320 1130 2342; x_wconf 94' lang='lat'><strong>,</strong></span> 
     </span>
     <span class='ocr_line' id='line_1_23' title="bbox 86 2352 1130 2421; baseline 0.002 -21"><span class='ocrx_word' id='word_1_213' title='bbox 86 2357 236 2421; x_wconf 70' lang='lat' dir='ltr'><strong>Hypanisque</strong></span> <span class='ocrx_word' id='word_1_214' title='bbox 252 2359 395 2420; x_wconf 83' lang='lat' dir='ltr'><strong>Dymasque,</strong></span> <span class='ocrx_word' id='word_1_215' title='bbox 411 2357 443 2400; x_wconf 86' lang='lat' dir='ltr'><strong>Et</strong></span> <span class='ocrx_word' id='word_1_216' title='bbox 452 2353 517 2399; x_wconf 75' lang='lat' dir='ltr'><strong>lateri</strong></span> <span class='ocrx_word' id='word_1_217' title='bbox 524 2352 675 2418; x_wconf 71' lang='lat' dir='ltr'><strong>applomerunt</strong></span> <span class='ocrx_word' id='word_1_218' title='bbox 685 2365 768 2402; x_wconf 72' lang='lat' dir='ltr'><strong>nostro.</strong></span> <span class='ocrx_word' id='word_1_219' title='bbox 778 2381 810 2392; x_wconf 80' lang='lat'><em>-</em></span> <span class='ocrx_word' id='word_1_220' title='bbox 820 2353 873 2410; x_wconf 75' lang='grc'>341.</span> <span class='ocrx_word' id='word_1_221' title='bbox 882 2353 1007 2418; x_wconf 79' lang='lat' dir='ltr'><strong>qlomerant</strong></span> <span class='ocrx_word' id='word_1_222' title='bbox 1016 2356 1071 2418; x_wconf 77' lang='lat' dir='ltr'><strong>Reg.</strong></span> <span class='ocrx_word' id='word_1_223' title='bbox 1086 2357 1130 2402; x_wconf 79' lang='lat' dir='ltr'><strong>Co-</strong></span> 
     </span>
     <span class='ocr_line' id='line_1_24' title="bbox 86 2415 1130 2489; baseline 0 -19"><span class='ocrx_word' id='word_1_224' title='bbox 86 2424 164 2471; x_wconf 82' lang='lat' dir='ltr'><strong>roebus</strong></span> <span class='ocrx_word' id='word_1_225' title='bbox 173 2429 242 2473; x_wconf 89' lang='lat' dir='ltr'><strong>unice</strong></span> <span class='ocrx_word' id='word_1_226' title='bbox 251 2443 322 2482; x_wconf 89' lang='lat' dir='ltr'><strong>vere,·</strong></span> <span class='ocrx_word' id='word_1_227' title='bbox 334 2427 363 2472; x_wconf 85' lang='lat' dir='ltr'><strong>ab</strong></span> <span class='ocrx_word' id='word_1_228' title='bbox 371 2427 467 2472; x_wconf 85' lang='lat' dir='ltr'><strong>Heinsio</strong></span> <span class='ocrx_word' id='word_1_229' title='bbox 478 2427 610 2470; x_wconf 86' lang='lat' dir='ltr'><strong>restitutum</strong></span> <span class='ocrx_word' id='word_1_230' title='bbox 620 2441 648 2471; x_wconf 76' lang='lat' dir='ltr'><strong>es</strong></span> <span class='ocrx_word' id='word_1_231' title='bbox 657 2422 766 2489; x_wconf 73' lang='grc' dir='ltr'><strong><em>Κόροιβος.</em></strong></span> <span class='ocrx_word' id='word_1_232' title='bbox 779 2415 857 2487; x_wconf 74' lang='lat' dir='ltr'><strong>Vulgo</strong></span> <span class='ocrx_word' id='word_1_233' title='bbox 868 2424 917 2470; x_wconf 84' lang='lat' dir='ltr'><strong>lere</strong></span> <span class='ocrx_word' id='word_1_234' title='bbox 928 2423 1047 2470; x_wconf 82' lang='lat' dir='ltr'><strong>Choroebus</strong></span> <span class='ocrx_word' id='word_1_235' title='bbox 1052 2460 1060 2481; x_wconf 91' lang='lat'>‚</span> <span class='ocrx_word' id='word_1_236' title='bbox 1072 2425 1130 2470; x_wconf 79' lang='lat' dir='ltr'><strong>cto-</strong></span> 
     </span>
     <span class='ocr_line' id='line_1_25' title="bbox 86 2494 1131 2563; baseline 0.001 -22"><span class='ocrx_word' id='word_1_237' title='bbox 86 2496 168 2552; x_wconf 82' lang='lat' dir='ltr'><strong>nebus,</strong></span> <span class='ocrx_word' id='word_1_238' title='bbox 185 2498 290 2544; x_wconf 77' lang='lat' dir='ltr'><strong>Curuios.</strong></span> <span class='ocrx_word' id='word_1_239' title='bbox 307 2501 388 2563; x_wconf 75' lang='lat' dir='ltr'><strong>Puget.</strong></span> <span class='ocrx_word' id='word_1_240' title='bbox 409 2495 572 2542; x_wconf 78' lang='lat' dir='ltr'><strong>Tborebus.-</strong></span> <span class='ocrx_word' id='word_1_241' title='bbox 586 2495 639 2552; x_wconf 71' lang='lat'>342.</span> <span class='ocrx_word' id='word_1_242' title='bbox 657 2497 780 2543; x_wconf 84' lang='lat' dir='ltr'><strong>Mirdoneis</strong></span> <span class='ocrx_word' id='word_1_243' title='bbox 798 2494 867 2541; x_wconf 86' lang='lat' dir='ltr'><strong>Goth.</strong></span> <span class='ocrx_word' id='word_1_244' title='bbox 884 2507 936 2541; x_wconf 85' lang='lat' dir='ltr'><strong>tert.</strong></span> <span class='ocrx_word' id='word_1_245' title='bbox 955 2499 981 2542; x_wconf 90' lang='lat' dir='ltr'><strong>iu</strong></span> <span class='ocrx_word' id='word_1_246' title='bbox 998 2496 1075 2542; x_wconf 87' lang='lat' dir='ltr'><strong>litura.</strong></span> <span class='ocrx_word' id='word_1_247' title='bbox 1092 2498 1131 2544; x_wconf 83' lang='lat' dir='ltr'><strong>Est</strong></span> 
     </span>
     <span class='ocr_line' id='line_1_26' title="bbox 86 2563 1131 2633; baseline 0 -21"><span class='ocrx_word' id='word_1_248' title='bbox 86 2563 235 2630; x_wconf 63' lang='grc' dir='ltr'><strong>Μνγδὶνίδης.</strong></span> <span class='ocrx_word' id='word_1_249' title='bbox 251 2567 294 2614; x_wconf 86' lang='lat' dir='ltr'><strong>illis</strong></span> <span class='ocrx_word' id='word_1_250' title='bbox 303 2571 344 2633; x_wconf 83' lang='lat' dir='ltr'><strong>qui</strong></span> <span class='ocrx_word' id='word_1_251' title='bbox 352 2579 405 2612; x_wconf 86' lang='lat' dir='ltr'><strong>aute</strong></span> <span class='ocrx_word' id='word_1_252' title='bbox 413 2568 506 2623; x_wconf 81' lang='lat' dir='ltr'><strong>Heius,</strong></span> <span class='ocrx_word' id='word_1_253' title='bbox 519 2568 559 2628; x_wconf 89' lang='lat' dir='ltr'><strong>qul</strong></span> <span class='ocrx_word' id='word_1_254' title='bbox 568 2566 670 2612; x_wconf 89' lang='lat' dir='ltr'><strong>Medicei</strong></span> <span class='ocrx_word' id='word_1_255' title='bbox 681 2579 704 2613; x_wconf 89' lang='lat' dir='ltr'><strong>et</strong></span> <span class='ocrx_word' id='word_1_256' title='bbox 713 2580 798 2614; x_wconf 83' lang='lat' dir='ltr'><strong>vetust.</strong></span> <span class='ocrx_word' id='word_1_257' title='bbox 810 2566 868 2612; x_wconf 92' lang='lat' dir='ltr'><strong>libb.</strong></span> <span class='ocrx_word' id='word_1_258' title='bbox 881 2566 954 2624; x_wconf 79' lang='lat' dir='ltr'><strong>(adde</strong></span> <span class='ocrx_word' id='word_1_259' title='bbox 964 2568 1053 2624; x_wconf 85' lang='lat' dir='ltr'><strong>Servii)</strong></span> <span class='ocrx_word' id='word_1_260' title='bbox 1072 2583 1131 2612; x_wconf 85' lang='lat' dir='ltr'><strong>aue-</strong></span> 
     </span>
     <span class='ocr_line' id='line_1_27' title="bbox 85 2634 1131 2702; baseline -0.001 -20"><span class='ocrx_word' id='word_1_261' title='bbox 85 2640 180 2684; x_wconf 84' lang='lat' dir='ltr'><strong>toritate</strong></span> <span class='ocrx_word' id='word_1_262' title='bbox 189 2642 230 2702; x_wconf 85' lang='lat' dir='ltr'><strong>qui</strong></span> <span class='ocrx_word' id='word_1_263' title='bbox 239 2638 332 2685; x_wconf 88' lang='lat' dir='ltr'><strong>sustulit</strong></span> <span class='ocrx_word' id='word_1_264' title='bbox 339 2654 346 2693; x_wconf 90' lang='lat'>;</span> <span class='ocrx_word' id='word_1_265' title='bbox 358 2649 384 2682; x_wconf 89' lang='lat' dir='ltr'><strong>ut</strong></span> <span class='ocrx_word' id='word_1_266' title='bbox 392 2641 440 2700; x_wconf 79' lang='lat' dir='ltr'><strong>jam</strong></span> <span class='ocrx_word' id='word_1_267' title='bbox 451 2639 541 2682; x_wconf 86' lang='lat' dir='ltr'><strong>Pierius</strong></span> <span class='ocrx_word' id='word_1_268' title='bbox 553 2653 565 2682; x_wconf 90' lang='lat' dir='ltr'><strong>e</strong></span> <span class='ocrx_word' id='word_1_269' title='bbox 576 2639 623 2682; x_wconf 88' lang='lat' dir='ltr'><strong>suis</strong></span> <span class='ocrx_word' id='word_1_270' title='bbox 633 2636 698 2683; x_wconf 91' lang='lat' dir='ltr'><strong>libris</strong></span> <span class='ocrx_word' id='word_1_271' title='bbox 710 2650 791 2683; x_wconf 89' lang='lat' dir='ltr'><strong>auctor</strong></span> <span class='ocrx_word' id='word_1_272' title='bbox 803 2637 886 2688; x_wconf 82' lang='lat' dir='ltr'><strong>fuerat.</strong></span> <span class='ocrx_word' id='word_1_273' title='bbox 900 2635 987 2681; x_wconf 86' lang='lat' dir='ltr'><strong>Suadet</strong></span> <span class='ocrx_word' id='word_1_274' title='bbox 995 2634 1058 2682; x_wconf 88' lang='lat' dir='ltr'><strong>idem</strong></span> <span class='ocrx_word' id='word_1_275' title='bbox 1072 2652 1131 2698; x_wconf 86' lang='lat' dir='ltr'><strong>poe·</strong></span> 
     </span>
     <span class='ocr_line' id='line_1_28' title="bbox 85 2705 1130 2772; baseline -0.003 -18"><span class='ocrx_word' id='word_1_276' title='bbox 85 2711 128 2755; x_wconf 85' lang='lat' dir='ltr'><strong>tici</strong></span> <span class='ocrx_word' id='word_1_277' title='bbox 139 2713 251 2756; x_wconf 83' lang='lat' dir='ltr'><strong>sermonis</strong></span> <span class='ocrx_word' id='word_1_278' title='bbox 265 2713 355 2772; x_wconf 74' lang='lat' dir='ltr'><strong>genius.</strong></span> <span class='ocrx_word' id='word_1_279' title='bbox 368 2710 398 2754; x_wconf 88' lang='lat' dir='ltr'><strong>cf.</strong></span> <span class='ocrx_word' id='word_1_280' title='bbox 410 2724 461 2770; x_wconf 88' lang='lat' dir='ltr'><strong>sup.</strong></span> <span class='ocrx_word' id='word_1_281' title='bbox 476 2708 505 2754; x_wconf 86' lang='lat' dir='ltr'><strong>ad</strong></span> <span class='ocrx_word' id='word_1_282' title='bbox 516 2710 539 2763; x_wconf 87' lang='lat'><strong>1,</strong></span> <span class='ocrx_word' id='word_1_283' title='bbox 553 2707 606 2770; x_wconf 84' lang='lat'>378.</span> <span class='ocrx_word' id='word_1_284' title='bbox 620 2707 653 2753; x_wconf 80' lang='lat' dir='ltr'><strong>ilii</strong></span> <span class='ocrx_word' id='word_1_285' title='bbox 663 2712 704 2772; x_wconf 82' lang='lat' dir='ltr'><strong>qui</strong></span> <span class='ocrx_word' id='word_1_286' title='bbox 716 2713 807 2772; x_wconf 83' lang='lat' dir='ltr'><strong>Trojum</strong></span> <span class='ocrx_word' id='word_1_287' title='bbox 819 2707 922 2754; x_wconf 86' lang='lat' dir='ltr'><strong>Parrbas.</strong></span> <span class='ocrx_word' id='word_1_288' title='bbox 934 2733 965 2745; x_wconf 91' lang='lat'><strong>·-·</strong></span> <span class='ocrx_word' id='word_1_289' title='bbox 979 2705 1031 2762; x_wconf 81' lang='grc'>343.</span> <span class='ocrx_word' id='word_1_290' title='bbox 1045 2707 1130 2752; x_wconf 78' lang='lat' dir='ltr'><strong>Gasan-</strong></span> 
     </span>
     <span class='ocr_line' id='line_1_29' title="bbox 85 2781 1129 2843; baseline -0.003 -16"><span class='ocrx_word' id='word_1_291' title='bbox 85 2783 136 2827; x_wconf 72' lang='grc' dir='ltr'><strong>ἄνω</strong></span> <span class='ocrx_word' id='word_1_292' title='bbox 144 2784 169 2827; x_wconf 90' lang='lat' dir='ltr'><strong>in</strong></span> <span class='ocrx_word' id='word_1_293' title='bbox 181 2781 259 2828; x_wconf 88' lang='lat' dir='ltr'><strong>multis</strong></span> <span class='ocrx_word' id='word_1_294' title='bbox 271 2782 395 2836; x_wconf 85' lang='lat' dir='ltr'><strong>scribitur;</strong></span> <span class='ocrx_word' id='word_1_295' title='bbox 412 2792 435 2826; x_wconf 88' lang='lat' dir='ltr'><strong>et</strong></span> <span class='ocrx_word' id='word_1_296' title='bbox 451 2783 483 2826; x_wconf 89' lang='lat' dir='ltr'><strong>sic</strong></span> <span class='ocrx_word' id='word_1_297' title='bbox 499 2781 548 2827; x_wconf 82' lang='lat' dir='ltr'><strong>fere</strong></span> <span class='ocrx_word' id='word_1_298' title='bbox 564 2783 590 2824; x_wconf 91' lang='lat' dir='ltr'><strong>iu</strong></span> <span class='ocrx_word' id='word_1_299' title='bbox 602 2781 742 2842; x_wconf 76' lang='lat' dir='ltr'><strong>geminanda</strong></span> <span class='ocrx_word' id='word_1_300' title='bbox 756 2781 823 2828; x_wconf 89' lang='lat' dir='ltr'><strong>litera</strong></span> <span class='ocrx_word' id='word_1_301' title='bbox 833 2796 923 2843; x_wconf 86' lang='lat' dir='ltr'><strong>semper</strong></span> <span class='ocrx_word' id='word_1_302' title='bbox 934 2781 1023 2826; x_wconf 87' lang='lat' dir='ltr'><strong>variant</strong></span> <span class='ocrx_word' id='word_1_303' title='bbox 1032 2791 1129 2825; x_wconf 88' lang='lat' dir='ltr'><strong>veteres.</strong></span> 
     </span>
     <span class='ocr_line' id='line_1_30' title="bbox 85 2848 1130 2914; baseline -0.005 -17"><span class='ocrx_word' id='word_1_304' title='bbox 85 2851 149 2897; x_wconf 81' lang='lat' dir='ltr'><strong>conf.</strong></span> <span class='ocrx_word' id='word_1_305' title='bbox 166 2853 245 2898; x_wconf 85' lang='lat' dir='ltr'><strong>Heius.</strong></span> <span class='ocrx_word' id='word_1_306' title='bbox 263 2868 341 2914; x_wconf 87' lang='lat' dir='ltr'><strong>neque</strong></span> <span class='ocrx_word' id='word_1_307' title='bbox 358 2853 382 2895; x_wconf 89' lang='lat' dir='ltr'><strong>in</strong></span> <span class='ocrx_word' id='word_1_308' title='bbox 399 2867 427 2896; x_wconf 89' lang='lat' dir='ltr'><strong>eo</strong></span> <span class='ocrx_word' id='word_1_309' title='bbox 444 2851 592 2906; x_wconf 72' lang='lat' dir='ltr'><strong>haerendum,</strong></span> <span class='ocrx_word' id='word_1_310' title='bbox 606 2852 677 2897; x_wconf 90' lang='lat' dir='ltr'><strong>modo</strong></span> <span class='ocrx_word' id='word_1_311' title='bbox 690 2865 781 2908; x_wconf 81' lang='lat' dir='ltr'><strong>teneas,</strong></span> <span class='ocrx_word' id='word_1_312' title='bbox 796 2853 939 2914; x_wconf 84' lang='lat' dir='ltr'><strong>antiquiores</strong></span> <span class='ocrx_word' id='word_1_313' title='bbox 955 2865 1025 2895; x_wconf 87' lang='lat' dir='ltr'><strong>unam</strong></span> <span class='ocrx_word' id='word_1_314' title='bbox 1039 2848 1130 2893; x_wconf 86' lang='lat' dir='ltr'><strong>literam</strong></span> 
     </span>
     <span class='ocr_line' id='line_1_31' title="bbox 84 2920 1130 2985; baseline -0.004 -19"><span class='ocrx_word' id='word_1_315' title='bbox 84 2924 200 2983; x_wconf 82' lang='lat' dir='ltr'><strong>pinxisse,</strong></span> <span class='ocrx_word' id='word_1_316' title='bbox 212 2924 332 2984; x_wconf 85' lang='lat' dir='ltr'><strong>sequiores</strong></span> <span class='ocrx_word' id='word_1_317' title='bbox 345 2920 458 2984; x_wconf 81' lang='lat' dir='ltr'><strong>adjecisse</strong></span> <span class='ocrx_word' id='word_1_318' title='bbox 470 2921 573 2968; x_wconf 85' lang='lat' dir='ltr'><strong>alteram.</strong></span> <span class='ocrx_word' id='word_1_319' title='bbox 588 2937 695 2968; x_wconf 70' lang='lat' dir='ltr'><strong>necemus</strong></span> <span class='ocrx_word' id='word_1_320' title='bbox 704 2935 804 2985; x_wconf 85' lang='lat' dir='ltr'><strong>quatuor</strong></span> <span class='ocrx_word' id='word_1_321' title='bbox 816 2938 845 2983; x_wconf 88' lang='lat' dir='ltr'><strong>ap</strong></span> <span class='ocrx_word' id='word_1_322' title='bbox 866 2922 943 2966; x_wconf 83' lang='lat' dir='ltr'><strong>Burm.</strong></span> <span class='ocrx_word' id='word_1_323' title='bbox 960 2928 1039 2982; x_wconf 82' lang='lat' dir='ltr'><strong>captus</strong></span> <span class='ocrx_word' id='word_1_324' title='bbox 1054 2931 1130 2963; x_wconf 85' lang='lat' dir='ltr'><strong>umore</strong></span> 
     </span>
     <span class='ocr_line' id='line_1_32' title="bbox 85 2993 673 3058; baseline -0.003 -19"><span class='ocrx_word' id='word_1_325' title='bbox 85 2995 192 3058; x_wconf 85' lang='lat' dir='ltr'><strong>quinque</strong></span> <span class='ocrx_word' id='word_1_326' title='bbox 202 2993 260 3038; x_wconf 90' lang='lat' dir='ltr'><strong>ibid.</strong></span> <span class='ocrx_word' id='word_1_327' title='bbox 446 2997 447 3003; x_wconf 78' lang='grc'>’</span> <span class='ocrx_word' id='word_1_328' title='bbox 669 2997 673 3004; x_wconf 84' lang='lat'>&#39;</span> 
     </span>
    </p>
   </div>
   <div class='ocr_carea' id='block_1_4' title="bbox 80 3141 1181 4110">
    <p class='ocr_par' dir='ltr' id='par_1_9' title="bbox 83 3141 1181 3377">
     <span class='ocr_line' id='line_1_33' title="bbox 84 3141 1181 3217; baseline -0.005 -19"><span class='ocrx_word' id='word_1_329' title='bbox 84 3159 111 3198; x_wconf 90' lang='lat' dir='ltr'><strong>et</strong></span> <span class='ocrx_word' id='word_1_330' title='bbox 124 3157 228 3198; x_wconf 87' lang='lat' dir='ltr'><strong>erectus</strong></span> <span class='ocrx_word' id='word_1_331' title='bbox 240 3147 318 3198; x_wconf 88' lang='lat' dir='ltr'><strong>ensis.</strong></span> <span class='ocrx_word' id='word_1_332' title='bbox 331 3145 583 3210; x_wconf 82' lang='lat' dir='ltr'><strong>eecoMarte,noc·</strong></span> <span class='ocrx_word' id='word_1_333' title='bbox 631 3147 666 3198; x_wconf 94' lang='lat' dir='ltr'><strong>lll</strong></span> <span class='ocrx_word' id='word_1_334' title='bbox 688 3167 728 3217; x_wconf 87' lang='lat' dir='ltr'><strong>pr.</strong></span> <span class='ocrx_word' id='word_1_335' title='bbox 753 3142 957 3216; x_wconf 77' lang='lat' dir='ltr'><strong>Adylomerant‚</strong></span> <span class='ocrx_word' id='word_1_336' title='bbox 981 3141 1077 3205; x_wconf 86' lang='lat' dir='ltr'><strong>docte,</strong></span> <span class='ocrx_word' id='word_1_337' title='bbox 1099 3159 1127 3192; x_wconf 86' lang='lat' dir='ltr'><strong>se</strong></span> <span class='ocrx_word' id='word_1_338' title='bbox 1178 3182 1181 3194; x_wconf 86' lang='lat'><strong>.</strong></span> 
     </span>
     <span class='ocr_line' id='line_1_34' title="bbox 84 3219 1129 3297; baseline -0.006 -21"><span class='ocrx_word' id='word_1_339' title='bbox 84 3239 164 3278; x_wconf 90' lang='lat' dir='ltr'><strong>turno</strong></span> <span class='ocrx_word' id='word_1_340' title='bbox 173 3227 274 3297; x_wconf 73' lang='lat' dir='ltr'><strong>praelio,</strong></span> <span class='ocrx_word' id='word_1_341' title='bbox 283 3246 335 3297; x_wconf 89' lang='lat' dir='ltr'><strong>quo</strong></span> <span class='ocrx_word' id='word_1_342' title='bbox 344 3228 417 3278; x_wconf 88' lang='lat' dir='ltr'><strong>cerni</strong></span> <span class='ocrx_word' id='word_1_343' title='bbox 426 3244 458 3278; x_wconf 84' lang='lat' dir='ltr'><strong>ac</strong></span> <span class='ocrx_word' id='word_1_344' title='bbox 468 3225 583 3278; x_wconf 86' lang='lat' dir='ltr'><strong>discerni</strong></span> <span class='ocrx_word' id='word_1_345' title='bbox 632 3226 786 3296; x_wconf 74' lang='lat' dir='ltr'><strong>adjungunt.</strong></span> <span class='ocrx_word' id='word_1_346' title='bbox 811 3241 869 3295; x_wconf 89' lang='lat' dir='ltr'><strong>sup.</strong></span> <span class='ocrx_word' id='word_1_347' title='bbox 895 3221 954 3274; x_wconf 81' lang='lat'>315.</span> <span class='ocrx_word' id='word_1_348' title='bbox 981 3219 1129 3293; x_wconf 73' lang='lat' dir='ltr'><strong>qlomerure</strong></span> 
     </span>
     <span class='ocr_line' id='line_1_35' title="bbox 83 3293 1126 3377; baseline -0.008 -19"><span class='ocrx_word' id='word_1_349' title='bbox 83 3306 169 3359; x_wconf 87' lang='lat' dir='ltr'><strong>hostis</strong></span> <span class='ocrx_word' id='word_1_350' title='bbox 182 3293 282 3377; x_wconf 85' lang='lat' dir='ltr'><strong>neqiiit.</strong></span> <span class='ocrx_word' id='word_1_351' title='bbox 631 3323 740 3357; x_wconf 84' lang='lat' dir='ltr'><strong>manum</strong></span> <span class='ocrx_word' id='word_1_352' title='bbox 748 3304 891 3376; x_wconf 78' lang='lat' dir='ltr'><strong>adjungere</strong></span> <span class='ocrx_word' id='word_1_353' title='bbox 899 3319 1006 3362; x_wconf 86' lang='lat' dir='ltr'><strong>manus,</strong></span> <span class='ocrx_word' id='word_1_354' title='bbox 1015 3302 1126 3352; x_wconf 86' lang='lat' dir='ltr'><strong>sociare.</strong></span> 
     </span>
    </p>

    <p class='ocr_par' dir='ltr' id='par_1_10' title="bbox 81 3381 1128 3785">
     <span class='ocr_line' id='line_1_36' title="bbox 119 3381 1127 3448; baseline -0.017 1"><span class='ocrx_word' id='word_1_355' title='bbox 119 3396 214 3448; x_wconf 85' lang='lat'>336—</span> <span class='ocrx_word' id='word_1_356' title='bbox 223 3395 283 3448; x_wconf 80' lang='lat'>358.</span> <span class='ocrx_word' id='word_1_357' title='bbox 294 3392 414 3446; x_wconf 82' lang='lat' dir='ltr'><strong>Numine</strong></span> <span class='ocrx_word' id='word_1_358' title='bbox 426 3391 512 3442; x_wconf 88' lang='lat' dir='ltr'><strong>divom</strong></span> <span class='ocrx_word' id='word_1_359' title='bbox 522 3403 581 3443; x_wconf 87' lang='lat' dir='ltr'><strong>tan·</strong></span> <span class='ocrx_word' id='word_1_360' title='bbox 629 3386 749 3438; x_wconf 82' lang='lat' dir='ltr'><strong>Suaviter</strong></span> <span class='ocrx_word' id='word_1_361' title='bbox 764 3403 853 3437; x_wconf 87' lang='lat' dir='ltr'><strong>rerum</strong></span> <span class='ocrx_word' id='word_1_362' title='bbox 868 3381 1026 3434; x_wconf 86' lang='lat' dir='ltr'><strong>miserabilis</strong></span> <span class='ocrx_word' id='word_1_363' title='bbox 1043 3382 1127 3433; x_wconf 81' lang='lat' dir='ltr'><strong>facies</strong></span> 
     </span>
     <span class='ocr_line' id='line_1_37' title="bbox 82 3459 1128 3548; baseline -0.016 -21"><span class='ocrx_word' id='word_1_364' title='bbox 82 3496 165 3548; x_wconf 82' lang='lat' dir='ltr'><strong>quam</strong></span> <span class='ocrx_word' id='word_1_365' title='bbox 189 3496 205 3528; x_wconf 85' lang='lat' dir='ltr'><strong>a</strong></span> <span class='ocrx_word' id='word_1_366' title='bbox 227 3476 279 3528; x_wconf 80' lang='lat' dir='ltr'><strong>deo</strong></span> <span class='ocrx_word' id='word_1_367' title='bbox 303 3475 392 3545; x_wconf 87' lang='lat' dir='ltr'><strong>aliquo</strong></span> <span class='ocrx_word' id='word_1_368' title='bbox 419 3470 538 3524; x_wconf 69' lang='lat' dir='ltr'><strong>antus&#39;-</strong></span> <span class='ocrx_word' id='word_1_369' title='bbox 553 3475 580 3526; x_wconf 77' lang='lat' dir='ltr'><strong>in</strong></span> <span class='ocrx_word' id='word_1_370' title='bbox 629 3466 798 3536; x_wconf 81' lang='lat' dir='ltr'><strong>distinguitur</strong></span> <span class='ocrx_word' id='word_1_371' title='bbox 808 3459 928 3534; x_wconf 85' lang='lat' dir='ltr'><strong>episodio</strong></span> <span class='ocrx_word' id='word_1_372' title='bbox 938 3462 1013 3514; x_wconf 87' lang='lat' dir='ltr'><strong>brevi</strong></span> <span class='ocrx_word' id='word_1_373' title='bbox 1027 3461 1060 3514; x_wconf 91' lang='lat' dir='ltr'><strong>de</strong></span> <span class='ocrx_word' id='word_1_374' title='bbox 1073 3460 1128 3512; x_wconf 82' lang='lat' dir='ltr'><strong>Co·</strong></span> 
     </span>
     <span class='ocr_line' id='line_1_38' title="bbox 81 3541 1124 3624; baseline -0.018 -15"><span class='ocrx_word' id='word_1_375' title='bbox 81 3556 201 3608; x_wconf 87' lang='lat' dir='ltr'><strong>medium</strong></span> <span class='ocrx_word' id='word_1_376' title='bbox 210 3555 363 3608; x_wconf 86' lang='lat' dir='ltr'><strong>incendium</strong></span> <span class='ocrx_word' id='word_1_377' title='bbox 375 3566 401 3606; x_wconf 87' lang='lat' dir='ltr'><strong>et</strong></span> <span class='ocrx_word' id='word_1_378' title='bbox 413 3570 514 3624; x_wconf 69' lang='lat' dir='ltr'><strong>pugnas</strong></span> <span class='ocrx_word' id='word_1_379' title='bbox 527 3554 580 3603; x_wconf 86' lang='lat' dir='ltr'><strong>ruit</strong></span> <span class='ocrx_word' id='word_1_380' title='bbox 628 3547 703 3601; x_wconf 81' lang='lat' dir='ltr'><strong>roeho</strong></span> <span class='ocrx_word' id='word_1_381' title='bbox 724 3544 864 3617; x_wconf 73' lang='lat' dir='ltr'><strong>Mygdonis</strong></span> <span class='ocrx_word' id='word_1_382' title='bbox 883 3541 951 3608; x_wconf 85' lang='lat' dir='ltr'><strong>filio,</strong></span> <span class='ocrx_word' id='word_1_383' title='bbox 973 3541 1006 3596; x_wconf 89' lang='lat' dir='ltr'><strong>de</strong></span> <span class='ocrx_word' id='word_1_384' title='bbox 1026 3559 1079 3611; x_wconf 91' lang='lat' dir='ltr'><strong>quo</strong></span> <span class='ocrx_word' id='word_1_385' title='bbox 1097 3559 1124 3591; x_wconf 83' lang='lat' dir='ltr'><strong>v.</strong></span> 
     </span>
     <span class='ocr_line' id='line_1_39' title="bbox 81 3623 1127 3706; baseline -0.017 -17"><span class='ocrx_word' id='word_1_386' title='bbox 81 3638 188 3688; x_wconf 82' lang='lat' dir='ltr'><strong>AEneas.</strong></span> <span class='ocrx_word' id='word_1_387' title='bbox 198 3637 330 3706; x_wconf 84' lang='lat' dir='ltr'><strong>Erinnys,</strong></span> <span class='ocrx_word' id='word_1_388' title='bbox 341 3653 399 3705; x_wconf 82' lang='lat' dir='ltr'><strong>quae</strong></span> <span class='ocrx_word' id='word_1_389' title='bbox 410 3646 470 3685; x_wconf 84' lang='lat' dir='ltr'><strong>ante</strong></span> <span class='ocrx_word' id='word_1_390' title='bbox 480 3633 579 3697; x_wconf 86' lang='lat' dir='ltr'><strong>Furor,</strong></span> <span class='ocrx_word' id='word_1_391' title='bbox 604 3673 605 3676; x_wconf 66' lang='lat'><strong>,</strong></span> <span class='ocrx_word' id='word_1_392' title='bbox 627 3628 689 3681; x_wconf 80' lang='lat' dir='ltr'><strong>Exn.</strong></span> <span class='ocrx_word' id='word_1_393' title='bbox 701 3628 725 3678; x_wconf 89' lang='lat' dir='ltr'>X</span> <span class='ocrx_word' id='word_1_394' title='bbox 735 3625 770 3678; x_wconf 88' lang='lat' dir='ltr'><strong>ad</strong></span> <span class='ocrx_word' id='word_1_395' title='bbox 776 3625 802 3676; x_wconf 90' lang='lat' dir='ltr'><strong>h.</strong></span> <span class='ocrx_word' id='word_1_396' title='bbox 811 3643 835 3675; x_wconf 91' lang='lat' dir='ltr'><strong>v.</strong></span> <span class='ocrx_word' id='word_1_397' title='bbox 843 3623 941 3690; x_wconf 70' lang='grc'>-344,</span> <span class='ocrx_word' id='word_1_398' title='bbox 948 3635 1127 3694; x_wconf 71' lang='lat' dir='ltr'><strong>qenerautem</strong></span> 
     </span>
     <span class='ocr_line' id='line_1_40' title="bbox 81 3701 1121 3785; baseline -0.015 -19"><span class='ocrx_word' id='word_1_399' title='bbox 81 3714 108 3766; x_wconf 92' lang='lat' dir='ltr'><strong>h.</strong></span> <span class='ocrx_word' id='word_1_400' title='bbox 123 3737 146 3768; x_wconf 90' lang='lat' dir='ltr'><strong>e.</strong></span> <span class='ocrx_word' id='word_1_401' title='bbox 160 3719 242 3768; x_wconf 84' lang='lat' dir='ltr'><strong>animi</strong></span> <span class='ocrx_word' id='word_1_402' title='bbox 252 3718 373 3785; x_wconf 86' lang='lat' dir='ltr'><strong>impetus.</strong></span> <span class='ocrx_word' id='word_1_403' title='bbox 627 3705 654 3759; x_wconf 88' lang='lat' dir='ltr'><strong>b.</strong></span> <span class='ocrx_word' id='word_1_404' title='bbox 676 3708 694 3759; x_wconf 89' lang='lat' dir='ltr'><strong>l.</strong></span> <span class='ocrx_word' id='word_1_405' title='bbox 716 3725 771 3777; x_wconf 88' lang='lat' dir='ltr'><strong>spe.</strong></span> <span class='ocrx_word' id='word_1_406' title='bbox 785 3735 819 3746; x_wconf 91' lang='lat'><em>-</em></span> <span class='ocrx_word' id='word_1_407' title='bbox 832 3703 891 3772; x_wconf 90' lang='grc'>345.</span> <span class='ocrx_word' id='word_1_408' title='bbox 910 3713 1039 3774; x_wconf 77' lang='lat' dir='ltr'><strong>precepta</strong></span> <span class='ocrx_word' id='word_1_409' title='bbox 1055 3701 1081 3754; x_wconf 92' lang='lat' dir='ltr'><strong>h.</strong></span> <span class='ocrx_word' id='word_1_410' title='bbox 1104 3701 1121 3752; x_wconf 92' lang='lat' dir='ltr'><strong>l.</strong></span> 
     </span>
    </p>

    <p class='ocr_par' dir='ltr' id='par_1_11' title="bbox 80 3781 1132 4110">
     <span class='ocr_line' id='line_1_41' title="bbox 117 3781 1126 3864; baseline -0.019 -15"><span class='ocrx_word' id='word_1_411' title='bbox 117 3796 275 3864; x_wconf 83' lang='grc'>340-346.</span> <span class='ocrx_word' id='word_1_412' title='bbox 284 3797 323 3847; x_wconf 89' lang='lat' dir='ltr'><strong>De</strong></span> <span class='ocrx_word' id='word_1_413' title='bbox 332 3797 418 3847; x_wconf 80' lang='lat' dir='ltr'><strong>AEneae</strong></span> <span class='ocrx_word' id='word_1_414' title='bbox 425 3791 580 3864; x_wconf 76' lang='lat' dir='ltr'><strong>pugnalege</strong></span> <span class='ocrx_word' id='word_1_415' title='bbox 628 3802 690 3844; x_wconf 80' lang='lat' dir='ltr'><strong>sunt</strong></span> <span class='ocrx_word' id='word_1_416' title='bbox 698 3789 800 3839; x_wconf 89' lang='lat' dir='ltr'><strong>monita</strong></span> <span class='ocrx_word' id='word_1_417' title='bbox 806 3789 873 3838; x_wconf 89' lang='lat' dir='ltr'><strong>vatis</strong></span> <span class='ocrx_word' id='word_1_418' title='bbox 883 3805 899 3837; x_wconf 90' lang='lat' dir='ltr'><strong>a</strong></span> <span class='ocrx_word' id='word_1_419' title='bbox 909 3784 959 3836; x_wconf 88' lang='lat' dir='ltr'><strong>deo</strong></span> <span class='ocrx_word' id='word_1_420' title='bbox 970 3797 1050 3844; x_wconf 53' lang='lat' dir='ltr'><strong>actam</strong></span> <span class='ocrx_word' id='word_1_421' title='bbox 1065 3781 1126 3832; x_wconf 56' lang='lat' dir='ltr'><strong>scil„</strong></span> 
     </span>
     <span class='ocr_line' id='line_1_42' title="bbox 80 3859 1125 3946; baseline -0.018 -18"><span class='ocrx_word' id='word_1_422' title='bbox 80 3871 580 3946; x_wconf 81' lang='lat' dir='ltr'><strong>Quintulel,300sq.-perlnnam</strong></span> <span class='ocrx_word' id='word_1_423' title='bbox 628 3888 661 3920; x_wconf 89' lang='lat' dir='ltr'><strong>ne</strong></span> <span class='ocrx_word' id='word_1_424' title='bbox 689 3869 823 3920; x_wconf 88' lang='lat' dir='ltr'><strong>communi</strong></span> <span class='ocrx_word' id='word_1_425' title='bbox 849 3866 1028 3934; x_wconf 87' lang='lat' dir='ltr'><strong>Trojanorum</strong></span> <span class='ocrx_word' id='word_1_426' title='bbox 1052 3859 1125 3911; x_wconf 83' lang='lat' dir='ltr'><strong>cladi</strong></span> 
     </span>
     <span class='ocr_line' id='line_1_43' title="bbox 81 3942 1132 4026; baseline -0.02 -18"><span class='ocrx_word' id='word_1_427' title='bbox 81 3957 162 4009; x_wconf 86' lang='lat' dir='ltr'><strong>docte</strong></span> <span class='ocrx_word' id='word_1_428' title='bbox 173 3956 271 4026; x_wconf 85' lang='lat' dir='ltr'><strong>adjecit</strong></span> <span class='ocrx_word' id='word_1_429' title='bbox 282 3967 376 4024; x_wconf 85' lang='lat' dir='ltr'><strong>poeta:</strong></span> <span class='ocrx_word' id='word_1_430' title='bbox 390 3973 415 4005; x_wconf 76' lang='lat' dir='ltr'><strong>s.</strong></span> <span class='ocrx_word' id='word_1_431' title='bbox 428 3964 536 4004; x_wconf 86' lang='lat' dir='ltr'><strong>narrata</strong></span> <span class='ocrx_word' id='word_1_432' title='bbox 546 3949 579 4004; x_wconf 90' lang='lat' dir='ltr'><strong>de</strong></span> <span class='ocrx_word' id='word_1_433' title='bbox 628 3953 684 4020; x_wconf 89' lang='lat' dir='ltr'><strong>ipse</strong></span> <span class='ocrx_word' id='word_1_434' title='bbox 697 3962 824 4019; x_wconf 89' lang='lat' dir='ltr'><strong>tanquam</strong></span> <span class='ocrx_word' id='word_1_435' title='bbox 835 3963 896 4017; x_wconf 88' lang='lat' dir='ltr'><strong>pars</strong></span> <span class='ocrx_word' id='word_1_436' title='bbox 910 3942 1060 4002; x_wconf 85' lang='lat' dir='ltr'><strong>accederet,</strong></span> <span class='ocrx_word' id='word_1_437' title='bbox 1073 3957 1132 4024; x_wconf 75' lang='lat' dir='ltr'><strong>nee·¹</strong></span> 
     </span>
     <span class='ocr_line' id='line_1_44' title="bbox 80 4017 1125 4110; baseline -0.022 -20"><span class='ocrx_word' id='word_1_438' title='bbox 80 4049 203 4110; x_wconf 80' lang='lat' dir='ltr'><strong>tempore</strong></span> <span class='ocrx_word' id='word_1_439' title='bbox 214 4034 309 4088; x_wconf 87' lang='lat' dir='ltr'><strong>excidii</strong></span> <span class='ocrx_word' id='word_1_440' title='bbox 319 4035 365 4086; x_wconf 84' lang='lat' dir='ltr'><strong>ini.</strong></span> <span class='ocrx_word' id='word_1_441' title='bbox 374 4035 435 4088; x_wconf 83' lang='lat' dir='ltr'><strong>Exc.</strong></span> <span class='ocrx_word' id='word_1_442' title='bbox 444 4035 475 4088; x_wconf 87' lang='lat'><strong>11.</strong></span> <span class='ocrx_word' id='word_1_443' title='bbox 488 4031 522 4086; x_wconf 90' lang='lat' dir='ltr'><strong>ad</strong></span> <span class='ocrx_word' id='word_1_444' title='bbox 531 4031 577 4086; x_wconf 87' lang='lat' dir='ltr'><strong>lib.</strong></span> <span class='ocrx_word' id='word_1_445' title='bbox 629 4047 692 4088; x_wconf 77' lang='lat' dir='ltr'><strong>suas</strong></span> <span class='ocrx_word' id='word_1_446' title='bbox 702 4030 808 4101; x_wconf 80' lang='lat' dir='ltr'><strong>nuptias</strong></span> <span class='ocrx_word' id='word_1_447' title='bbox 816 4036 942 4098; x_wconf 72' lang='lat' dir='ltr'><strong>speraret.</strong></span> <span class='ocrx_word' id='word_1_448' title='bbox 954 4017 1055 4090; x_wconf 81' lang='lat' dir='ltr'><strong>Infelix</strong></span> <span class='ocrx_word' id='word_1_449' title='bbox 1061 4035 1125 4072; x_wconf 82' lang='lat' dir='ltr'><strong>sua-</strong></span> 
     </span>
    </p>
   </div>
   <div class='ocr_carea' id='block_1_5' title="bbox 0 0 1376 4586">
    <p class='ocr_par' dir='ltr' id='par_1_12' title="bbox 0 0 1376 4586">
     <span class='ocr_line' id='line_1_45' title="bbox 0 0 1376 4586; baseline 0 4"><span class='ocrx_word' id='word_1_450' title='bbox 0 0 1376 4586; x_wconf 95' lang='lat' dir='ltr'><strong> </strong></span> 
     </span>
    </p>
   </div>
  </div>
 </body>
</html>
