2690 4594
233 285 295 378 ⁴6ss
472 313 474 320 .
569 271 838 340 EXCURSUS
858 273 941 339 XII

225 406 361 484 famulam
369 397 586 474 famulo'Heleno
598 399 741 451 transmisit
751 397 897 448 habendam
909 418 916 446 :
929 382 1081 450 hilinones.
1095 408 1184 450 antec.
1194 395 1227 448 X.
1235 395 1278 450 Ast

229 494 317 558 illum,
326 495 418 558 ereptae
430 498 525 553 magno
536 479 714 554 inflammatas
723 496 812 528 amore
823 477 944 549 Corty'ayis
953 475 1116 530 etscelerum
1123 478 1213 530 Furiis
1224 479 1277 548 aqi-

230 583 313 632 tatns,
326 567 422 618 Orestes
436 558 544 629 Excipit
553 557 688 608 incautam
697 555 848 628 patriasque
859 556 1041 607 obtmncatad
1048 573 1118 608 aras.
1130 558 1215 608 Poeta
1225 574 1275 606 rem

229 655 267 705 ita
276 646 366 709 tradit,
379 654 408 692 ut
419 637 531 711 Pyrrhus
541 637 697 702 Hermiones
709 653 798 686 amore
809 647 902 705 captus
912 633 1061 688 fastiditam
1070 634 1275 686 Andromachen

229 730 330 783 Heleno
342 734 453 793 nuptum
463 717 581 780 dederit,
591 729 673 786 utque
683 728 777 786 postea
787 713 914 786 Pyrrhum
923 715 1044 776 Orestes;
1056 717 1101 767 cui
1111 715 1208 768 eadem
1218 716 1275 765 Her-

229 812 335 869 mione,
349 802 455 854 Helenae
469 799 586 848 Lacoenoe
600 796 654 852 lilia
667 796 795 866 hdoeque
808 794 877 846 adeo
890 796 989 866 neptis,
996 798 1053 865 jam
1071 795 1138 846 olim
1149 798 1275 866 promissa

228 867 317 940 lueiat
332 880 410 951 (nota
427 894 468 928 res
478 876 520 927 vel
533 893 564 926 ex
573 873 662 944 Oyidii
672 874 753 943 Epist.
766 870 854 944 Vlll),
864 875 1042 936 interemerit;
1056 893 1112 944 quo
1125 876 1200 925 facto
1217 892 1274 944 pars

228 967 315 1036 Epiri,
327 959 461 1019 Chaonia,
472 954 573 1006 Heleno
584 953 721 1024 regnanda
731 954 783 1003 fuit
792 951 900 1006 tradita.
910 973 935 1004 v.
946 954 1038 1024 Eurip.
1050 955 1079 1004 in
1089 953 1274 1004 Andromache

228 1062 255 1100 et
267 1049 294 1096 in
303 1046 405 1096 Oreste.
417 1035 469 1088 Alii
480 1034 569 1096 aliter;
580 1053 642 1084 nam
652 1034 725 1084 varie
736 1051 776 1083 res
788 1053 804 1084 a
813 1036 899 1102 poetis
912 1046 1034 1086 tractata.
1045 1033 1158 1085 v.Pind.
1166 1036 1240 1086 Nem.
1252 1050 1273 1100 7,

227 1115 293 1179 Soet
302 1116 432 1174 ibiSehol.
440 1116 475 1166 ol.
484 1113 555 1164 Serv.
568 1131 626 1182 sup.
634 1112 698 1163 adv.
706 1128 765 1181 297.
772 1113 811 1164 De
817 1113 971 1164 Hermiones
978 1125 1004 1165 et
1009 1113 1106 1185 Pyrrhi
1115 1115 1216 1183 nuptiis
1222 1114 1275 1162 lun·

227 1205 277 1256 dus
286 1215 325 1254 est
335 1219 377 1269 ap.
384 1198 492 1247 Homer.
499 1190 593 1262 Odyss.
605 1192 632 1250 d,
642 1191 659 1242 5
670 1209 727 1261 sqq.
737 1190 784 1242 sed
794 1190 925 1242 occiditur
934 1191 1048 1263 Pyrrhus
1057 1193 1162 1264 patrias
1170 1192 1270 1243 aderas.

226 1285 307 1336 Varie
321 1281 377 1347 jam
393 1273 456 1324 oliin
472 1271 630 1340 interpretes
641 1282 814 1338 acceperunt;
828 1289 852 1322 v.
864 1269 935 1321 Serv.
954 1283 980 1321 et
989 1272 1123 1341 Pompon.
1135 1270 1196 1323 sab.
1207 1271 1233 1321 Si
1245 1288 1273 1320 ex

227 1381 277 1414 usu
290 1354 418 1427 loquendi
435 1368 476 1401 res
495 1348 682 1417 dijudicanda;
697 1349 892 1418 simplicissima
903 1351 972 1400 ratio
992 1363 1046 1414 est,
1059 1364 1091 1400 ut
1104 1369 1238 1402 reversum
1248 1351 1273 1398 in

226 1442 342 1512 patriam
351 1431 496 1506 Pyrrhum,
508 1446 565 1479 rem
578 1445 682 1478 sacram
691 1428 850 1491 facientem,
861 1439 921 1479 ante
932 1447 1006 1479 aram
1018 1429 1129 1481 Orestes
1143 1428 1272 1480 occiderit.

224 1520 325 1573 Phthiae
334 1516 414 1585 igitur
424 1511 524 1560 factum
541 1506 569 1556 id
585 1519 666 1576 poeta
682 1507 772 1576 ponit,
790 1509 816 1557 in
833 1525 886 1576 quo
902 1505 1034 1560 hactenus
1051 1507 1210 1579 Euripidem
1226 1509 1273 1557 hn-

226 1601 312 1652 drom.
330 1592 395 1660 1243
405 1606 464 1658 sqq.
480 1588 617 1655 sequitur,
630 1599 662 1636 ut
672 1598 733 1656 post
742 1585 840 1636 caedem
849 1585 942 1657 Pyrrhi
951 1586 1144 1638 Andromache
1153 1605 1215 1638 cum
1229 1586 1274 1636 He-

224 1680 286 1731 leno
299 1678 327 1726 in
338 1673 448 1742 Epirum
464 1666 573 1716 dimissa
588 1666 678 1715 fuerit.
698 1665 737 1715 Eo
755 1666 834 1715 etiam
851 1663 948 1715 ducere
964 1665 1091 1723 videntur
1107 1685 1134 1715 v.
1151 1665 1212 1716 333.
1227 1664 1275 1729 334

225 1757 311 1808 Morte
320 1743 661 1819 Neoptolemi-.Vulgaris
672 1756 760 1794 tamen
768 1744 885 1793 narratio
893 1741 1005 1812 Delphis
1016 1745 1139 1794 occisum
1148 1743 1272 1816 Pyrrhum

225 1814 320 1894 iradit;
331 1832 400 1883 hane
413 1829 435 1876 si
447 1824 577 1894 adoptare
594 1842 701 1875 neeesse
721 1824 768 1885 sit,
782 1841 879 1892 sequar
894 1822 968 1874 illam
984 1827 1119 1876 rationem
1136 1843 1195 1894 quar
1210 1827 1275 1875 inter

225 1915 290 1968 alias
307 1914 335 1962 in
351 1902 593 1966 Servianisyallatas
612 1904 743 1966 occurrit,
756 1915 786 1952 ut
802 1900 912 1971 Delphis
927 1920 1001 1955 aram
1018 1905 1091 1974 patri
1109 1906 1274 1956 constituerit

223 1990 354 2065 Pyrrhus,
372 1985 406 2037 ad
426 2001 506 2053 quam
518 1999 594 2033 sacra
609 1981 723 2034 faceret:
745 1982 838 2050 Neque
855 1980 883 2032 id
900 1981 957 2032 sine
977 1983 1100 2052 exemplo
1118 1984 1274 2047 lactum,ex

198 2121 204 2133 ,
222 2071 365 2132 Pausania,
373 2066 420 2117 uhi
429 2063 463 2114 de
472 2061 582 2133 Delphis
593 2063 662 2132 agit,
674 2061 805 2112 declarari
815 2060 893 2112 facile
903 2063 997 2131 possit;
1007 2065 1047 2113 uti
1056 2076 1155 2133 postea
1164 2064 1274 2136 Pyrrhus

223 2157 280 2225 ipse
290 2153 341 2203 fuit
353 2152 421 2200 inter
434 2144 529 2196 heroes
543 2141 654 2212 Delphis
672 2140 770 2193 sacello
787 2141 949 2206 celebratos,
961 2142 1035 2211 quod
1049 2163 1063 2194 e
1081 2144 1199 2196 Pindaro
1212 2163 1274 2196 con-

223 2245 283 2284 stat.
297 2231 375 2290 Nam,
385 2243 443 2276 aras
455 2222 555 2293 patrias
566 2239 616 2291 pro
628 2239 675 2272 ara
683 2220 815 2291 Apollinis
825 2215 934 2289 πατρῴου
948 2220 1011 2286 diei,
1025 2222 1122 2272 durum
1136 2237 1214 2275 esset.
1226 2222 1275 2274 Sed
1324 2221 1325 2265 l

222 2317 292 2366 forte
303 2321 383 2382 poeta
394 2310 421 2358 in
431 2315 488 2354 toto
502 2302 625 2353 hocloco
636 2313 744 2372 poetam
761 2300 878 2371 aliquem
895 2302 1035 2370 antiquum
1050 2316 1113 2354 ante
1126 2304 1220 2354 oculos
1232 2302 1276 2354 ha-

222 2392 298 2454 buit,
309 2390 354 2458 qui
367 2403 439 2436 nunc
449 2380 599 2442 intercidit;
611 2394 636 2432 et
647 2381 718 2432 varie
728 2380 780 2430 hoc
789 2391 973 2450 argumentum
981 2382 1065 2432 fuisse
1076 2393 1236 2445 tractatum,
1246 2397 1275 2432 ex
1323 2429 1324 2432 ,

134 2465 135 2472 ¹
221 2467 356 2538 Euripidis
372 2464 459 2515 Oreste
475 2471 501 2511 et
516 2457 718 2523 Andromacha,
731 2476 812 2528 quam
828 2459 928 2509 Ennius
947 2461 974 2508 in
990 2458 1181 2510 Andromacha
1195 2459 1276 2511 latine

221 2557 351 2607 verterat,
365 2542 417 2594 alia
428 2540 480 2588 luit
493 2535 677 2588 Andromache
698 2538 727 2588 in
740 2535 876 2601 Molossis,
889 2556 970 2608 porro
981 2554 1012 2589 ex
1026 2537 1157 2602 Pindari,
1171 2537 1276 2590 Strabo·

222 2629 280 2689 nis,
298 2621 432 2674 Pausaniae
450 2619 616 2687 aliorumque
633 2616 699 2668 loeis
715 2630 835 2688 apparet.
853 2618 992 2690 Polygnoti
1011 2619 1112 2670 tabulae
1132 2621 1161 2671 in
1176 2617 1274 2671 Lesehe

222 2701 354 2772 Delphica
365 2716 408 2768 ap.
420 2697 532 2746 Pausan.
550 2695 588 2757 X,
601 2694 641 2747 25.
654 2695 695 2746 2'6.
708 2715 742 2747 an
753 2695 787 2748 ad
799 2696 969 2766 Neoptolemi
983 2698 1145 2749 memoriam
1161 2697 1275 2749 recolen-

223 2781 286 2833 dam
302 2779 460 2850 spectarint,
478 2793 509 2826 ex
525 2776 584 2843 ipso
597 2793 689 2826 earum
709 2788 864 2847 argumento
882 2779 987 2846 assequi
1004 2775 1117 2830 difficile
1136 2792 1184 2830 est.
1198 2775 1274 2844 Quod

190 2878 195 2890 ¹
224 2875 311 2914 autem
322 2860 358 2910 ad
369 2857 556 2921 qramoccisus
567 2867 606 2906 est
617 2856 824 2926 Neoptolemus,
836 2859 864 2907 in
879 2857 1036 2928 religionem
1053 2877 1163 2910 versum
1180 2872 1235 2922 est,
1248 2867 1274 2906 ut

224 2943 342 2993 evenisse
353 2938 381 2990 id
390 2936 525 2989 videretur
535 2933 570 2985 ad
582 2927 764 2986 ulciscendaln
774 2937 870 2986 Priami
882 2935 980 2987 caedem
990 2954 1006 2987 a
1020 2937 1206 3008 Neoptolemo
1219 2947 1275 2988 ante

223 3039 297 3074 aram
305 3020 378 3071 Jovis
388 3017 482 3069 Hercei
492 3016 598 3066 luctam.
611 3015 645 3066 cf.
656 3012 802 3085 Tryphiod.
816 3013 867 3067 638
880 3031 919 3085 sq.
1321 3003 1322 3016 ¹

468 3315 833 3449 nxefonsos
869 3319 1015 3405 mm

368 3490 422 3553 De
434 3494 623 3580 cognatione
636 3494 721 3555 inter
733 3491 887 3578 Epirotas
900 3507 932 3554 et
945 3489 1126 3558 Romanos.

255 3651 305 3714 HI,
320 3647 475 3711 500--505-
494 3652 603 3713 AEneas,
618 3651 664 3702 ubi
680 3652 708 3701 in
720 3649 797 3702 ltalia
809 3650 885 3702 sedes
897 3662 982 3701 certas
1000 3663 1098 3700 nactus
1117 3652 1217 3712 fuerit;
1234 3653 1275 3704 co-

219 3743 312 3804 gnatas
319 3769 328 3796 ,
339 3731 439 3800 inquit,
454 3731 527 3782 arbes
538 3727 602 3780 oliin
611 3729 774 3802 populosque
783 3733 944 3803 propinquos
953 3730 1084 3800 Hesperia
1094 3731 1179 3801 Epiro
1190 3733 1202 3802 (
1215 3732 1275 3804 qai·
1318 3721 1319 3746 l

205 3809 207 3812 ’
222 3815 267 3877 bus
279 3811 347 3861 idem
358 3811 497 3861 Dardanus
506 3820 598 3860 auctor
606 3809 693 3880 Atque
705 3811 773 3861 idem
789 3811 878 3881 casus)
890 3809 1113 3880 unamsaciemus
1123 3821 1274 3884 utramque.

220 3891 358 3960 ingeniose
377 3890 433 3941 haee
451 3901 531 3959 poeta
544 3909 557 3938 e
574 3891 628 3939 suis
644 3893 808 3960 temporibus
828 3891 924 3943 intulit.
938 3892 1007 3942 Nam
1020 3891 1056 3943 ad
1075 3891 1229 3963 Nicopolin
1242 3893 1274 3943 ah

195 3967 199 3974 '
220 3971 339 4041 Augusto
364 3969 498 4022 conditam
519 3971 628 4039 respici,
650 3968 766 4024 dubitari
784 3974 885 4043 nequit.
907 3969 1030 4025 Servius:
1051 3971 1190 4045 Cognatas
1218 3989 1274 4024 vern
