2690 4594
227 285 291 364 424
475 283 1018 350 1111111611111111101115

227 408 312 470 Cum
323 405 447 494 gemitu
459 405 631 494 glomerat,
644 405 817 496 fundoque
830 425 984 472 exaestuat
996 387 1079 473 inin

228 513 327 575 Fama
339 529 401 592 est,
414 511 571 578 Enceladi
583 513 777 578 semiustum
789 513 927 578 fulmine
939 536 1065 601 corpus-

228 616 369 704 Urgueri
381 618 468 684 mole
480 617 556 698 hac,
570 619 804 708 ingentemque
817 619 953 714 insuper
964 621 1100 682 AEtnam

227 722 420 809 Impositum
432 724 537 812 ruptis
548 723 713 790 flammam
726 724 1061 813 exspirarecaminis;
1235 737 1272 787 ssu
1316 741 1317 746 ’

227 829 283 906 Et,
297 827 421 893 fessum
434 831 562 918 quoties
574 846 680 896 mutet
692 830 792 908 latus,
805 830 982 894 intremere
995 852 1137 896 ornnem

226 935 399 1000 Murmure
411 936 628 1014 Trinacriam,
642 953 675 1004 et
686 935 807 1002 coelum
819 934 991 1002 subtexere
1004 936 1115 1002 fumo.

228 1099 286 1162 tollit
296 1118 357 1148 mare
366 1101 464 1150 stultius
473 1105 545 1150 undas
555 1105 643 1170 Euryti,-
654 1103 757 1170 uidelimc
770 1109 884 1169 comurqit
895 1105 927 1152 cd
939 1103 1023 1152 oetlmu
1029 1104 1118 1168 frium.
1132 1106 1209 1153 Porro
1222 1111 1274 1154 enit

227 1173 320 1235 Menag.
331 1190 377 1220 sec.
387 1185 494 1238 erupturus
505 1177 587 1222 Franc.
599 1177 640 1222 sub
649 1186 713 1222 astra
726 1192 772 1224 sec.
787 1178 880 1240 Menag.
888 1202 920 1213 -
930 1179 982 1239 577.
998 1175 1128 1242 qlomcmnt
1143 1179 1236 1240 liugen.
1247 1205 1274 1216 -

228 1241 283 1304 578..
290 1243 417 1290 Encbclcdi
424 1245 494 1291 Wall.
505 1263 558 1292 cum
568 1247 627 1294 aliis.
637 1251 768 1296 semiustum
781 1251 864 1294 merito
874 1251 991 1296 revocavit
1000 1249 1081 1296 lleins.
1092 1249 1161 1295 Libri
1171 1250 1274 1314 plerique

227 1323 252 1358 et
263 1311 317 1358 edd.
329 1317 436 1370 semusti,
447 1331 501 1362 cum
509 1318 691 1386 noqviderent,
705 1318 763 1364 duas
774 1317 1004 1367 vocalescontractas
1016 1320 1042 1364 in
1052 1333 1125 1368 uuum
1139 1318 1237 1374 efferri,
1252 1330 1275 1364 nt

226 1384 351 1444 sepissime
368 1386 394 1431 lit
411 1387 475 1450 apud
491 1389 589 1436 Grecos.
605 1415 637 1426 —
653 1392 706 1453 579.
720 1405 781 1436 ntore
792 1390 852 1436 Gud.
870 1407 881 1436 a
893 1406 924 1435 m.
934 1405 980 1435 sec.
998 1388 1040 1436 buc
1052 1388 1112 1436 mole
1122 1390 1223 1436 Oudart.
1236 1405 1275 1453 quc

165 1459 167 1463 '
226 1450 292 1498 deest
303 1453 416 1501 Montalb.
427 1481 459 1492 —
469 1456 521 1503 580.
533 1473 660 1523 cxpaquarc
668 1459 726 1506 alter
736 1459 860 1521 llamburg.
872 1463 958 1521 spitum
965 1458 1103 1504 0118118-
1111 1457 1168 1504 581.
1178 1463 1275 1522 quotiens

227 1523 276 1569 duo
287 1526 356 1572 Goth.
368 1531 432 1575 etsie
442 1530 527 1576 Medic.
540 1539 611 1580 mace
620 1547 674 1576 cum
683 1531 770 1578 Medic.
784 1544 806 1578 et
823 1531 873 1577 aliis
884 1531 952 1578 bonis
963 1529 1029 1576 libris
1043 1531 1127 1576 Heius.
1144 1540 1220 1576 mutat
1232 1531 1275 1577 Dc-

226 1609 294 1643 natus
303 1613 357 1644 cum
366 1599 431 1656 aliis;
445 1605 479 1648 uti
493 1614 517 1648 et
525 1602 576 1648 bini
585 1602 654 1650 Goth.
669 1605 735 1661 (tert.
749 1604 843 1661 norat).
857 1605 917 1649 Sane
929 1611 1018 1650 mutam
1028 1601 1089 1648 uua
1102 1602 1168 1648 bene
1179 1603 1275 1656 dicisum

227 1679 252 1715 ct
265 1667 345 1714 docuit
357 1675 410 1718 satis
427 1673 487 1720 illud
498 1675 577 1720 Heius.
595 1690 648 1720 cum
664 1673 723 1722 aliis.
736 1675 771 1721 ld
782 1674 872 1721 Gallim.
890 1675 917 1719 ll.
934 1677 959 1720 in
971 1674 1023 1721 Del.
1041 1673 1083 1730 143
1093 1674 1184 1720 frastra
1196 1688 1276 1736 provo-

227 1749 294 1783 cant:
308 1753 362 1784 nam
377 1735 405 1789 tir
419 1736 489 1804 ἑτέρην
504 1739 603 1806 chpitcc
618 1739 718 1802 iaspide
731 1743 854 1804 κινυμίνωο
865 1757 942 1806 potest
953 1759 1002 1790 esse
1015 1755 1039 1789 et
1051 1751 1126 1789 motat
1137 1746 1232 1801 (movet
1241 1743 1276 1798 sel

227 1818 250 1870 et
263 1815 341 1852 mutat.
352 1810 397 1855 Sed
408 1820 477 1858 motat
484 1828 528 1874 pro
538 1822 609 1870 movet
619 1815 722 1874 agnoscit
731 1813 838 1862 codicum
849 1830 915 1876 pars,
929 1816 998 1860 etiam
1008 1829 1047 1875 ap.
1061 1814 1185 1868 Pierium,
1202 1825 1226 1858 et
1238 1811 1276 1858 de·

226 1877 303 1926 fendit
312 1881 415 1938 Servius,
428 1899 481 1928 cum
495 1886 549 1930 viris
559 1885 648 1940 doctis;
663 1903 685 1931 v.
704 1885 791 1942 Cerda,
808 1898 830 1932 et
842 1897 896 1931 ante
911 1901 964 1932 eum
976 1885 1101 1939 Guellius;
1119 1886 1241 1946 possitque
1254 1881 1277 1928 id

226 1961 337 2012 tanquam
347 1955 483 2016 exquisitius
496 1956 612 2017 praelerri,
625 1959 670 2002 nisi
682 1969 794 2019 perpetua
807 1968 831 2002 et
845 1959 969 2004 temeraria
982 1957 1067 2002 harum
1078 1971 1166 2001 vocum
1180 1956 1207 2000 in
1216 1953 1276 2000 libris

227 2034 360 2067 occurreret
371 2027 519 2085 permutatio.
534 2026 603 2089 Apud
614 2029 711 2072 Statium
722 2029 752 2070 lll
762 2025 835 2072 Tlreb.
849 2027 893 2087 595
907 2026 996 2072 autulii
1005 2034 1077 2074 catut
1088 2023 1222 2070 Enceladus
1232 2039 1277 2067 mu-

228 2101 277 2136 tare
287 2089 358 2148 latus,
374 2095 466 2158 Virgilii
482 2100 626 2154 imitatione,
644 2097 708 2146 nulla
730 2101 827 2146 varietas
840 2100 954 2144 occurrit.
972 2099 1018 2142 nisi
1031 2096 1098 2161 quod
1110 2111 1175 2146 unus
1191 2108 1277 2141 versare

227 2159 292 2222 legit.
310 2162 337 2206 ln
349 2165 468 2212 nonnullis
485 2169 554 2213 etiam
569 2177 649 2224 mter,-
662 2171 687 2213 in
698 2166 767 2216 wau.
778 2175 872 2214 ntovcat.
890 2167 920 2213 cl.
938 2167 1016 2214 Burm.

228 2302 351 2356 extrudit.
370 2304 515 2378 liquefacta
532 2327 595 2360 saxa
610 2309 637 2363 h.
655 2329 677 2361 e.
698 2310 726 2360 in
774 2291 852 2379 gilius
860 2308 931 2362 hunc
939 2308 991 2359 sibi
998 2308 1115 2359 servavit
1122 2305 1159 2358 ad
1166 2305 1278 2358 similem

186 2391 189 2399 ’
226 2385 325 2434 vitrum
350 2405 492 2455 conversa,
522 2388 656 2441 interdum
682 2390 726 2441 ad·
775 2389 864 2440 locum
874 2388 1047 2440 subterraneo
1060 2387 1117 2458 igni
1130 2385 1278 2438 notabilem

227 2465 314 2516 mixtis
337 2465 464 2528 metallis3
484 2467 555 2519 unde
573 2465 652 2534 iriense
670 2468 725 2533 illi,
774 2468 822 2519 inf.
836 2469 886 2532 lx,
907 2469 958 2538 716
969 2467 1051 2537 idque
1064 2467 1178 2518 Homeri
1196 2483 1278 2517 exem-

225 2543 276 2592 rivi
288 2543 364 2610 igniti
383 2544 476 2613 (Lava
487 2546 505 2615 ).
517 2546 623 2616 fundo,
642 2546 724 2612 ixpa-
774 2547 820 2618 plo
835 2545 910 2598 lliad.
924 2547 954 2608 β,
973 2546 1035 2616 783.
1052 2564 1078 2596 v.
1097 2544 1134 2596 ad
1148 2547 1245 2616 Hygin.
1258 2544 1276 2593 f.

225 2621 288 2684 χόν,
311 2634 341 2672 ut
361 2624 511 2675 Pindarusz
532 2627 675 2678 volvuntur
691 2627 724 2677 ab
776 2625 823 2678 152
835 2649 840 2677 :
853 2624 940 2677 Gerda
958 2625 1057 2676 etalii.
1077 2625 1140 2675 Pari
1156 2623 1277 2694 exemplo

227 2701 280 2751 imo
295 2701 494 2771 fundamenta,
517 2705 619 2758 Auctor
641 2709 723 2759 AEtnae
774 2705 809 2758 ad
820 2703 968 2776 Phlegraeos
986 2720 1212 2774 camposmagno
1225 2715 1277 2754 ter-

229 2794 287 2850 ¹97·
465 2787 474 2818 '·
773 2802 808 2836 rae
822 2796 898 2835 motu
917 2782 1050 2852 collapsos
1063 2780 1214 2853 Gigantum
1231 2799 1278 2851 pu-

262 2859 724 2936 578-582.N0tavelineptis·ho·
772 2883 825 2936 gna
845 2865 898 2915 fuit
914 2861 1045 2914 traducta.
1070 2861 1106 2912 cf.
1131 2862 1220 2914 Notas
1244 2859 1277 2912 ad

224 2941 327 2992 minum
355 2945 509 2995 commentis
534 2944 641 3010 fabula,
666 2963 723 3016 quae
772 2941 899 3014 Apollod.
912 2960 938 3012 p.
959 2941 1002 3011 69.
1021 2957 1068 3009 70,
1087 2937 1152 2991 add.
1166 2940 1276 2992 Gesner.

225 3037 257 3071 ex
276 3023 386 3092 antiquo
414 3023 525 3094 physica
549 3023 724 3094 phaenomena
774 3022 808 3074 ad
820 3020 960 3074 Claudiam
974 3037 1001 3089 p.
1015 3018 1075 3086 444
1086 3018 1168 3069 Diod.
1182 3019 1221 3083 V,
1235 3034 1276 3087 7¹·

225 3100 403 3154 adumbrandi
422 3103 503 3154 modo
526 3106 649 3174 profecta
669 3116 723 3169 est,
772 3132 806 3141 -
826 3099 886 3171 579.
907 3102 1020 3151 AEtnam
1040 3098 1149 3169 insuper
1166 3097 1277 3168 imposi-

225 3183 382 3252 cumignem
391 3182 593 3235 subterraneum
604 3183 725 3236 cumful·
773 3191 842 3245 um,
862 3177 964 3248 canpto
982 3173 1092 3230 innubit
1112 3175 1173 3246 ipse,
1195 3177 1278 3248 exspi-

217 3261 723 3332 'mineoignicompararenuhuneita-
773 3279 831 3311 rare
840 3259 969 3337 flammas
985 3257 1097 3309 caminis
1114 3256 1200 3327 ruptis
1211 3255 1239 3308 h.
1252 3275 1276 3307 e.

137 3329 139 3336 '
224 3340 375 3410 queignem
394 3342 422 3391 in
438 3341 721 3412 monstro,quodful·
771 3339 892 3392 cavernis
918 3351 943 3390 et
966 3334 1144 3406 receptaculis
1164 3333 1276 3387 flammae

222 3419 292 3470 mine
311 3437 466 3489 percussum
487 3432 558 3485 erat,
576 3422 667 3471 virum
690 3439 721 3472 ac
770 3417 963 3480 subterraneis,
981 3432 1040 3485 quae
1056 3432 1127 3465 nove
1138 3413 1274 3476 caminos,

222 3510 382 3566 perpetuum
394 3499 499 3550 durare.
513 3501 563 3549 Pro
575 3498 720 3563 Encelado,
770 3502 912 3562 fornaces,
929 3495 1015 3546 dixit.
1036 3523 1072 3532 —
1093 3494 1155 3546 582.
1182 3494 1277 3544 Trina·

222 3594 303 3644 quem
314 3589 403 3628 tamen
417 3571 442 3630 et
459 3580 503 3629 alii
516 3592 678 3650 agnoscunt,
692 3592 722 3630 ut
770 3577 854 3628 ctiam
871 3575 1009 3626 intremere
1028 3570 1113 3642 (nam
1133 3573 1179 3623 vix
1199 3572 1277 3624 intre-

221 3653 345 3725 Orpheus
357 3657 420 3726 Arg.
437 3659 512 3727 1249.
527 3657 600 3710 1250.
613 3661 647 3710 cf.
658 3659 722 3710 Cor·
770 3676 896 3728 merepro
902 3656 1076 3707 tremefacere
1084 3656 1177 3725 posuit
1183 3667 1276 3724 poeta,

222 3734 274 3787 nel.
290 3735 346 3786 Ser.
358 3736 437 3786 AEtna
445 3753 478 3804 70
486 3754 559 3806 sqq,
570 3738 720 3808 Typhoeum
769 3751 800 3789 ut
820 3739 898 3789 AEtna
910 3735 1060 3803 subjectum
1072 3745 1144 3786 esset
1156 3735 1166 3804 )
1179 3745 1206 3784 et
1226 3733 1279 3798 (il-

221 3814 263 3866 vel
271 3811 427 3884 Typhonem
434 3815 719 3884 memoraanindarus
769 3816 825 3870 lum
835 3813 1021 3879 Enceladum)
1033 3811 1131 3864 coelum
1141 3813 1276 3864 subtexere

219 3893 237 3943 l.
259 3912 281 3944 c.
304 3905 331 3944 et
350 3891 487 3964 AEschylus
508 3890 563 3964 (sut
582 3895 721 3948 Briareum
763 3896 860 3968 fumo,
884 3893 1031 3964 exquisite,
1055 3904 1086 3942 ut
1106 3889 1275 3960 suffundere,

220 3971 398 4028 Callimachus
411 3968 508 4028 inDel.
526 3971 574 4041 143
586 3971 609 4044 );
623 3976 720 4030 atVir-
768 3977 917 4046 Utrumque
933 3975 1038 4027 Lucret.
1060 3972 1089 4024 in
1111 3969 1208 4024 eadem
1229 3987 1272 4032 re,

1321 1260 1323 1350 l

1322 1357 1324 1452 l
