2690 4594
338 324 574 420 assinos
598 326 750 391 nisan
774 329 846 392 111.

75 446 296 538 immanisque
309 449 390 515 Gela
401 451 494 516 fluvii
507 455 704 540 cognomine
719 453 816 520 dicta.

1056 333 1119 422 439
1142 447 1148 454 .

73 553 201 618 Arduus
213 554 290 620 inde
303 558 442 645 Acragas
456 562 598 624 bsteutat
610 561 752 626 maxima
762 562 861 650 longe

74 741 149 786 fuisse.
162 750 292 805 montesque
302 743 331 787 G.
344 721 544 792 Panhassoetom·
553 746 612 790 Ven.
624 745 718 792 Vratisl.
732 746 807 793 Getoti
815 746 886 792 Wall.
896 773 927 782 -
937 760 989 809 7⁰²·
1001 748 1119 794 Imtnanis-

74 825 116 874 que
125 809 180 856 Gela
195 813 260 869 fluvii
273 816 403 876 coqtmmitoe
417 815 484 859 dicta.
495 816 613 861 Haeremus
625 819 650 861 in
659 833 710 862 voc.
726 820 828 862 immanis
835 849 842 870 ,
855 833 902 878 quo
914 816 984 862 modo
993 817 1048 863 urbs
1062 817 1119 864 Gela

74 882 103 924 ita
115 879 228 941 appellari
239 884 326 943 possit:
341 883 390 928 vid.
402 896 488 930 notam.
501 887 569 932 Forte
582 887 626 932 luit
642 888 746 933 innectis
764 903 795 934 sc.
810 889 897 948 campis
907 887 932 932 fl.
945 901 971 934 ut
983 889 1061 934 llorat.
1074 889 1119 941 111,
1207 899 1209 906 ’

75 963 109 1010 17,
119 963 142 1010 7.
159 952 272 997 innantem
288 954 383 998 Maricae
394 954 506 1000 Litoribus
519 960 615 1002 tenuisse
626 959 697 1002 Lirin.
714 957 771 1004 Gela
782 957 830 1002 noli
842 970 946 1014 mutare3
958 958 1014 1004 urbs
1024 961 1120 1022 proprie

72 1014 83 1066 ti
101 1018 172 1075 litet,
193 1034 217 1067 et
233 1022 288 1072 fluv.
309 1019 410 1074 islant·
431 1027 458 1072 de
471 1031 560 1074 nomine
571 1029 676 1085 Parrhas.
690 1030 805 1076 etllamb.
818 1029 957 1092 pr.—7od.
970 1031 1079 1094 datque
1088 1031 1119 1074 A.

72 1088 150 1150 Puget.
164 1090 288 1142 Fluctuant
299 1106 321 1139 et
332 1093 370 1142 bic
381 1095 436 1142 libri
452 1100 514 1146 inter
525 1102 629 1164 Agragas
645 1112 668 1146 et
684 1101 795 1164 Aeropus.
808 1099 904 1146 ostendit
916 1098 974 1146 alter
985 1100 1077 1161 Menag.

73 1238 186 1307 quodam
213 1254 353 1314 tempore,
381 1265 441 1297 cum
470 1235 571 1300 siccata

71 1318 248 1386 pestilentiam
274 1336 407 1388 creasset,
433 1326 569 1378 consultus

70 1397 177 1466 Apollo,
189 1417 224 1450 an
237 1419 296 1451 eam
316 1399 421 1472 penitus
431 1405 569 1458 exhaurire

70 1475 209 1543 deberent,
222 1481 360 1551 respondit
372 1506 378 1535 ς
392 1480 432 1536 Mi
452 1485 507 1538 κίνει
519 1495 568 1536 lte-

67 1557 171 1625 paep'ioi·
193 1559 296 1616 sittim
317 1561 362 1631 peip
385 1564 491 1629 ἅμιίνον·
515 1585 567 1636 quo

70 1650 200 1690 contemto
214 1642 415 1694 exsiccaverunt
426 1645 552 1715 paludem
560 1683 580 1710 „

69 1728 94 1766 et
112 1733 232 1772 carentes
253 1722 422 1791 pestilentia,
442 1743 491 1795 per
511 1745 569 1778 eam

69 1810 169 1864 partem
181 1801 307 1872 ingressls
320 1800 457 1867 hostibus,
476 1823 569 1873 poenas

69 1875 205 1930 dederunt.
216 1905 227 1926 n
244 1879 346 1932 Similia
355 1879 465 1934 narrant
477 1883 567 1954 Steph.

68 1957 140 2028 byn,
157 1959 229 2012 said.
253 1973 279 2012 et
300 1961 406 2012 Anthol.
427 1963 472 2014 Gr.
496 1965 569 2036 apud

69 2036 169 2090 Cluver.
193 2040 245 2092 Sed
262 2059 319 2111 quae
340 2041 386 2092 illa
402 2043 475 2094 urbis
488 2063 569 2115 expu-

69 2119 399 2192 gnatiofnerit‚nusquam
406 2122 566 2176 declaratur.

68 2196 117 2248 Ter
132 2198 303 2252 Camarinam
320 2202 403 2254 fuisse
415 2204 567 2270 conditam,

68 2293 98 2325 ex
108 2277 264 2350 Thucydide
282 2281 395 2353 aliisque
408 2281 487 2334 docet
497 2284 568 2336 idem

68 2354 179 2410 Cluver.'
191 2359 316 2412 Ceterum
338 2373 445 2431 poetam
464 2362 520 2414 haec
537 2382 569 2414 ex

68 2452 115 2488 sua
124 2441 228 2509 potius,
239 2459 320 2510 quam
329 2443 417 2492 AEneae
425 2445 567 2507 narrantis,

67 2533 182 2584 persona
194 2518 306 2584 dixisse,
314 2523 370 2590 jam
380 2521 567 2584 Serviusvidit3

67 2597 138 2664 quod
150 2611 239 2650 tamen
252 2599 285 2652 de
297 2613 354 2650 toto
371 2600 496 2654 hocloco
512 2621 568 2655 non

66 2675 151 2727 minus
164 2678 317 2730 tenendum.
331 2681 400 2754 llam
414 2699 505 2734 omnes
516 2682 566 2736 illae

65 2754 142 2807 urbes
164 2770 191 2809 et
209 2757 330 2812 locorum
350 2763 461 2814 uomina
478 2764 566 2816 AEneae

64 2836 228 2905 temporibus
243 2841 394 2894 recentiora
405 2855 475 2892 sunt.

98 2932 158 2982 701.
170 2932 233 2984 yon.
245 2917 285 2968 De
298 2919 350 2968 situ
363 2919 436 2970 urbis
449 2933 475 2972 et
492 2920 565 2974 fluvii

66 2991 135 3043 Geta
146 3012 355 3064 camporumque
367 3015 409 3051 res
418 3018 513 3068 parum
525 3019 567 3053 ex·

63 3070 177 3138 plorata.
188 3088 230 3135 ι,
240 3084 336 3144 praeter
345 3074 450 3128 Cluver.
463 3089 490 3128 et
498 3096 565 3147 quos

62 3152 206 3214 Burmann.
219 3149 328 3216 laudat,
347 3154 459 3206 Dorvill.
478 3156 567 3209 Sicula

63 3248 86 3278 c.
99 3231 123 3281 6.
137 3231 290 3300 Aequiescit
306 3233 450 3286 Dorvillius
464 3236 492 3285 in
506 3235 567 3286 Clu·

63 3311 128 3360 verii
151 3312 298 3373 sententia,
318 3328 375 3362 esse
396 3311 502 3377 Gelam,
519 3317 565 3384 qui

62 3404 134 3441 nunc
142 3389 235 3440 Fiame
242 3389 270 3440 di
279 3389 359 3440 Terra
367 3390 464 3442 Nuova
469 3427 479 3456 ,
490 3392 566 3445 Cam-

63 3485 113 3536 pos
123 3480 211 3527 autem
220 3469 332 3533 Geloos,
342 3471 453 3540 egregia
468 3471 565 3522 fertili-

65 3551 125 3600 tatis
144 3549 388 3619 plauitient„latius
403 3550 440 3601 cis
451 3561 479 3610 et
495 3550 565 3604 ultra

64 3626 172 3680 fluvium
182 3631 316 3699 patuisse,
328 3648 409 3700 quam
420 3629 501 3700 vulgo
511 3649 565 3684 cre·

65 3704 145 3759 ditur.
153 3708 214 3773 Sed,
223 3727 350 3779 quorsum
361 3709 565 3780 immanisspec-

65 3795 117 3851 tet,
130 3786 247 3840 dubitari
260 3802 355 3860 potest.
368 3790 440 3842 Loca
450 3789 513 3850 binc
524 3809 565 3842 ex-

66 3883 158 3934 pressa
165 3865 258 3918 Claud.
267 3871 297 3920 ll.
306 3871 332 3919 P.
340 3871 378 3937 11,
389 3867 430 3924 58·
441 3868 487 3920 Sil.
496 3869 564 3937 xlv,

68 3946 131 4008 218,
144 3944 210 3996 nibil
223 3949 326 4015 juvant.
344 3968 468 4021 magnam
481 3951 565 4008 inter·

68 4034 219 4089 pretantur;
229 4026 275 4078 sed
283 4028 355 4079 urbis
363 4027 565 4099 amplitudinem

620 1269 698 1302 nemo
713 1264 833 1303 veterum
848 1262 987 1303 memorat.
999 1247 1119 1299 Proclive

620 1345 672 1395 est,
690 1331 724 1384 ad
737 1332 859 1398 dominos
872 1333 988 1394 referre,
1001 1342 1032 1380 ut
1050 1347 1119 1398 saepe

619 1413 646 1461 in
656 1411 761 1462 urbium
775 1412 898 1482 epithetis
910 1410 952 1478 fit,
964 1423 994 1461 ut
1005 1410 1038 1460 ab
1049 1411 1121 1460 inco·

618 1490 703 1541 larum
718 1491 760 1543 vel
775 1492 944 1544 dominorum
962 1490 1081 1543 moribus
1094 1501 1120 1541 et

618 1569 730 1638 ingeniis
740 1570 821 1623 ducta
831 1571 891 1620 sint.
900 1570 987 1638 Atque
995 1587 1027 1618 eo
1038 1568 1119 1619 deve-

617 1647 688 1697 nisse
709 1649 789 1701 etiam
811 1647 970 1698 Dorvilliuin
989 1646 1067 1698 video
1091 1647 1120 1696 in

618 1726 697 1778 Sicul.
706 1747 732 1798 p.
745 1745 800 1796 ¹²9·
814 1728 884 1780 Gelae
892 1740 981 1778 tamen
993 1739 1119 1798 tyrannos

618 1823 701 1859 saevos
711 1819 737 1858 et
745 1809 872 1859 immanes
881 1808 980 1872 fuisse,
992 1805 1064 1857 unde
1074 1805 1121 1856 do·

619 1888 673 1937 ceri
681 1889 781 1956 possit,
794 1886 859 1938 mihi
869 1906 923 1938 non
933 1887 996 1937 satis
1005 1897 1117 1936 constat.
1167 1897 1170 1908 ¹

618 1963 701 2030 Nam,
726 1985 784 2035 quae
808 1966 882 2036 apud
902 1964 1030 2018 Herodot.
1055 1966 1118 2029 Vll,

622 2045 765 2097 153-156
782 2045 815 2098 de
828 2047 859 2096 iis
872 2058 1066 2108 memorantur,
1081 2042 1119 2094 ad

617 2125 808 2177 immanitatem
826 2144 880 2176 non
899 2123 1053 2196 adsurgunt.
1072 2123 1120 2194 lgi-

617 2217 661 2255 tur
689 2204 722 2255 de
747 2207 865 2276 tyranpis
891 2204 957 2255 Gela
983 2201 1117 2265 oriundis,

617 2287 732 2338 Hierone
752 2298 778 2337 et
801 2284 983 2355 Thrasybulo,
1009 2281 1118 2333 Gelonis

617 2365 759 2427 fratribus,
775 2363 964 2434 Syracusarum
982 2362 1118 2431 tytannis,

618 2442 1118 2512 eritaccipiendumProponituretiam

619 2541 633 2572 a
646 2521 775 2572 Dorvillio
788 2521 871 2572 altera
880 2523 1078 2592 interpretatio,
1088 2532 1118 2570 ut

618 2601 652 2654 ad
665 2603 738 2654 urbis
751 2603 830 2654 situm
842 2601 876 2657 ad
889 2620 993 2654 amnem
1004 2602 1118 2652 vertico-

618 2699 676 2732 sum
700 2694 726 2734 et
749 2684 890 2737 immanem
914 2682 1053 2734 referatur.
1077 2681 1119 2730 lta

619 2760 684 2814 Gela
698 2761 822 2814 immanis
830 2763 880 2818 erit
889 2763 917 2812 in
929 2760 989 2812 loco
999 2757 1118 2823 immani,

614 2839 766 2904 horrendo,
779 2842 844 2892 sita:
855 2858 904 2892 nec
913 2838 982 2893 male
990 2837 1052 2890 boc.
1065 2837 1118 2889 Sed

615 2939 703 2990 neque
713 2919 766 2976 loci
779 2931 853 2976 tanta
862 2918 1011 2978 immanitas
1021 2928 1048 2967 et
1058 2917 1119 2986 lere

614 3002 698 3051 facies
712 3017 769 3050 esse
781 2997 903 3060 videtur,
922 3008 952 3047 ut
970 2995 1005 3046 ab
1020 3013 1052 3046 ea
1067 3013 1123 3069 po·¹

614 3079 745 3128 tissimum
779 3075 913 3147 designari
949 3073 1066 3143 potuerit
1101 3095 1117 3125 a

614 3167 704 3226 poeta.

652 3234 710 3301 703.
726 3233 786 3301 704.
799 3231 972 3304 Agrigentum
985 3232 1013 3282 in
1024 3244 1116 3287 monte

614 3311 764 3384 Acragante
783 3314 875 3376 sittim,
887 3313 1006 3366 maximis
1026 3329 1115 3381 quon-

614 3389 677 3444 dam
695 3391 792 3461 opibus
811 3409 844 3445 ex
862 3392 918 3462 appi
935 3389 1071 3441 fertilitate
1088 3402 1117 3442 et

614 3468 872 3541 Carthaginiensium
894 3480 1012 3524 mercatu
1030 3471 1115 3521 refer·

613 3562 685 3611 tum;
697 3550 760 3602 hinc
771 3551 868 3603 civium
880 3547 1077 3620 magnificentia
1088 3561 1116 3601 et

612 3631 696 3682 luxus.
711 3630 806 3684 Aluere
817 3629 898 3682 iidem
911 3645 994 3698 equos
1011 3628 1047 3681 ad
1058 3648 1115 3682 cer-

612 3712 712 3770 tamina
723 3711 844 3773 Graeciae,
856 3710 964 3778 etinter
974 3709 1114 3782 Olympio·
1137 3755 1140 3762 .

612 3792 685 3842 nicas
701 3791 753 3841 fuit
773 3789 879 3843 Theron
897 3791 1084 3861 Agrigentinus
1097 3809 1114 3841 a

613 3869 729 3920 Pindaro
753 3868 911 3923 celebratae.
937 3887 961 3918 v.
986 3867 1070 3924 serv..
1087 3883 1114 3921 et

612 3951 754 4008 Burmann.
768 3967 929 4020 quamquam
942 3946 1059 3999 adhunc
1071 3965 1114 4001 soe

613 4028 668 4083 lum
681 4030 777 4098 respici
790 4049 806 4085 a
821 4041 904 4100 poeta
918 4043 973 4078 non
991 4021 1110 4078 dixerim.

1109 4150 1120 4176 O
