2742 4586
458 329 521 394 AD
543 327 743 395 LIBRUM
765 333 790 394 l.
851 405 852 410 ἵ
1069 267 1141 402 'lot

27 485 28 492 ¹
94 457 136 518 'ad
147 455 225 512 lliad.
239 455 341 523 xxw,
357 453 406 526 257
427 457 557 526 suspicari
573 455 652 508 licet:
672 455 777 509 Troilus
795 457 824 509 in
839 455 995 530 Thymbreo
1013 465 1142 532 equestris

100 557 196 593 cursus
207 535 392 590 exercitationi
401 549 499 588 vacans
511 553 527 588 a
538 537 739 606 superveniente
747 535 849 588 Achille
859 538 962 589 occisus
972 551 1036 591 erat.
1046 541 1144 595 Obser-

99 621 225 672 vabimus
239 617 349 669 tandem
358 617 538 668 recentiorum
555 633 664 687 quoque·
679 617 831 670 fabularum
842 620 943 672 factum
955 637 1010 672 esse
1022 621 1142 676 Troilum

100 710 306 773 argumentum,
318 695 397 748 Lollii
408 694 516 767 quidem
528 695 681 762 Urbinatis,
699 711 725 750 et
737 695 866 750 Gnidonis
879 697 911 752 de
923 697 1050 752 Colonna.
1065 699 1143 754 Unde

99 779 225 831 Chaucer
247 778 322 830 duxit
341 790 418 828 suum
439 775 559 829 Troilum
578 789 605 829 et
622 776 752 830 Cressida.
772 779 850 831 Extat
862 794 968 850 quoque
979 769 1028 832 ms.
1040 778 1144 832 Alberti

100 857 239 912 stadensis
249 871 359 911 carmen
371 857 519 930 elegiacum
528 857 668 910 historiam
679 857 742 910 belli
754 859 863 928 Trojani
875 860 1049 932 complexum,
1060 855 1144 913 Troili

99 941 209 991 nomine
219 940 380 1010 inscriptum
391 939 419 990 in
429 936 595 990 bibliotheca
606 935 696 990 ducali
709 937 870 1010 Guelpherb.

556 1113 697 1128 m

330 1234 691 1353 excursus
726 1239 917 1329 xvrn.

302 1411 356 1478 De
376 1409 517 1479 Hectore
536 1417 624 1478 circu
649 1413 684 1480 T
678 1419 782 1502 rojam
803 1429 941 1504 raptato.

132 1575 162 1639 l,
175 1565 237 1642 483.
254 1567 305 1624 Ter
313 1571 414 1624 circum
426 1570 524 1624 Iliacos
535 1573 805 1643 raptaveratHectora
816 1589 903 1625 muros
912 1567 1035 1623 Achillei.
1045 1570 1144 1624 Obser-

97 1665 193 1706 vatum
211 1664 238 1704 et
256 1651 301 1703 hic
320 1663 347 1703 et
366 1650 400 1703 ad
415 1653 560 1704 Homerum
574 1654 630 1721 jam
647 1651 680 1704 ab
697 1652 772 1720 aliis,
791 1653 934 1705 Homerum
953 1653 1051 1722 raptati
1074 1653 1145 1704 circa

12 1753 17 1768 ·
97 1735 209 1804 Trojatn
219 1732 342 1785 llettoris
354 1749 410 1783 non
421 1734 579 1785 meminisse.
599 1729 652 1785 Ter
671 1735 742 1785 circa
761 1731 833 1786 urbis
852 1750 941 1786 muros
960 1733 1028 1805 fugit
1046 1729 1145 1783 Hector

96 1810 198 1883 (Iliad.
211 1827 244 1880 χ,
258 1813 308 1867 208
320 1815 345 1885 ),
358 1829 440 1866 cesus
453 1825 541 1867 eutem
553 1833 568 1866 e
580 1831 661 1866 curru
670 1811 767 1886 ligatus
779 1815 867 1866 statim
877 1813 913 1866 ad
921 1831 1002 1866 naves
1014 1809 1144 1876 trahitur,

96 1908 122 1944 v.
136 1890 215 1945 lliatl.
228 1907 260 1956 χ,
278 1889 329 1962 399
341 1906 416 1963 sqq,
433 1891 481 1945 ubi
493 1904 534 1945 ter
546 1892 666 1964 quotidie
679 1894 750 1946 eirea
762 1893 877 1946 Patrocli
893 1894 1024 1944 tumulum
1037 1903 1144 1961 raptare

96 1988 161 2025 eum
173 1969 278 2024 solebat
289 1969 422 2038 Achilles,
435 1971 510 2024 lliad.
521 1993 554 2034 u,
566 1971 597 2040 ¹2l
606 1991 665 2044 sqq.
675 1973 802 2025 Tractum
811 1975 893 2046 igitur
900 1973 1021 2024 Hectoris
1029 1969 1146 2023 cadaver

97 2053 173 2102 eirca
184 2065 274 2105 muros
288 2058 334 2102 aut
346 2052 393 2102 uni
405 2067 437 2104 ex
447 2050 559 2123 Cyclicis
573 2063 619 2103 aut
630 2069 662 2103 ex
672 2052 793 2124 Tragiois
803 2045 895 2105 deberi
907 2064 988 2123 puto,
1001 2051 1047 2120 qui
1057 2048 1147 2099 omnia

96 2127 156 2182 iere
167 2127 233 2184 belli
245 2129 319 2182 Iliaci
330 2131 403 2183 lecta
413 2133 495 2184 variis
504 2131 591 2184 modis
604 2143 718 2184 tractata
728 2145 754 2184 et
762 2146 857 2184 ornata
866 2151 916 2202 pro
927 2130 1031 2182 consilii
1043 2130 1147 2179 ratione

97 2227 169 2282 sepe
181 2207 336 2262 inflexerant
353 2214 565 2264 etvariaverant.
580 2230 605 2261 v.
619 2213 728 2280 Excurs.
743 2213 778 2263 ad
789 2213 847 2264 AEn.
861 2213 897 2280 ll,
909 2229 950 2282 pr.
963 2211 1047 2261 Fuere
1058 2218 1147 2256 autem

97 2287 180 2357 hujus
201 2291 350 2360 argumenti
368 2289 503 2362 tragoedia
520 2290 584 2342 olim
600 2291 691 2362 plnres
707 2291 836 2363 AEschyli,
847 2289 1015 2354 Timesithei',
1027 2285 1149 2358 Dionysii

96 2367 336 2440 Tyranni,Ennii,
351 2359 456 2438 “Prosper
480 2367 554 2439 λύτρα
574 2372 723 2441 lnscriptte,
745 2371 859 2422 aliorum
882 2368 998 2438 Πρίαμος,
1019 2361 1148 2432 ’Agitarem

97 2445 227 2519 Virgilius
240 2458 329 2501 tamen
341 2451 462 2522 inprimis
471 2462 533 2503 ante
540 2451 633 2503 oeulos
640 2450 766 2503 habuisse
775 2451 881 2503 videtur
887 2448 1042 2520 Euripidem
1050 2485 1058 2510 ,
1067 2461 1147 2516 quem

96 2528 168 2578 inter
180 2539 282 2580 ceteros
294 2528 338 2581 ille
350 2530 489 2600 probavit,
505 2529 633 2582 Androm.
646 2548 670 2580 v.
688 2529 745 2583 105.
763 2529 820 2582 106.
833 2527 908 2580 Hanc
920 2529 1020 2578 Ennius
1033 2526 1143 2578 latinam

98 2607 215 2671 lecerat,
228 2623 260 2658 ex
272 2622 358 2678 eaque
369 2607 414 2660 hic
426 2609 483 2680 ipse
495 2607 571 2662 locus
583 2609 617 2662 de
628 2607 774 2661 miserabili
786 2608 907 2661 Hectoris
925 2605 997 2659 cede
1010 2613 1144 2677 superest:

96 2699 122 2734 r.
136 2685 241 2758 Fragm.
255 2683 335 2741 Ennii
347 2705 409 2762 pag.
425 2689 483 2760 239.
497 2691 544 2742 Est
556 2707 629 2742 exea
638 2703 690 2740 vox
701 2707 800 2742 sonora
809 2701 836 2742 et
845 2687 987 2761 splendida
998 2693 1147 2758 raptaverat

97 2765 192 2834 petita.
207 2763 241 2817 cl.
255 2765 303 2818 int.
316 2765 356 2837 11,
370 2777 429 2838 ²7²·
443 2767 598 2842 Virgilium,
610 2786 665 2820 non
677 2768 837 2834 Homerum,
856 2779 985 2839 sequutus
1001 2777 1041 2817 est
1053 2774 1146 2815 auctor

96 2841 235 2914 Epitomes
247 2845 346 2898 lliados
368 2849 443 2915 1004.
457 2849 504 2901 ubi
516 2849 551 2900 cf.
572 2847 740 2902 Wernsdorf.
756 2849 828 2900 Poet.
842 2851 906 2899 min.
926 2847 974 2897 To.
987 2843 1023 2898 lv
1036 2863 1064 2915 p.
1085 2843 1144 2912 742.

98 2923 196 2976 Actum
209 2933 248 2976 est
258 2932 347 2998 nuper
355 2924 477 3000 plnrlbus
489 2927 523 2980 de
535 2927 641 2998 raptato
656 2929 770 2980 Hectore
783 2927 817 2979 ad
829 2925 907 2978 lllum
918 2943 954 2975 no
965 2947 972 2972 t
986 2928 1057 2976 circa
1068 2924 1146 2974 llium

97 2997 132 3050 ad
145 2999 269 3056 libellum
279 3005 476 3073 Lechevalerii,
490 3008 536 3078 qui
545 3008 696 3078 Descriptio
706 3005 820 3058 Troadis
833 3001 993 3056 inscribitur.

558 3166 699 3182 m

348 3286 717 3381 EXCURSUS
751 3291 898 3378 XIX.

496 3467 750 3532 DeMemnone.

130 3623 158 3690 l,
179 3623 240 3693 489.
260 3623 382 3696 ansque
408 3623 478 3677 acics
500 3636 527 3676 et
543 3627 615 3699 cipri
637 3625 788 3678 Memnonis
812 3637 915 3678 amur
938 3623 1087 3678 Memnonis
1111 3626 1149 3678 etl

96 3701 207 3771 Trojttm
226 3700 371 3770 adventus,
387 3716 414 3755 et
430 3723 521 3776 pugna
539 3725 599 3757 oum
617 3705 768 3758 Achilleae
788 3701 888 3769 eccles,
910 3703 980 3755 inter
996 3719 1039 3757 res
1051 3705 1148 3758 lliacas

96 3795 159 3851 post
169 3781 281 3834 Iliadem
289 3782 395 3837 celebre
404 3799 603 3857 argumentum,
616 3787 690 3858 quod
700 3788 821 3858 inprimis
829 3785 1016 3840 nobilitaverat
1024 3786 1148 3858 Arctipus

95 3858 233 3926 Milesius,
247 3863 323 3930 eujus
335 3863 470 3935 AEtbt'opt's
478 3865 553 3916 libris
564 3868 589 3915 V
601 3867 664 3917 olim
676 3868 728 3918 fuit
741 3866 875 3918 lectitata:
888 3867 951 3934 Ejus
964 3878 1146 3937 argumentum

95 3959 113 3992 a
125 3940 221 3992 Proclo
231 3953 364 3993 servatum
379 3963 393 3995 e
407 3944 468 3996 eod.
481 3946 567 3998 Vatic.
582 3944 674 3998 datum
685 3945 739 3997 vid.
751 3947 781 3996 in
792 3943 918 3996 Biblioth.
935 3956 986 3995 rint.
1001 3943 1051 3993 litt.
1062 3942 1143 4014 ctJart.

95 4020 168 4073 unde
185 4019 335 4094 intelliges,
349 4042 456 4080 carmen
475 4025 543 4080 illud
562 4027 669 4080 initium
682 4028 784 4098 cepisse
801 4026 835 4077 ab
854 4023 1025 4076 Penthesilea
1039 4039 1149 4076 accessu
