2690 4594
230 202 294 282 450
564 245 567 254 ,
599 191 868 258 uxcuusus
892 193 907 256 1

118 339 124 350 ·
229 324 311 379 literis
322 320 440 392 antiquie
450 319 542 372 AEneee
554 335 649 369 nomen
658 355 667 381 ,
680 317 728 389 qui
741 315 795 368 dee
804 317 927 387 donarat,
939 315 1129 372 declarantem.
1139 321 1278 394 Templum

228 405 281 458 hoc
299 403 413 456 Junonis
431 399 547 452 Lacinia
568 410 607 450 est
627 398 698 450 infra
718 397 871 448 Crotonem.
891 399 952 450 Fuit
972 411 998 449 et
1016 401 1045 451 in
1068 400 1113 452 his
1133 401 1208 454 locis'
1223 405 1279 456 Siris

229 486 294 536 olim
312 484 375 536 urbs
396 483 573 551 Trojanorum
585 479 693 530 colonia
712 479 828 543 credita,
849 496 911 530 mox
926 480 1152 534 Heracleensium
1172 485 1277 548 navale,

229 568 256 616 in
269 583 323 634 qua
334 560 482 620 Palladium
493 560 604 611 Iliacum
616 557 769 610 dedicatum
786 557 920 630 indigenas
930 562 1133 614 monstrabant.
1150 583 1177 616 v.
1191 563 1277 615 Strabo

228 643 276 696 lib.
289 645 340 706 Vl,
352 661 380 712 p.
395 639 488 704 16411.
1064 645 1068 652 “

228 763 233 772 .
263 720 384 773 Tandem
395 722 423 770 iu
434 716 556 770 Siciliam
568 719 728 788 perveniunt
736 718 847 787 Trojaui
859 730 886 769 et
899 717 933 770 ad
945 721 1073 791 Drepana
1084 739 1229 775 ascensum
1246 723 1278 772 la·

229 803 311 854 ciunt.
322 799 374 854 Sed
384 799 417 853 de
427 799 469 852 his
479 799 532 852 alio
545 799 663 850 Excursu
674 809 767 870 agetur
779 798 814 852 ad
825 798 872 850 lib.
885 800 917 851 V.

491 1095 1005 1210 uxsuususrr

521 1272 576 1336 De
587 1295 730 1336 erronem
743 1271 863 1336 AEnece
875 1275 982 1338 anur‘s.

226 1395 228 1406 Ι
262 1437 314 1500 ΙΙΙ,
333 1433 416 1488 tVtx
432 1431 521 1503 prima
534 1431 665 1502 inceperat
683 1441 754 1482 oestas
770 1431 806 1480 Et
821 1441 899 1501 pater
916 1429 1042 1484 Anchises
1060 1433 1127 1486 dare
1138 1435 1207 1505 fatis
1227 1437 1276 1488 uela

221 1518 340 1589 jubebat.
354 1516 409 1566 Etsi
421 1515 449 1566 iu
458 1524 540 1582 poeta
551 1525 703 1582 temporum
716 1512 832 1564 rationes
845 1511 978 1562 subtiliter
990 1513 1097 1584 exigere
1107 1516 1180 1568 velle
1190 1519 1277 1589 impar.

216 1612 323 1650 ¹tunum
337 1598 422 1659 foret,
441 1593 525 1644 multo
543 1594 644 1664 magis,
664 1595 686 1643 si
703 1594 783 1644 tacite
796 1610 829 1643 ea
843 1604 983 1661 praetereat
1000 1596 1157 1647 autminus
1179 1598 1276 1650 definite

227 1691 348 1750 apponat
360 1679 417 1747 ipse
429 1687 526 1746 poeta:
541 1675 563 1723 si
575 1686 664 1724 tamen
684 1684 835 1742 temporum
853 1674 995 1724 momentis
1007 1673 1051 1725 vel
1068 1675 1227 1730 cardinibus
1240 1698 1277 1730 ex·

227 1777 317 1830 presse
330 1754 533 1828 adjectis-semel
544 1755 661 1805 animum
674 1752 708 1804 ad
719 1752 776 1804 hac
788 1755 966 1818 converterit,
979 1772 1013 1804 ue
1029 1767 1134 1808 temere
1148 1758 1176 1810 id
1188 1761 1276 1812 fecisse

225 1839 364 1902 -videatur,
378 1840 429 1908 ipsi
448 1838 540 1904 utique
553 1833 701 1886 curandum
714 1845 755 1884 est
766 1831 975 1904 diligentissime.
993 1833 1046 1886 Sed
1057 1835 1145 1888 habet
1154 1841 1234 1890 etiam
1247 1838 1276 1890 ad

226 1918 311 1968 multa
322 1916 439 1970 AEneidis
451 1914 513 1966 loca
525 1914 699 1983 inprimisque
709 1911 787 1981 hujus
804 1911 867 1964 libri
884 1912 1049 1966 declaranda
1067 1935 1196 1988 maguam
1213 1917 1277 1970 utili·

227 2010 323 2062 tatem,
336 2009 365 2048 ut
374 2012 478 2047 errores
490 1995 576 2046 AEueae
587 1994 615 2044 iu
628 2009 712 2044 annos
723 2009 785 2042 suos
796 1991 1044 2062 dispertiripossis,
1057 2008 1085 2045 et
1097 1995 1227 2048 doctrinae
1238 2014 1277 2048 cx-

224 2079 331 2148 quisitae
344 2075 545 2147 prudentiaeque
556 2072 661 2144 Virgilii
672 2089 736 2142 pars
748 2091 803 2122 uon
812 2074 909 2143 exigua
920 2090 953 2124 ea
963 2091 993 2124 re
1003 2075 1168 2126 continetur.
1183 2077 1276 2128 Pendet

229 2169 317 2215 autem
327 2167 384 2214 tota
395 2155 452 2206 fere
463 2169 594 2206 annorum
604 2153 673 2202 ratio
683 2169 716 2202 ex
727 2149 774 2200 illo
785 2167 863 2201 versu
875 2149 921 2202 lib.
933 2152 959 2214 Ι,
973 2149 1025 2218 755
1036 2151 1111 2202 Nam
1128 2156 1214 2224 tejam
1222 2172 1276 2223 sep-

226 2235 293 2289 tima
303 2244 393 2304 portat
402 2231 531 2286 Omnibus
540 2240 669 2282 errantem
680 2228 753 2279 terris
762 2227 928 2303 acflaccttus
935 2230 1018 2294 astas,
1029 2242 1088 2282 tum
1098 2250 1132 2282 ex
1140 2235 1173 2284 iis
1183 2234 1276 2301 verbis,

227 2333 285 2384 quae
295 2333 378 2385 supra
387 2311 586 2381 adscripsimus,
599 2310 644 2374 ΙΙΙ,
658 2309 683 2374 8,
695 2325 749 2379 quo
763 2320 884 2378 tempore
896 2310 993 2360 AEueas
1007 2308 1153 2364 Antandro
1163 2313 1274 2366 solverit.

227 2393 333 2448 Scilicet

225 2507 226 2512 ’
336 2528 359 2561 a.
372 2507 402 2557 C.
415 2507 448 2556 N.
944 2505 1075 2558 Errorurn
1087 2509 1177 2562 AEneae

357 2585 423 2650 1184
618 2582 701 2652 Troja
713 2596 794 2654 capta
1023 2605 1047 2638 a.
1065 2605 1075 2637 1

226 2714 273 2764 Est
286 2712 307 2761 is
320 2706 451 2778 evulgari
463 2703 637 2775 computandi
649 2707 753 2758 ratione
767 2724 783 2758 a
798 2705 834 2756 M.
852 2705 929 2760 2820.
942 2706 969 2755 P.
983 2708 1002 2757 Ι.
1017 2707 1097 2762 3530.
1106 2724 1214 2762 -aute
1225 2713 1276 2780 pri·

226 2810 298 2843 mam
310 2788 414 2860 Olymp.
430 2805 446 2837 a
459 2785 511 2851 408
529 2802 561 2836 ex
579 2784 713 2836 Eratosth.
730 2785 832 2838 Canon.
850 2784 911 2856 (ap.
924 2785 1036 2838 Diodor.
1054 2789 1084 2852 Ι,
1098 2787 1143 2860 5.)
1157 2802 1186 2841 et
1198 2808 1276 2842 annus

225 2871 280 2938 434
288 2887 341 2921 sec.
356 2868 474 2918 Marmor
485 2862 613 2916 Arundel.
626 2864 780 2920 -taudem
792 2877 853 2917 ante
863 2867 895 2916 U.
911 2865 940 2916 C.
956 2875 1042 2918 annus
1054 2867 1117 2932 431.
1127 2869 1276 2922 Firmaruut

227 2970 328 3004 aunum
338 2951 389 3002 riri
401 2947 474 3002 docti
486 2946 554 2998 adeo
567 2945 676 2998 calculis
690 2948 891 2998 astronomicis:
906 2947 1002 3017 quibus
1010 2950 1051 2998 vir
1065 2951 1176 3002 acuties.
1192 2953 1279 3004 Giiort

219 3031 325 3100 adjecit
335 3047 422 3100 nuper
433 3025 545 3096 eclipsin
557 3026 789 3098 xxvttlnugustt
810 3045 833 3080 a.
849 3039 910 3078 aute
923 3026 951 3079 C.
975 3028 1041 3081 1185
1055 3027 1183 3100 adeoque
1195 3050 1277 3096 anuo,

141 3164 144 3168 ,
227 3115 274 3184 qui
292 3110 424 3176 excidium
441 3107 515 3160 urbis
533 3109 684 3177 precessit,
703 3108 818 3160 factam:
832 3124 913 3177 quarn
927 3109 1064 3177 quaerebat
1077 3111 1105 3160 iu
1127 3110 1200 3161 coelo
1221 3125 1278 3182 post

226 3191 385 3262 Sarpedonis
396 3199 508 3240 mortem
520 3187 663 3239 obscurato
675 3185 751 3238 Iliad.
761 3205 795 3246 a,
806 3184 867 3254 567.
876 3187 962 3254 Trojae
968 3185 1102 3238 excidium
1112 3189 1212 3259 paullo
1222 3204 1278 3244 aute

227 3273 369 3324 solstitium
391 3271 509 3321 aestivum
526 3266 669 3335 incidisse,
680 3268 749 3320 miro
771 3284 903 3318 consensu
914 3264 952 3335 (si
969 3266 1125 3338 AEschylum
1144 3273 1278 3341 exceperis

226 3352 319 3422 Agam.
333 3348 392 3424 835.
405 3346 469 3412 σ’,αφὶ
481 3341 599 3399 ssiriddnr
610 3344 687 3407 dian,
702 3337 747 3417 qui
761 3358 917 3397 autumnum
932 3348 1044 3398 innuere
1059 3346 1186 3421 videtur)
1201 3348 1278 3400 tradit

225 3443 301 3483 vetus
322 3429 437 3493 Gracia,
449 3445 538 3479 meuse
555 3427 664 3497 quidem
679 3426 870 3499 Thargelione,
888 3429 937 3479 etsi
956 3429 985 3477 iu
1006 3425 1050 3478 die
1067 3445 1124 3478 uon
1144 3432 1214 3480 satis
1232 3429 1276 3479 sibi

226 3498 357 3562 constant.
373 3526 397 3557 v.
412 3508 532 3577 inprimis
547 3506 742 3558 nobilissimum
753 3506 843 3558 locum
855 3525 887 3558 ex
898 3519 986 3558 vetere
998 3505 1137 3580 Euripidis
1150 3506 1275 3559 Scoliaste

227 3602 359 3642 servatum
371 3587 405 3640 ab
415 3589 512 3640 Ursino
526 3587 561 3640 ad
569 3589 626 3639 AEu.
637 3589 670 3652 ΙΙ,
683 3585 744 3654 155,
757 3599 783 3639 et
796 3607 812 3639 a
822 3586 918 3660 Scalig.
932 3586 965 3638 de
977 3586 1090 3638 Emeud.
1105 3600 1191 3659 temp.
1203 3587 1276 3639 litat

226 3670 369 3722 excitatum
382 3664 422 3736 (v.
437 3685 495 3738 sup.
508 3667 616 3720 Excurs.
629 3667 649 3718 Ι.
662 3665 697 3718 ad
715 3665 761 3717 lib.
774 3668 806 3717 11.
819 3687 846 3738 p.
862 3665 915 3735 309
933 3678 960 3717 et
975 3667 1061 3738 310),
1083 3665 1148 3718 add.
1168 3667 1273 3738 Dionys.

226 3749 310 3800 Halic.
324 3751 345 3813 Ι,
357 3749 400 3801 63.
411 3747 454 3819 (p.
465 3749 507 3801 51.
521 3746 603 3819 sylb.)
616 3746 749 3799 Plutarch.
763 3747 911 3800 iuCamillo
920 3767 947 3818 p.
960 3747 1009 3802 138
1021 3749 1050 3797 B.
1062 3767 1078 3798 a
1087 3749 1217 3818 pluribus
1226 3752 1275 3818 jam

226 3828 366 3894 laudatos,
378 3829 499 3898 inprimis
512 3826 792 3896 Scaligero,'Petavi0‚
806 3827 934 3879 Dodwell.
949 3825 982 3878 de
994 3825 1082 3898 Cyclis
1095 3847 1123 3897 p.
1135 3828 1200 3892 805,
1211 3825 1274 3879 adde

226 3906 304 3978 Ryck.
328 3906 361 3959 de
388 3907 466 3980 prim.
495 3905 552 3957 ltal.
577 3904 672 3957 Calon.
702 3925 730 3980 p.
755 3908 815 3973 431.
837 3908 893 3958 Nos
916 3907 1037 3958 Marmor
1061 3900 1274 3960 Arundeliauum
