2656 4592
225 273 491 353 EXCURSUS
515 275 530 348 l
554 272 616 349 AD
640 272 843 336 LIBRUM
865 273 927 336 IV.
1030 271 1091 361 559

52 405 96 458 nis
108 405 161 456 suis
173 402 310 456 AEneidem
321 400 463 464 scriberet,
477 397 572 468 quibus
581 394 803 465 jucundissimum
816 395 909 448 auditu
923 412 979 448 esse
992 394 1093 460 debuit,

50 503 77 535 si
70 485 153 536 ¹belli
159 483 327 575 gravissimi,
338 498 391 551 quo
404 481 519 550 primurn
535 475 651 566 populus
663 477 740 527 Rom.
753 475 854 528 aditum
869 495 899 527 ac
911 479 982 528 viam
995 476 1030 528 ad
1039 490 1095 528 ter-

52 582 145 614 rarum
157 561 297 634 imperium
311 560 361 611 sibi
373 569 530 630 paraverat,
543 557 643 608 semina
657 573 688 606 ac
700 573 807 608 caussas
819 557 847 606 in
857 556 921 626 ipsis
936 548 999 606 οιιιιιι
1008 558 1095 608 AEneae

50 644 118 694 fatis
131 662 162 696 ac
175 643 298 695 casibus'
289 653 361 710 Jacta
374 656 430 690 esse
441 637 552 689 videret.

92 724 128 773 Ut
145 735 234 774 autem
249 720 360 772 Didonis
379 720 545 789 potissimum
566 734 656 767 amore
675 727 808 779 uteretur,
828 733 888 766 cum
907 715 1034 789 Calypsus
1054 722 1096 772 vel

54 801 304 854 CircesautMedeee
313 817 416 852 amores
423 797 699 868 exempliauctoritate
706 795 837 847 adducere
846 809 952 865 poetam
960 810 1097 868 poterant,

53 893 114 931 tum
125 882 229 932 femina
244 880 323 949 hujus
336 879 443 931 claritas
460 895 491 928 ac
502 877 591 939 lama,
605 888 662 926 tum
679 876 737 944 ipsa
753 875 791 925 rei
809 876 878 924 ratio
898 893 928 926 ac
945 879 1096 928 necessitas.

53 961 160 1028 Quodsi
172 965 243 1014 enim
254 962 334 1013 semel
347 959 489 1030 appulsum
495 959 673 1026 Trojanorum
684 955 718 1007 ad
730 953 947 1026 Carthaginiense
959 959 1021 1009 litus
1031 977 1099 1030 prte-

54 1041 197 1093 ierendum
216 1059 273 1092 esse
285 1039 408 1104 videbat,
427 1040 454 1088 in
473 1049 526 1088 tam
546 1039 656 1106 antiqua
675 1034 708 1086 de
720 1036 807 1086 AEneae
824 1036 957 1087 erroribus
969 1037 1099 1101 historia,

56 1139 117 1190 quae
129 1120 295 1192 Carthaginis
305 1117 469 1170 incunabula
481 1115 680 1179 antevertebat‚
693 1113 758 1185 quid
771 1114 804 1166 de
815 1114 866 1166 hac
880 1115 946 1168 urbe
958 1117 1030 1168 aliud
1042 1139 1099 1171 me-

56 1201 157 1250 morari
169 1211 289 1269 poterat,
302 1216 382 1269 quarn
397 1200 454 1267 ipsa
469 1199 525 1265 ejus
539 1193 705 1266 primordia?
716 1194 802 1259 Quam
820 1207 1001 1265 opportunum
1012 1211 1101 1250 autem

57 1278 95 1330 ad
107 1281 239 1349 poeticam
249 1280 433 1330 tractationem
443 1276 484 1327 vel
497 1278 524 1326 in
533 1277 610 1346 epico
619 1276 735 1326 carmine
747 1287 930 1346 argumentum
938 1281 1008 1329 esset*
1016 1297 1102 1344 amor,

55 1357 196 1427 Apollonii
208 1357 327 1428 exemplo
343 1355 490 1426 intelligere
501 1366 622 1425 poterut,
637 1355 682 1423 qui
694 1353 765 1404 hunc
783 1353 890 1425 quidem
902 1354 991 1407 locum
1005 1357 1032 1409 in
1045 1360 1102 1411 Me·

54 1437 114 1488 deae
127 1451 152 1490 et
163 1438 268 1489 Jasonis
281 1436 416 1489 amoribus
427 1435 530 1506 egregie
544 1445 670 1484 tractasse
681 1431 765 1484 videri
775 1432 863 1485 debet.
877 1433 928 1486 Sed
940 1437 1065 1508 Virgilius
1075 1451 1102 1491 et

56 1517 134 1569 illum
141 1529 167 1570 et
174 1519 261 1588 ipsum
268 1519 412 1569 Homerum
420 1516 498 1586 longe
506 1526 567 1585 post
575 1531 602 1565 se
610 1513 748 1583 reliquisse
757 1512 977 1586 dicendus3quod
984 1518 1101 1588 quidem,

57 1599 82 1646 si
95 1609 165 1648 recte
173 1597 283 1665 judico,
296 1596 401 1648 duobus
414 1595 582 1684 potissimum
590 1591 677 1642 modis
689 1604 846 1663 assequutus
854 1599 1020 1665 est‚'partim
1032 1599 1103 1669 qaod
1168 1661 1172 1668 ν

60 1675 232 1767 Tragicoram
243 1677 399 1748 pravitatem
411 1685 439 1725 et
448 1674 544 1725 amoris
555 1671 717 1723 atrocitatem
726 1671 815 1742 sequi,
823 1675 921 1742 partim
931 1677 1003 1746 quod
1012 1679 1045 1728 ab
1056 1677 1102 1728 lte-

58 1755 126 1806 roici
138 1757 216 1808 moris
227 1755 397 1827 simplicitate
413 1754 448 1805 ad
465 1751 661 1804 elaboratiorem
676 1768 708 1802 ac
723 1749 861 1804 cultionem
877 1751 954 1805 vitam
969 1757 1107 1832 deflectere.

58 1831 175 1898 maluit,
191 1853 245 1905 qua
263 1836 366 1888 decoris
384 1847 409 1887 et
425 1833 572 1884 honestatis
586 1831 698 1900 alicujus
711 1832 889 1900 exquisitioris
903 1834 1032 1906 famaeque
1046 1837 1103 1888 lau-

61 1911 123 1964 dem
137 1917 305 1984 propositam
315 1914 366 1966 sibi
377 1912 479 1964 habent
489 1912 601 1964 femina.
613 1911 643 1959 ln
656 1922 712 1960 toto
723 1911 793 1962 cuim
805 1911 920 1962 Homero
929 1925 955 1963 et
966 1932 998 1965 ex
1008 1915 1105 1966 Home·

61 1991 114 2042 rici
123 1995 249 2063 temporis
262 2011 342 2044 sensu
352 2010 429 2044 amor
440 2009 536 2062 parum
548 1989 660 2043 idoneus
672 1988 755 2041 estad
765 1988 861 2059 pathos
872 1992 1048 2044 inferendum.

98 2070 163 2137 Quas
176 2091 192 2124 a
203 2073 281 2124 nobis
294 2084 502 2126 commemorata
520 2073 543 2124 si
561 2072 620 2140 quis
640 2072 730 2122 animo
745 2070 910 2136 consideret,
922 2091 961 2124 nae
973 2076 1011 2140 is,
1023 2088 1105 2145 puto,
1153 2093 1155 2104 ¹

60 2150 182 2222 Segraesii
195 2153 361 2224 aliorumque
372 2154 488 2204 rationes
499 2150 534 2203 ad
546 2163 669 2221 poetam,
681 2163 809 2220 tanquam
822 2153 867 2220 qui
879 2164 1001 2222 tempora
1012 2157 1108 2206 confu-

61 2230 132 2283 derit
149 2234 330 2304 turbaritque,
343 2231 541 2287 defendendum
556 2231 666 2298 allatas,
680 2247 762 2283 vanas
776 2232 831 2282 lere
849 2243 896 2282 aut
905 2230 1037 2299 infirmas,
1049 2253 1106 2294 ιιοιι

61 2329 224 2383 magnopere
243 2313 413 2368 desiderabit.
433 2313 623 2366 Delectationis
640 2331 703 2363 sane
720 2312 809 2382 potior
824 2309 951 2365 habenda
965 2327 1004 2365 est
1020 2328 1109 2385 poetae

61 2392 132 2443 ratio
146 2411 225 2463 φιιιιιι
237 2393 368 2446 historice
383 2395 514 2456 veritatis;
528 2406 570 2460 et,
582 2395 604 2444 si
620 2391 748 2444 doctrine
760 2391 817 2443 laus
829 2405 937 2464 poetam
948 2393 1039 2459 decet,
1051 2414 1111 2448 non

62 2483 152 2524 tamen
170 2471 217 2524 illa
233 2492 264 2526 ex
280 2486 429 2545 temporum
444 2473 536 2538 subtili
553 2474 657 2540 ratione
670 2485 709 2524 est
721 2470 901 2544 expectanda,
913 2490 962 2524 nec
980 2476 1008 2524 in
1025 2487 1111 2544 poeta

62 2550 148 2602 ullum
158 2565 298 2624 peccatum
309 2553 391 2606 habet
401 2552 645 2624 reprehensionem,
653 2553 703 2602 nisi
712 2554 815 2622 quoties
829 2551 992 2604 audientium
1004 2556 1107 2606 animos

8 2641 9 2644 ’
63 2648 112 2680 seu
124 2650 212 2682 rerum
225 2650 271 2684 seu
284 2652 454 2686 numerorum
467 2633 599 2686 illecebris
609 2645 699 2684 tenere
711 2634 825 2702 nequiit:
834 2631 886 2684 hoc
898 2651 981 2685 unum
993 2648 1041 2698 est,
1052 2654 1112 2706 quo

63 2709 192 2762 adversus
212 2716 366 2785 praescripta
386 2716 449 2766 artis
470 2731 523 2765 susc
546 2730 672 2783 peccasse
690 2711 774 2764 videri
793 2711 885 2774 debet;
907 2713 942 2765 ad
964 2714 1016 2766 hoc
1038 2717 1108 2767 enim

9 2783 10 2794 ¹
62 2787 178 2842 redeunt
197 2812 243 2858 ea,
264 2813 321 2866 quae
337 2795 493 2846 Aristoteles
511 2793 544 2846 de
563 2795 671 2845 Poetica
688 2792 807 2864 disputat
824 2812 847 2845 c.
869 2792 901 2846 25
920 2793 1108 2867 distinguendo
1149 2809 1153 2816 ·
1182 2805 1184 2808 '

9 2889 10 2892 ’
61 2871 133 2920 inter
145 2869 274 2936 αἱμαμιίιιι,
286 2870 325 2924 cit
335 2871 377 2938 μιν
389 2873 448 2924 καθ’
459 2870 548 2933 atati,
560 2870 600 2924 'rtis
613 2868 642 2921 di
653 2867 718 2923 ml
727 2868 754 2923 ci
767 2869 918 2936 συμβιβιιιις.

9 2963 10 2972 ’
101 2948 128 2999 si
144 2952 271 3000 tamenin
290 2954 361 3020 ipsas
373 2952 541 3023 Carthaginis
556 2954 671 3022 origines
688 2953 829 3020 variasque
848 2969 928 3021 super
943 2953 975 3002 iis
989 2964 1108 3012 ueterum

9 3029 11 3056 ³
64 3030 232 3084 narrationes
245 3032 394 3098 accuratius
407 3033 540 3099 inquirere
552 3031 698 3081 voluissent
709 3032 759 3080 viri
771 3029 853 3094 docti,
866 3043 951 3092 totum
962 3030 1014 3082 hoc
1024 3049 1111 3103 poetae

64 3122 208 3183 peccatum
221 3122 247 3161 et
259 3111 428 3161 accusatione
445 3121 471 3160 et
487 3108 642 3161 defensione
655 3129 751 3162 vacare
764 3111 994 3179 omninoqueesse
1006 3112 1109 3164 nullum

64 3189 146 3244 facile
158 3189 356 3242 intellexissent.
366 3190 433 3241 Tam
445 3188 558 3240 diverse.
568 3189 639 3240 enim
650 3188 683 3240 de
698 3187 806 3240 condita
819 3187 979 3259 Carthagine
995 3190 1111 3242 traditur

66 3281 93 3320 et
106 3268 133 3318 in
147 3279 200 3319 tam
217 3266 322 3318 diversa
331 3280 453 3338 tempora
462 3268 518 3336 ejus
532 3266 695 3320 incunabula
706 3269 877 3337 rejiciuntur,
889 3279 918 3317 ut
929 3267 970 3319 vel
982 3268 1111 3321 historico

66 3349 155 3399 minus
167 3347 258 3398 subtili
270 3347 384 3400 liberum
395 3349 489 3400 fuisset
500 3346 611 3419 eligere,
626 3347 699 3417 quod
710 3349 821 3400 maxime
831 3349 907 3417 sequi
917 3347 1003 3400 vellet.
1015 3349 1114 3416 Qucum

10 3441 11 3450 ¹
68 3445 186 3498 quarnea
194 3427 562 3480 narrationisvarietasfacile
575 3427 716 3480 adcertam
724 3430 853 3480 rationem
861 3430 1121 3499 revocaripotest,si¹

11 3527 12 3538 ³
67 3508 219 3560 memineris
231 3507 311 3559 condi
322 3508 402 3561 urbes
412 3508 465 3561 dici
477 3527 531 3560 non
540 3527 595 3560 uno
605 3525 699 3573 sensu,
710 3528 760 3560 nec
770 3507 850 3558 modo
861 3509 953 3578 primis
962 3511 1040 3577 jactis
1052 3512 1112 3574 fun·

68 3588 214 3653 dementis,
227 3587 274 3642 sed
286 3601 311 3640 et
323 3589 454 3642 moenibus
467 3589 567 3654 ductis,
581 3589 688 3641 colonia
697 3607 768 3641 nova
778 3588 928 3658 adscripta,
942 3602 1020 3642 aucta
1033 3591 1118 3643 deni-.

11 3735 12 3742 ἵ
69 3685 122 3738 que
139 3678 165 3718 et
181 3666 342 3739 amplificata
363 3687 522 3741 quocunque
539 3668 620 3720 modo
639 3671 754 3720 civitate.
766 3667 851 3720 Certis
870 3670 949 3720 etiam
961 3681 1118 3739 temporum¹

11 3763 12 3772 ¹
68 3746 214 3798 intervallis
228 3749 423 3802 aPhoenicibus
435 3751 553 3802 Africam
566 3762 742 3820 occupatam,
755 3767 770 3800 a
788 3747 911 3802 Sallustio
928 3766 1035 3818 quoque
1048 3767 1112 3818 pro-

11 3845 13 3862 *
69 3825 172 3889 ditum,
184 3824 256 3877 bello
267 3828 327 3899 lug.
342 3846 384 3880 ιι.
397 3826 496 3902 Sepias
508 3830 599 3899 itaque
610 3827 684 3881 haud
693 3828 775 3880 dubie
792 3827 901 3880 condita
912 3840 951 3879 est
963 3826 1112 3898 Carthago,

12 3913 14 3926 '
70 3915 97 3955 et
109 3917 220 3973 possunt
232 3907 304 3958 varie
314 3907 417 3959 tradita
429 3909 485 3976 ejus
495 3909 611 3978 origines
622 3906 760 3960 commode
772 3906 806 3958 ad
816 3920 901 3960 certas
911 3903 1027 3975 epochas
1038 3923 1112 3956 revo-

13 3993 14 3996 ’
70 3983 135 4032 cari.
148 3982 207 4034 Jam
219 3984 336 4051 primam
348 3988 377 4037 L.
394 4000 455 4038 ante
466 3987 574 4056 Trojam
586 4000 693 4056 captam
705 3988 781 4039 annis
790 3985 924 4055 Carthago
935 3982 1043 4035 condita
1054 4001 1111 4035 csse

12 4073 14 4104 ι
71 4059 202 4118 dicituro
220 4061 301 4114 Taoro
317 4075 343 4115 et
361 4065 542 4132 carchedone,
557 4065 631 4138 apud
641 4066 756 4150 Appiam
775 4067 865 4116 Punic.
884 4081 942 4133 pn,
956 4060 1029 4132 quod
1041 4061 1113 4116 idern
