2742 4586
243 290 304 355 228
488 285 522 348 P.
547 281 777 347 VIRGILII
800 279 1031 352 MARONIS

240 414 326 477 Hinc
340 407 421 474 mibi
432 408 538 496 prima
549 406 625 470 mali
637 406 744 486 labes;
757 406 834 473 binc
846 429 977 496 semper
989 399 1101 476 Ulixes

240 515 438 584 Criminibus
450 530 573 578 terrere
585 513 679 576 novis
689 537 697 592 ;
709 511 787 576 hinc
799 535 952 600 spargere
964 531 1062 578 voces

240 629 279 690 In
294 624 427 710 volgum
438 619 620 708 ambiguas,
634 635 666 682 et
678 641 825 707 quaerere
837 620 988 684 conscius
1000 643 1100 684 arma.

239 735 309 798 Nec
320 730 482 822 requievit
495 730 596 808 enim,
611 726 718 792 donec
730 726 908 792 Calchante
920 728 1071 793 ministro
1082 761 1128 781 ·-·
1243 759 1282 821 roo

238 838 303 906 Sed
316 835 397 928 quid
409 859 470 924 ego
481 834 552 900 baec
564 850 675 898 autem
686 832 912 922 nequidquam
925 834 1050 921 ingrata
1062 832 1222 899 revolvo?

238 943 368 1030 Quidve
380 943 512 1008 moror?
522 942 550 1006 si
563 941 669 1005 omnis
682 963 749 1004 uno
763 937 880 1004 ordine
892 938 1020 1004 habetis
1034 939 1193 1021 Achivos,

238 1052 344 1142 quue
356 1049 470 1116 audire
482 1063 531 1113 sat
543 1063 607 1127 est3
616 1044 815 1136 jamdudum
827 1047 947 1112 sumite
958 1067 1081 1135 poenas.

237 1215 304 1262 nullo
320 1212 350 1259 ad
365 1214 442 1274 ipsum
455 1219 548 1270 poetam
565 1218 680 1268 respectu.
694 1231 724 1241 -
734 1221 771 1266 99.
784 1207 812 1250 In
827 1204 919 1271 υιιὶφιηι
929 1203 1054 1270 andraeam
1066 1207 1159 1266 Sergius
1169 1208 1195 1250 in
1204 1206 1282 1252 Artem

236 1288 335 1340 Donati‚·
345 1283 386 1329 sed
396 1300 417 1332 v.
425 1283 504 1328 lleins.
514 1281 542 1324 ln
552 1277 627 1324 altero
638 1277 785 1323 hemistichio
797 1281 865 1324 etiam
878 1280 915 1325 Jo.
927 1277 1065 1324 Scraderum
1080 1276 1186 1334 haesisse,
1198 1277 1284 1324 lubens

237 1357 344 1418 cognovi.
358 1378 390 1390 ·-
404 1367 453 1398 too.
470 1353 575 1414 mapistro
586 1347 655 1394 Goth.
672 1347 737 1393 alter.
751 1348 811 1406 Quia
827 1351 852 1394 in
868 1349 945 1395 media
961 1349 1074 1394 sententia
1090 1347 1227 1411 interpellat
1244 1364 1283 1402 se,

236 1426 312 1486 inepti
324 1422 419 1486 quidam
428 1422 453 1466 in
465 1420 528 1464 MSS.
539 1416 678 1480 supplerunt
685 1433 694 1471 ;
709 1417 791 1462 Hostia
804 1427 851 1462 tvm
862 1420 943 1477 (sum)
959 1421 1026 1462 miser
1035 1432 1062 1462 ae
1074 1431 1152 1462 sacras
1167 1427 1283 1480 reputatus

236 1495 526 1540 odavns.-1or.avtem
544 1488 610 1534 deest
620 1488 702 1548 fragm.
715 1488 799 1534 Moret.
813 1500 836 1534 et
847 1488 887 1534 ed.
901 1504 937 1550 pr.
949 1489 1028 1534 Burin.
1045 1488 1085 1532 sed
1099 1496 1191 1542 autem,
1202 1500 1229 1532 ut
1248 1504 1284 1549 ap.

236 1565 311 1611 Plaut.
322 1563 382 1609 itud.
395 1563 431 1618 ll,
444 1561 470 1618 5,
486 1577 521 1606 ιι.
531 1562 667 1623 nequiquam
677 1575 715 1619 ap.
725 1559 838 1614 Macrob.‚
848 1572 874 1605 ut
881 1560 965 1620 passim
976 1561 1002 1605 in
1008 1560 1072 1605 MSS.
1084 1576 1106 1605 v.
1118 1560 1222 1604 Pieriam
1231 1557 1256 1603 h.
1267 1557 1282 1602 l.

236 1640 310 1702 ι’φιοῑα
321 1633 409 1682 revolvo
418 1633 455 1680 ed.
465 1633 550 1678 Venet
557 1655 589 1666 -·
601 1645 651 1680 roa.
662 1633 685 1674 in
694 1629 770 1676 ordine
779 1632 832 1676 Exn.
842 1632 920 1676 Burni.

234 1779 253 1832 Ι.
266 1793 293 1832 et
304 1782 391 1832 Burin.
401 1777 483 1830 verbis
494 1776 556 1826 odia
564 1792 655 1845 aspera
662 1775 733 1824 movi

235 1861 363 1930 exquisite
376 1876 437 1929 pro,
449 1857 549 1928 Ulyssis
560 1853 652 1904 odium
660 1869 733 1904 exas-

234 1941 346 2008 peravi,
365 1935 538 1990 exacerbavi*

269 2037 391 2090 97-99.
407 2016 499 2068 Primo
511 2013 577 2064 mali
595 2012 662 2064 labes
678 2011 732 2064 ele·

233 2101 339 2172 gantius
361 2115 441 2170 quam
464 2097 538 2166 origo
561 2093 604 2144 vel
628 2110 730 2144 caussa.

233 2178 339 2248 aeneid'
359 2179 405 2248 ripa
421 2173 440 2227 vi
452 2173 518 2227 riser
536 2167 599 2242 αἰρχιῖ
615 2170 690 2222 Iliad.
704 2186 730 2230 s,

233 2259 284 2312 603
297 2281 302 2310 :
316 2260 371 2310 sive
383 2270 412 2309 ut
430 2256 504 2308 labes
517 2252 646 2322 serpentis
659 2247 731 2300 ulce-

232 2339 268 2390 ris
280 2336 323 2390 rel
340 2336 428 2389 morbi
438 2336 553 2405 primam
561 2328 694 2382 maculam
705 2339 731 2378 et

232 2429 324 2469 notam
344 2416 470 2477 denotet,
494 2413 548 2464 sive
571 2421 601 2459 ut
617 2408 731 2478 primam

232 2496 368 2566 compagis
387 2491 565 2554 solutionem,
587 2499 731 2556 antequam

232 2577 311 2625 ruina
325 2573 361 2623 [it.
374 2571 496 2642 Explicat
507 2568 626 2619 lustinus
638 2562 729 2616 Cerdae

231 2655 356 2706 laudatus
378 2651 484 2722 (xvlt,
504 2651 528 2720 ι)
544 2670 549 2698 :
563 2646 632 2698 Hoee'
643 2645 730 2715 prima

231 2734 296 2788 mali
307 2733 396 2797 labes,
406 2731 453 2781 boc
463 2729 567 2780 initium
576 2723 730 2795 impenden-

231 2817 265 2866 tis
277 2815 360 2864 ruine
373 2811 440 2884 fuit.
460 2806 618 2861 Criminibus
636 2814 729 2853 terrere

231 2895 325 2958 novis,
345 2892 479 2964 eleganter
496 2905 545 2959 pro
561 2885 672 2936 crimina
682 2897 729 2932 no·

230 2975 396 3045 vaprolerre
408 2991 415 3032 ;
429 2987 489 3022 eum
498 2961 727 3019 criminationibus

230 3048 726 3127 exagitare.etquoerereconscimama.

230 3135 317 3186 Variae
330 3133 386 3186 liae
400 3135 428 3183 in
439 3130 529 3182 Servio
550 3127 670 3196 exposita
687 3129 729 3177 vi-

168 3207 173 3222 '
231 3213 312 3275 deas;
331 3231 392 3264 narn
412 3232 426 3264 e
449 3207 639 3262 recentioribus
660 3205 727 3257 nihil

229 3292 363 3364 proficias.
378 3289 461 3342 Amo
472 3305 529 3340 esse
541 3299 653 3357 possunt
665 3303 728 3337 con-

231 3371 306 3437 silia,
319 3388 376 3440 quse
390 3367 508 3438 agitabat
520 3365 625 3437 Ulysses
636 3364 670 3416 ad
680 3365 728 3416 de-

230 3448 385 3522 pellendum
393 3447 532 3497 imminens
540 3445 591 3495 sihi
604 3463 620 3495 a
628 3443 726 3494 Sinone

229 3527 397 3601 perieulum,
419 3528 457 3577 sic
476 3525 592 3577 conscius
616 3542 652 3575 se.
677 3543 727 3593 pe-

230 3608 308 3662 riculi
320 3609 497 3667 imminentis3
515 3617 628 3676 possunt
647 3607 727 3655 etiam

230 3707 288 3744 esse
304 3687 412 3738 fraudes
429 3701 456 3738 et
473 3686 592 3748 insidiae,
612 3701 678 3754 quas
698 3685 727 3733 iti

230 3768 354 3820 Sinonem
364 3766 493 3837 parabat,
503 3763 620 3814 conscius
626 3800 634 3827 ,
647 3763 726 3814 tacite

229 3849 300 3900 intra
308 3866 347 3908 se;
360 3856 405 3896 aut
412 3843 528 3912 conscius
537 3853 576 3892 est
584 3859 644 3892 cum
652 3841 724 3908 aliis,

782 1773 1281 1827 statimCalchantemconsiliorumso·

779 1845 851 1903 'cium
872 1857 1026 1906 assumsisse
1047 1853 1160 1905 dicatur.
1186 1855 1282 1924 Neque

782 1951 845 1985 sane
869 1927 933 2002 (dri,
955 1936 1048 2004 enim)
1070 1933 1202 2005 requievit
1230 1947 1279 1986 etc.

780 2014 863 2063 Anno
878 2020 967 2064 autem
979 2011 1051 2064 di'cta
1071 2011 1105 2064 de
1123 2011 1241 2063 consiliis
1254 2025 1281 2063 et

781 2092 900 2157 insidiis,
912 2095 1009 2145 ferent
1020 2091 1164 2156 machine,
1174 2090 1281 2158 μηχανέ-

777 2193 862 2240 ματιι,
872 2171 998 2238 μηχαναὶ,
1016 2171 1111 2238 τεύχεα.
1131 2173 1196 2224 Mox
1215 2174 1279 2224 reti-

781 2273 840 2307 cere
852 2252 978 2306 Sinonem
999 2271 1101 2304 summa
1122 2271 1183 2304 eum
1208 2266 1278 2316 arte,

780 2346 850 2399 tum,
864 2351 947 2404 quum
959 2334 1099 2386 maximam
1111 2335 1279 2403 expectatio-

778 2431 841 2466 nem
870 2413 1029 2478 excitasset,
1061 2411 1140 2462 iacile
1165 2413 1277 2482 quisque

780 2495 866 2544 sentit.

818 2572 972 2637 roo-104.
1004 2570 1061 2622 Uno
1083 2570 1197 2635 ordine,
1226 2590 1276 2641 pro

777 2650 896 2720 vulgari,
921 2667 974 2700 nno
997 2647 1070 2713 loeo,
1093 2648 1199 2700 Servius
1224 2657 1277 2702 uno

778 2741 866 2790 reatu,·
889 2741 915 2780 et
936 2748 952 2780 a
975 2745 1128 2801 caussarum
1147 2729 1277 2780 elassibus

777 2809 819 2863 rel
833 2808 971 2860 ordinibus
981 2809 1184 2879 explicationem
1196 2812 1276 2860 nimis

777 2889 855 2940 docte
874 2890 949 2959 petit.
971 2887 1049 2959 idque
1070 2887 1217 2939 andiresat
1231 2899 1275 2940 est.

775 2971 855 3020 Varie
873 2981 899 3020 et
916 2968 969 3020 hoc
982 2970 1122 3038 exponitur
1135 2980 1165 3018 et
1178 2969 1276 3038 exponi

775 3059 872 3120 potest.
884 3047 986 3111 Placet,
1003 3047 1095 3098 audire
1107 3047 1136 3097 id
1142 3086 1151 3111 ‚
1165 3065 1223 3100 esse
1233 3067 1275 3100 me

777 3146 858 3178 unum
871 3145 902 3178 ex
920 3126 1043 3187 Achivis3
1063 3139 1089 3178 et
1109 3125 1143 3177 ad
1160 3128 1275 3198 primam

777 3208 965 3263 enuntiationis
991 3218 1095 3277 partem
1117 3207 1227 3258 refero:
1253 3208 1275 3259 si

775 3297 816 3339 sat
831 3297 874 3338 est.
892 3283 934 3336 Ad
954 3286 1085 3357 apodosin
1101 3286 1224 3338 retulisse
1236 3287 1276 3336 ri·

776 3365 854 3417 detur
866 3364 965 3429 Cerda,
979 3377 1007 3415 ut
1026 3367 1075 3429 sit,
1088 3364 1130 3415 vel
1150 3363 1208 3417 haec
1226 3383 1274 3418 au·

776 3444 833 3496 dire
850 3447 912 3495 satis
926 3455 983 3508 est,
996 3445 1033 3494 nil
1045 3455 1075 3495 ut
1088 3443 1202 3514 amplius
1225 3444 1273 3496 ad·

776 3523 838 3576 dnm
861 3541 978 3577 necesse.
999 3524 1052 3576 Sed
1076 3524 1105 3576 id
1126 3537 1152 3576 et
1173 3543 1226 3597 qve
1247 3538 1273 3576 et

776 3607 868 3658 audire
879 3624 929 3676 pro
948 3605 1076 3656 audivisse
1086 3605 1164 3656 valde
1178 3605 1273 3657 duram

776 3688 923 3737 orationem
943 3685 1087 3737 efficerent.
1106 3684 1273 3736 Manendum

776 3765 843 3817 adeo
874 3769 901 3816 in
924 3767 1012 3837 prima
1032 3767 1272 3834 interpretatione,

775 3861 854 3915 quam
881 3857 907 3895 et
930 3845 1034 3897 Servius
1063 3845 1178 3915 agnocit.
1209 3845 1275 3894 Mox

230 3926 425 3978 communicato
455 3920 555 3972 scilieet
580 3938 641 3971 cum
667 3921 725 3974 aliis
767 3923 929 3996 jamdudum
942 3925 980 3975 ita
1000 3923 1271 3994 positum,utpossit

228 4004 349 4059 consilio.
363 4004 421 4056 Hoc
432 4017 524 4056 venun
535 3999 655 4072 videtur,
665 4021 725 4056 cnm
774 4021 822 4074 per
834 4007 915 4074 quarn
925 4003 1042 4072 primum
1058 4003 1154 4075 exponi
1165 4040 1173 4070 ,
1183 4015 1214 4056 ut
1224 4019 1269 4055 sre-
