2694 4574
287 267 328 334 36
414 349 416 356 y
582 308 586 314 ·
618 262 983 345 DISQUlSlTlOI

284 391 419 480 insignis
431 390 552 454 virtute
566 387 702 467 eminet,
718 408 780 450 nec
792 387 1039 476 ejussplendori
1046 391 1223 481 quisquam
1229 392 1313 474 alius,
1344 401 1345 478 s

281 501 347 569 nisi
356 501 489 562 Turnus
500 495 600 574 forte,
615 493 781 580 officit(1).
794 497 875 577 Quae
886 517 939 560 res
950 512 1040 561 tanto
1056 496 1313 582 difficilioremt,

282 629 387 697 quum
394 606 421 670 is
434 626 495 668 nec
507 600 651 694 Achillea
659 601 768 690 aliqua
778 603 925 690 corporis
936 604 1103 694 animique
1115 609 1236 674 virtute
1248 633 1314 674 om·
1344 673 1345 676 ,

282 735 340 778 nes
362 708 515 775 mortales
528 707 714 786 antecellat,
735 730 812 786 nec,
836 729 995 796 quorsum
1016 710 1166 778 immanis
1190 717 1313 786 efferati

279 820 380 885 animi
392 815 572 894 iracundia,
588 831 645 878 aut
658 831 811 902 acceptus
821 816 961 882 Patrocli
975 817 1092 900 funere
1106 819 1205 892 dolor
1220 845 1311 911 erup-

279 942 372 988 turus
387 923 441 1000 sit,
457 919 611 984 sollicitos
625 940 686 981 nos
697 935 817 982 teneat.
1167 985 1170 992 ,

323 1028 444 1092 XVlll.
457 1027 507 1088 De
521 1045 619 1088 versu
630 1022 757 1111 Virgilii
777 1024 886 1111 epico,
904 1024 1041 1114 ejusque
1057 1026 1107 1092 ad.
1117 1053 1233 1096 aurem
1246 1056 1313 1098 sua·

278 1136 377 1200 ritate
391 1154 428 1197 ac
443 1130 613 1218 gravitate,
630 1128 789 1192 nonnulla
801 1128 969 1218 disputare
979 1133 1126 1221 juvaret,
1141 1137 1206 1202 nisi
1216 1140 1312 1228 majo-

218 1307 223 1312 s
278 1263 348 1304 rem
365 1237 578 1302 subtilitatem
590 1257 629 1298 ea
642 1257 694 1300 res
708 1232 858 1314 haberet,
875 1259 975 1324 quam
993 1238 1228 1328 utlegentium
1246 1247 1310 1310 aui-

277 1367 349 1410 mos
364 1361 397 1408 et
415 1341 529 1406 oculos
542 1356 655 1405 tenere
669 1341 784 1428 possit.
805 1339 892 1404 Illud
906 1365 1012 1407 unum
1030 1347 1255 1430 monebimus,
1277 1353 1310 1416 iu

276 1473 421 1516 errorem
434 1445 590 1512 inducere
601 1444 783 1533 juvenilem
792 1448 940 1512 animum
948 1448 1054 1514 videri
1066 1473 1137 1532 eoa,
1151 1457 1211 1542 qui
1222 1457 1312 1520 nimii

276 1558 310 1620 in
326 1579 365 1620 eo
378 1571 470 1632 sunt,
487 1569 524 1616 ut
537 1549 579 1615 ad
598 1571 709 1614 rerum
724 1572 823 1618 sonos
845 1569 878 1616 et
892 1570 1029 1620 naturas
1046 1560 1312 1627 accommodatos

275 1679 307 1726 et
321 1662 479 1726 formatos
493 1657 596 1721 velint
611 1678 681 1720 esse
693 1673 817 1722 versus.
831 1657 995 1746 Equidem
1005 1684 1072 1725 non
1085 1661 1233 1730 diffiteor
1240 1689 1308 1732 sen·

274 1791 348 1832 sum
366 1788 419 1829 me
438 1763 539 1826 animi
559 1763 777 1850 refragantem
791 1760 928 1845 habere,
950 1768 1225 1860 quotiescumque
1237 1796 1309 1861 per·

273 1871 411 1936 suadere
426 1868 508 1931 mihi
518 1867 610 1946 volo,
624 1889 778 1954 magnum
790 1869 935 1958 aliquem
947 1888 1093 1958 poetam,
1111 1892 1194 1940 aestu
1206 1895 1308 1944 tanta-

271 1999 347 2043 rum
358 1996 472 2038 rerum
481 1972 668 2062 abreptum,
682 1989 716 2036 et
729 1997 925 2062 magnorum
938 1975 1203 2064 phantasmatum
1217 1985 1250 2046 vi
1260 1986 1307 2048 in·

271 2083 486 2160 flammatum,
499 2081 533 2143 in
545 2102 627 2144 sono
638 2103 752 2144 cursus
762 2070 933 2170 equestris,
942 2085 996 2148 vel
1004 2086 1100 2166 tubae,
1110 2088 1309 2156 sclaliarum

268 2212 384 2256 rerum
393 2184 565 2251 reddendo
580 2185 745 2269 laborare
760 2203 907 2268 attenuat
926 2212 964 2252 ea
983 2212 1034 2254 res
1048 2209 1080 2255 et
1092 2191 1249 2282 deprimit
1257 2199 1309 2270 in-
1344 2225 1345 2282 j

221 2301 236 2315 '
270 2295 405 2382 genium
420 2309 545 2381 poetae,
562 2291 686 2363 etartis
700 2292 837 2379 poeticae
855 2292 1056 2382 dignitatem.
1078 2297 1160 2362 Sunt
1178 2317 1306 2384 tamen,

268 2401 330 2480 ais,
345 2400 426 2464 tales
436 2419 550 2463 versus
560 2396 594 2459 in
608 2397 733 2482 optimo
749 2420 883 2487 quoque
901 2417 1010 2488 pocta.
1028 2404 1145 2488 Recte3
1156 2424 1234 2472 sunt
1248 2410 1311 2474 uti-

215 2533 221 2542 ·
268 2517 337 2596 que·
348 2504 459 2592 multij
475 2502 536 2592 etsi
548 2499 752 2598 pluresalios
766 2503 812 2594 ad
829 2503 893 2568 hoc
903 2506 1316 2596 lususgenusaccommo·
1344 2585 1345 2588 ,

268 2611 345 2676 dare
359 2608 442 2672 solet
461 2627 576 2669 eorum
590 2605 856 2700 ingeniumrqui
869 2609 988 2698 talibus
998 2611 1105 2678 rebus.
1114 2614 1308 2704 indulgent:
1344 2627 1345 2632 ’

268 2717 342 2806 quis
354 2716 456 2791 enim,·
470 2713 534 2776 nisi
543 2711 613 2800 jam
626 2715 773 2778 animum
786 2712 830 2777 ad
844 2714 934 2802 leves
947 2717 1008 2804 hos
1019 2719 1110 2806 lusus
1126 2719 1310 2807 deflexerit,

265 2822 413 2911 studium
427 2817 565 2914 aliquod
572 2836 683 2906 ‚poetae
701 2838 856 2908 agnoscat
873 2824 985 2901 inillis
1000 2849 1038 2890 ac
1052 2828 1232 2911 similibu5‚
1253 2857 1312 2900 cu-

261 2926 411 3020 jusmodi
424 2941 504 3016 sunt
512 2947 519 2991 ;
535 2923 644 2991 Patris
658 2926 768 3012 magni
779 2950 897 3012 parere
907 2929 1212 3020 parabatlmpeno.
1223 2942 1310 3004 Aut:

264 3033 358 3116 Avia
372 3037 613 3120 tum'resonant
628 3028 742 3094 avibus
756 3031 897 3118 virgulta
917 3037 1054 3102 canoris.
1077 3038 1163 3111 Mihi
1187 3043 1308 3132 utique

262 3139 307 3208 ad
319 3137 464 3226 poetices
479 3132 626 3227 indolem
632 3135 776 3226 ‘propius
793 3158 863 3204 esse
877 3138 1009 3208 videtur
1022 3159 1181 3226 statuere,
1199 3149 1313 3236 ipsam

263 3244 419 3330 orationis
434 3257 585 3305 naturam
600 3239 643 3328 ita
659 3261 729 3310 esse
744 3262 965 3335 comparatam
973 3296 986 3326 ‚s
1001 3251 1235 3336 utnmulmum
1251 3281 1310 3321 re.

156 3337 158 3342 '
262 3372 337 3413 rum
346 3369 449 3413 sonos
463 3345 637 3431 exprimat3
657 3344 896 3440 inflammqtum
909 3369 1024 3444 autem·
1037 3355 1316 3443 phantasmatum

260 3456 369 3548 §pecie
383 3452 513 3540 objecta
526 3449 687 3530 animum,
702 3475 819 3542 quum,
837 3479 948 3542 terum
963 3461 1088 3548 species
1100 3463 1164 3528 sibi
1183 3468 1311 3534 obver-

176 3613 179 3621 .
247 3578 367 3648 ‘santes
382 3573 419 3622 ut
434 3554 582 3619 oratione
598 3555 894 3647 vivide,exprimat,‚
908 3563 1046 3645 laborat,
1065 3576 1254 3658 necessario
1268 3578 1310 3642 in
1344 3561 1345 3598 ³

256 3667 318 3734 ista
331 3659 491 3728 vocabula
503 3656 666 3756 incidere,¹
680 3662 734 3730 vel
749 3667 904 3760 orationis
918 3672 1120 3760 proprietate
1142 3675 1312 3763 ducente.

292 3886 331 3957 (1)
343 3882 404 3935 Vid.
420 3881 454 3938 ad
466 3881 512 3940 lib.
527 3885 575 3936 Vll
586 3849 758 3978 prooemium²
767 3913 832 3968 pag.
846 3895 910 3964 256,
922 3854 976 3950 vol.
989 3899 1039 3966 111,
1051 3898 1131 3977 hujus
1140 3899 1276 3959 editionis.
1344 3865 1345 3888 l
