2656 4592
233 308 295 376 530

481 307 515 369 Ρ.
540 299 770 368 VIRGlLll
795 303 1027 370 MARONIS

230 437 311 518 Quae
324 431 406 497 mihi
419 429 639 508 reddat‘eum,
653 427 706 492 vel
719 450 759 491 eo
772 449 825 493 me
838 428 943 494 solvat
955 447 1136 502 amantem.

227 541 355 616 ¹Oceani
368 537 469 602 finem
477 536 584 626 juxta,
598 533 769 622 solemque
782 532 971 615 cadentem,
1243 551 1278 608 ta

231 647 374 710 Ultimus
387 642 578 730 AEthiopum
590 641 683 706 locus
696 657 759 719 est,
774 640 832 704 ubi
844 663 1019 706 maxumus
1032 644 1125 708 Atlas

229 756 332 817 Axem
344 749 485 814 humero
498 764 631 836 torquet
642 747 744 812 stellis
756 745 949 814 ardentibus
962 764 1097 837 aptum:

230 859 317 926 Hinc
330 857 411 922 mihi
423 855 573 944 Massylae
586 855 692 942 gentis
704 870 886 918 monstrata
897 853 1069 934 sacerdos,

229 964 452 1054 Hesperidum
465 963 580 1052 templi
593 978 717 1042 custos,
733 962 914 1051 epulasque
927 961 1067 1028 draconi

267 1135 320 1198 479.
332 1135 410 1180 reddet
418 1156 450 1168 -·-
458 1130 528 1178 solvet
537 1129 651 1192 oblongus
661 1131 735 1175 Vatic.
746 1131 832 1186 Pierii;
843 1131 961 1176 reddut—
969 1130 1042 1184 solvet
1051 1131 1162 1192 Longob.
1174 1131 1274 1193 ejusden,

226 1204 294 1256 solvit
303 1205 373 1260 Wall.
386 1222 398 1249 a
411 1220 441 1248 m.
458 1215 493 1264 pr.
507 1202 584 1249 reddet
597 1215 620 1247 et
633 1198 734 1261 absolvet
749 1200 808 1246 alter
822 1201 913 1264 Menag.
932 1213 956 1246 et
968 1203 1036 1245 Witt.
1051 1198 1090 1245 vel
1100 1215 1156 1266 qaoe
1169 1215 1204 1245 me
1215 1199 1275 1246 saltat

227 1275 308 1323 Fraric.
320 1289 342 1322 et
353 1275 421 1320 Goth.
435 1286 488 1320 tert.
504 1273 549 1319 Sed
561 1271 677 1334 vulgatam
687 1273 757 1317 etiam
768 1273 873 1318 Donatus
883 1284 907 1317 et
918 1273 1024 1317 Lutatius
1036 1284 1181 1333 agnoscunt.
1194 1290 1214 1317 v.
1224 1275 1273 1316 Bur-

226 1365 306 1396 mann.
314 1375 345 1384 -
354 1347 407 1406 dila.
415 1356 491 1392 actum
499 1345 594 1392 volebat
602 1345 714 1399 Vossius;
724 1357 747 1389 at
757 1361 779 1390 v.
790 1345 868 1390 Burni.
879 1344 903 1390 h.
914 1343 930 1388 l.
942 1356 966 1390 et
976 1343 1024 1390 vid.
1036 1356 1128 1388 notam.
1136 1371 1170 1380 -
1179 1343 1229 1400 483.
1238 1345 1273 1388 Hic

225 1421 339 1468 Montalb.
350 1433 374 1467 et
388 1420 425 1466 ed.
441 1421 500 1464 Ven.
517 1419 572 1463 Mox
584 1415 715 1483 Massylae,
730 1415 845 1474 Massilia,
860 1415 983 1471 Massiliae,
1005 1415 1145 1472 Massalice,
1161 1414 1272 1469 Massilia,

226 1492 321 1540 Mussile
331 1493 439 1539 aberrant
450 1489 540 1536 librarii
553 1506 591 1552 ap.
604 1489 683 1534 Burm.
695 1502 718 1534 et
730 1490 790 1534 Pier.

224 1635 287 1687 libri
302 1647 328 1686 et
345 1633 506 1685 narrationis
519 1643 631 1682 constet.
645 1629 726 1696 Quod

810 1630 973 1697 480-484.
994 1631 1168 1700 Comparant
1188 1631 1274 1684 llome:

225 1715 392 1768 sacerdotem
405 1713 496 1764 arcani
506 1712 574 1761 sacri
585 1709 618 1760 ah
629 1711 727 1778 Hespe·
771 1710 859 1760 ricum
872 1708 907 1759 ἐπ’
923 1704 1030 1762 'otieris
1041 1707 1097 1773 μετ’
1111 1705 1274 1773 dadastan-

224 1796 313 1846 ridum
329 1793 414 1844 hortis
434 1790 563 1854 advocat,
574 1791 671 1839 mirum
689 1789 726 1838 vi-

224 1876 283 1928 deri
301 1883 405 1944 potest,
426 1871 477 1921 uisi
501 1872 570 1922 forte
586 1866 725 1937 Apollonii

223 1953 336 2018 Medea,
349 1949 384 2004 ad
396 1951 471 2018 cujus
484 1963 602 2000 amorem
611 1945 723 1996 Didonis

143 2069 145 2076 ·
222 2051 298 2086 amor
308 2031 450 2083 inAEneam
458 2025 674 2080 accommodatus
685 2041 725 2076 est

222 2133 239 2164 a
251 2125 348 2183 poeta,
363 2111 443 2162 etiam
455 2108 527 2159 hunc
544 2105 653 2156 hortum
664 2123 724 2156 cum

221 2191 339 2243 dracone
352 2189 487 2258 sacrisque
501 2185 610 2257 magicis
620 2184 666 2236 lib.
677 2185 722 2248 IV,

221 2290 274 2349 109
300 2291 358 2344 sqq.
384 2277 508 2323 accurate
532 2267 672 2336 descriptis
694 2268 722 2317 in

219 2364 306 2423 poetae
330 2352 437 2422 ingenio
456 2349 522 2400 sevit
543 2359 569 2398 et
588 2347 720 2397 instruxit.

220 2432 297 2484 Certe
307 2451 332 2483 v.
342 2432 393 2499 484
401 2429 517 2497 -4863
529 2427 630 2479 Medeae
638 2445 723 2478 exem·

170 2538 174 2542 ·
218 2511 265 2582 plo
278 2512 356 2580 petiti
373 2521 451 2569 sunt,
462 2506 586 2578 Apollon.
599 2508 650 2571 Ill,
669 2505 720 2563 530

218 2608 278 2659 sqq.
288 2591 429 2650 Enimvero
440 2586 584 2638 tenendum
592 2599 720 2657 praeterea

126 2683 129 2692 ¹
218 2680 259 2718 est
271 2667 336 2730 hoc,
348 2677 491 2717 extremam
501 2663 574 2716 illam
586 2665 681 2716 Africa
691 2664 718 2715 h.

218 2765 241 2797 e.
256 2743 453 2797 occidentalem
464 2742 572 2815 plagam
590 2746 721 2813 antiquis-

218 2827 347 2877 simorum
374 2837 515 2895 poetarum
538 2820 637 2873 fabulis
662 2841 719 2876 esse

216 2907 394 2967 celebratam
408 2922 457 2955 nec
467 2901 548 2953 modo
559 2901 640 2967 Solis,
651 2903 720 2955 Noc·

216 2987 250 3037 tis
260 3025 269 3052 ,
284 2987 378 3037 Mortis
388 3023 397 3050 ,
416 2984 583 3047 Inferorum,
595 2983 718 3051 Tartari,

215 3063 366 3137 Elysiorum
387 3061 504 3117 confinia
525 3074 570 3114 aut
590 3061 666 3113 sedes
690 3065 718 3113 in

215 3143 326 3196 Oceano
348 3144 474 3195 constitui
495 3141 603 3205 solitas,
625 3159 718 3195 verum

215 3226 243 3275 in
254 3227 406 3276 continente
415 3241 523 3294 quoque
531 3219 718 3272 AtlantisGor·

215 3322 316 3374 genum
326 3317 352 3356 et
362 3301 539 3374 Hesperidum
551 3300 655 3352 fabulas
665 3323 670 3350 :
682 3302 716 3354 de

214 3381 257 3434 his
272 3397 360 3434 actum
373 3396 430 3436 erat
448 3383 568 3453 inprimis
585 3383 612 3431 in
622 3383 718 3433 carmi·

214 3462 294 3513 nibus
310 3461 343 3514 de
357 3466 469 3527 Perseo,
487 3461 617 3526 Hercule,
630 3462 718 3532 Argoq

214 3543 313 3592 nautis.
345 3561 370 3592 v.
403 3543 487 3592 Notas
523 3539 557 3590 ad
586 3538 714 3610 Apollod.

213 3639 277 3692 pag.
298 3622 348 3691 296
369 3639 408 3692 sq.
432 3620 494 3672 add.
516 3637 577 3692 pag.
600 3619 652 3672 386
673 3637 712 3690 sq.

213 3702 267 3768 406
281 3720 320 3772 sq.
335 3701 386 3768 423
407 3719 446 3771 sq.
464 3699 717 3752 Acoommodatissi-

771 1787 891 1848 enfin,
904 1787 981 1839 Iliad.
996 1777 1027 1848 ai,
1041 1789 1111 1854 423,
1125 1805 1177 1839 nec
1195 1801 1273 1838 tamen

774 1865 802 1917 id
814 1869 865 1919 nisi
882 1867 917 1919 ad
932 1867 986 1919 hoc
1005 1887 1092 1920 unum
1111 1869 1197 1931 valet,
1210 1867 1273 1937 qnod

773 1961 919 2000 extremum
928 1949 1026 2001 Africae
1037 1950 1103 2001 litus
1113 1949 1274 2020 AEtlriopiam
1311 1949 1312 2042 4

770 2029 907 2092 nominat,
920 2033 945 2080 ei
958 2027 984 2079 h.
999 2028 1016 2079 l.
1033 2029 1148 2099 quidem
1161 2027 1274 2080 occiden-

773 2107 840 2170 tale,
852 2125 910 2178 quae
919 2109 1032 2179 proprie
1045 2109 1219 2160 Mauretania
1230 2120 1271 2157 est.

772 2186 924 2238 DeAtlante
934 2205 994 2257 sup.
1003 2205 1028 2236 v.
1040 2188 1135 2256 aalys.
1145 2187 1181 2239 ad
1188 2190 1208 2252 I,
1219 2185 1272 2256 741,

771 2276 798 2318 et
806 2267 867 2318 Not.
881 2266 916 2317 ad
925 2265 1053 2338 Apollod.
1065 2286 1092 2337 p.
1106 2268 1156 2339 681
1171 2263 1197 2318 ei
1206 2266 1271 2318 alibi.

771 2375 805 2384 -
816 2346 991 2416 &extorquet
1001 2348 1216 2416 o‘rnatius'quam
1227 2361 1271 2395 coe·

771 2425 827 2476 lum
850 2425 978 2487 sustinet;
1005 2438 1083 2477 motu
1115 2425 1197 2477 simul
1219 2423 1269 2475 coeli

769 2504 866 2555 diurno
884 2519 1009 2574 expresso
1020 2525 1026 2565 ς
1040 2519 1182 2574 praeeunte
1194 2505 1268 2555 Ennio

770 2603 812 2654 ap.
821 2583 941 2634 Macrob.
953 2585 1000 2647 Vl,
1015 2600 1038 2647 1,
1052 2584 1108 2652 Qui
1120 2583 1216 2635 coelum
1226 2601 1269 2633 rer·

768 2675 809 2716 sat
822 2662 917 2715 stelleis
928 2662 1103 2734 fulqentt'bus
1120 2676 1224 2734 aptum.
1237 2666 1265 2714 el.
1310 2669 1311 2678 ¹

769 2742 900 2794 Columna
914 2743 949 2794 ad
969 2743 1050 2793 Ennii
1067 2745 1167 2814 fragm.
1189 2762 1215 2814 p.
1232 2745 1265 2809 45.
1310 2741 1311 2744 '

768 2833 862 2894 aptum
882 2821 979 2886 stellis,
1000 2825 1153 2894 exquisite;
1175 2825 1266 2896 vulgari

768 2903 897 2973 loquendi
909 2902 991 2954 modo
1005 2904 1089 2955 stollae
1108 2904 1180 2955 coelo
1192 2917 1264 2975 apta,

767 2985 794 3036 h.
806 3005 828 3038 e.
841 2985 1008 3047 affixaesun13
1020 2996 1078 3037 tum
1087 2999 1115 3037 et
1127 2989 1217 3058 ipsum
1226 3005 1264 3036 re

766 3064 822 3116 lum
835 3065 950 3118 adfixum
965 3078 991 3118 et
1006 3078 1120 3137 aptum,
1137 3067 1264 3138 alligatum
1310 3125 1311 3132 ἵ

767 3144 894 3211 stellis,h.
906 3165 928 3197 e.
940 3143 1108 3216 distinctum.
1121 3146 1204 3212 Quod
1213 3163 1264 3196 vero
1310 3145 1311 3157 ¹

766 3241 798 3274 ex
807 3225 975 3276 Mauretania
987 3227 1136 3276 excitatam
1146 3243 1227 3276 auum
1235 3237 1264 3274 ts

766 3321 826 3355 men
849 3304 915 3372 483,
936 3303 1062 3374 Massyloe
1083 3306 1174 3376 qentis
1198 3306 1264 3364 facit,

766 3401 879 3454 eamque
887 3384 1065 3454 Hesperioitm
1074 3383 1158 3435 hortu
1165 3385 1264 3456 praeiicit

766 3463 920 3525 custodem,
933 3483 967 3515 ne
978 3465 1006 3514 in
1017 3483 1052 3516 eo
1064 3478 1150 3535 poeta
1165 3466 1264 3518 licenter

764 3544 792 3594 in
806 3546 892 3595 miuus
909 3545 967 3595 noti
979 3545 1047 3594 situs
1060 3545 1175 3615 populis
1190 3564 1265 3597 versa-

763 3637 806 3676 tus
817 3623 945 3677 dicendus
956 3626 1005 3689 sit,
1016 3626 1056 3676 ita
1064 3627 1158 3695 potius
1170 3627 1264 3678 ridetur

764 3701 962 3774 accipiendum,
976 3713 1007 3754 ut
1024 3703 1176 3774 Massylam
1194 3725 1265 3757 anum

212 3800 258 3832 rna
266 3784 347 3854 igitur
355 3793 441 3853 poeta
449 3781 560 3832 consilio
571 3793 596 3834 et
606 3780 650 3831 hic
659 3783 711 3831 fuit
760 3782 840 3836 solito
853 3801 926 3834 more
938 3795 1022 3853 poeta
1036 3785 1152 3835 omnino
1165 3804 1215 3856 pro
1232 3787 1264 3836 Ii·

212 3861 260 3912 illa
272 3875 343 3914 terra
356 3861 455 3914 fabulis
466 3860 616 3924 celebrata,
629 3862 712 3930 inpri-
759 3863 828 3934 byca
838 3860 949 3927 dixerit,
955 3874 1031 3914 certo
1046 3865 1161 3916 nomine
1174 3883 1224 3935 pro
1233 3867 1264 3915 in·

212 3943 262 3992 mis
277 3945 304 3993 in
323 3944 493 4010 narratione,
513 3959 571 4014 quae
590 3940 625 3994 ad
642 3942 711 3994 Afri·
759 3939 869 3993 definito
877 3942 973 4013 posito.
982 3940 1264 4011 MassylamEvantem

213 4037 271 4073 cam
285 4034 424 4092 spectaret.

759 4039 792 4073 ex
803 4033 894 4073 nostro
905 4021 981 4094 petiit
991 4019 1074 4074 Silius
1083 4021 1096 4072 l
1103 4059 1112 4088 ,
1131 4041 1189 4076 101.
1203 4024 1263 4076 Hes·
