2718 4598
392 278 455 340 lu
478 276 680 340 Linuuu
704 279 752 341 11.
837 225 839 234 ¹
1032 225 1094 375 &a

42 415 88 453 tur
96 403 125 474 )‚
139 412 232 452 narrat
244 399 297 472 (1);
309 409 353 464 et,
364 399 438 470 quod
450 399 595 452 dolendum
607 413 646 452 ost
653 439 661 465 ,
672 400 910 454 Grammaticorum
920 404 1042 462 manibus
1056 409 1097 466 re:

44 481 172 532 centiora
183 478 231 530 illa
243 496 326 548 opera
338 477 438 550 cyclica
449 478 533 530 multo
546 478 699 550 diligentius
711 482 811 531 versari
824 481 960 547 solebant;
975 500 1004 562 pt
1016 494 1096 542 etiam

7 570 10 580 '
44 573 120 627 turn,
134 579 197 610 cum
209 561 365 611 vetustiores
378 573 500 612 auctores
514 559 640 626 laudant,
654 579 745 612 eorum
758 563 832 626 fere,
846 581 912 632 quos
928 570 1096 640 exscribunt,

44 639 101 691 fide
115 639 146 690 id
158 641 267 691 faciant.
281 641 355 692 Unus
369 652 408 692 est
417 639 523 705 modus,
532 657 585 710 quo
596 660 656 692 eum
667 640 824 692 Ruhnkenio
836 643 868 692 V.
879 643 907 693 C.
922 646 945 696 ei
957 650 995 698 rei
1008 668 1098 703 occur-

45 739 111 785 ras,
127 733 158 771 ut
172 739 304 791 reponas,
316 722 344 771 in
365 720 455 772 Indice
478 738 572 772 eorum
591 723 765 791 scriptorum,
779 739 893 791 quorum
908 728 1059 782 testimonia
1071 734 1099 782 in

45 800 167 852 Scholiis
179 801 317 871 Apollonii
334 802 501 867 afferuntur,
514 801 616 852 nullum
630 819 701 866 esse,
715 803 760 872 qui
772 821 827 852 non
838 803 950 875 Augusti
962 821 988 858 et
1000 810 1101 864 Tiberii

45 891 129 930 aetate
143 882 266 950 superior
278 883 326 942 sit;
340 881 362 931 si
377 879 412 932 ad
424 881 470 931 lib.
484 882 523 945 ΙΙ,
538 880 589 954 309
601 881 734 932 Lucianus
747 881 887 948 laudatur,
901 901 961 936 eum
974 888 1007 939 ah
1019 891 1099 943 inter-

44 958 176 1029 polatore
189 960 320 1012 intrusum
329 958 426 1010 videri.
440 958 522 1030 Atqui
534 959 586 1010 hoc
599 959 668 1011 idem
680 958 747 1013 illud
757 973 811 1034 est,
831 960 904 1032 quod
915 964 1045 1018 incertum
1054 988 1100 1039 pa·

45 1057 168 1108 rumque
181 1051 267 1091 tutum
276 1041 342 1092 facit
354 1058 432 1090 omne
445 1038 497 1090 hoe
508 1039 541 1090 de
553 1038 716 1090 scholiorum
728 1043 886 1092 auctoritate
905 1054 931 1092 et
943 1056 1018 1098 aetate
1025 1048 1099 1116 judi-

45 1121 133 1170 cium.
155 1121 196 1171 lta
211 1139 260 1172 nee
281 1122 365 1172 ausim
385 1121 560 1190 pronuntiare
579 1119 612 1170 de
629 1117 717 1170 Schol.
734 1120 824 1190 Eurip.
842 1121 968 1174 Phoeniss.
986 1144 1010 1176 v.
1035 1130 1101 1198 1748

46 1217 134 1270 super
153 1199 269 1271 Sphinge
283 1219 318 1252 ‘ex
335 1199 471 1271 AEthiopia
488 1201 629 1267 arcessita,
646 1212 673 1250 et
693 1199 726 1251 de
745 1199 805 1250 loco
817 1200 1000 1275 'Etymologici
1015 1209 1052 1258 M.
1073 1211 1100 1260 in

46 1275 219 1350 superviam).
234 1281 256 1330 Ε
270 1293 326 1331 toto
345 1281 474 1332 Pisandro
491 1297 596 1332 versum
614 1298 696 1331 unum
709 1282 840 1352 integrum
857 1286 971 1335 servavit
987 1287 1028 1336 Jo.
1042 1286 1102 1338 Sto·
1163 1313 1167 1326 f
1246 1277 1253 1287 ¹

47 1361 126 1412 haeus
147 1360 229 1412 Serm.
247 1363 294 1412 Xll
313 1361 346 1413 de
359 1361 501 1414 Mendacio
518 1381 545 1432 p.
565 1361 662 1427 14001
681 1359 775 1422 simon,
795 1359 933 1428 κα1ψοῢ1ος
953 1361 1103 1434 ὑπ1ρψυχιῗς

48 1437 174 1508 ἐγοριύιι;
185 1441 239 1492 duo
253 1443 297 1494 alii
309 1443 434 1514 leguntur
446 1446 474 1494 in
486 1441 573 1494 Schol.
588 1442 725 1512 Aristoph.
740 1443 811 1494 Nuh.
830 1445 904 1514 1047.
924 1447 965 1508 An
978 1451 1102 1500 carminis
1154 1463 1156 1470 ’

48 1539 117 1592 pars
141 1521 230 1574 adhuc
253 1526 280 1574 iu
303 1523 397 1596 ldyllio
421 1526 490 1574 inter
512 1523 672 1574 Theocritea
694 1523 767 1573 XXV
790 1537 894 1576 servate
914 1528 964 1592 sit,
986 1531 1025 1578 uti
1046 1548 1101 1580 non

50 1603 244 1672 improbabilis
257 1618 296 1656 est
306 1605 439 1674 suspicio,
449 1605 487 1655 ita
499 1602 625 1655 adversus
637 1616 830 1674 repugnantem
838 1605 948 1676 probari
957 1611 1057 1678 nequit.

87 1682 134 1734 Ad
146 1684 304 1737 Pisandrum
314 1703 378 1736 vero
390 1684 582 1736 Larendansem
594 1685 710 1753 primum
728 1685 826 1735 Zosimi
835 1684 924 1737 locum
937 1688 1027 1756 paullo
1042 1700 1103 1740 antc

48 1762 212 1829 laudatum,
223 1778 278 1817 tum
288 1767 349 1818 loca
361 1764 488 1835 Stephani
500 1765 635 1836 Byzantini
647 1765 735 1816 relero
746 1767 854 1831 omnia,
867 1769 895 1817 in
908 1767 1004 1837 quihus
1014 1769 1106 1820 Pisan-

48 1842 96 1894 dri
116 1845 267 1902 testimonia
285 1848 381 1908 utitur3
397 1845 463 1896 nihil
481 1847 550 1896 enim
568 1864 599 1896 ea
611 1844 725 1910 habent,
741 1845 814 1915 quod
828 1846 863 1897 ad
881 1848 1036 1900 Heracleam
1048 1849 1104 1901 ullo

49 1923 139 1974 modo
152 1925 223 1982 ‚trahi
240 1929 336 1997 possit,
350 1939 396 1978 aut
407 1927 429 1976 si
445 1924 560 1988 habent,
573 1927 613 1976 uti
629 1925 704 1976 locus
716 1929 748 1993 in
760 1943 819 1977 voc.
829 1923 979 1992 Ἀγαίθνσοι,
993 1927 1105 1979 Bonitus

50 2016 80 2055 et
93 2005 123 2054 in
133 2005 251 2068 'Amasin
261 2027 322 2060 nam
334 2006 456 2059 Herculis
469 2023 533 2057 sane
546 2023 589 2058 res
602 2019 680 2077 gestae
695 2009 775 2058 etiam
789 2006 823 2057 ad
834 2007 967 2079 Scythiam
979 2023 1004 2061 et
1016 2007 1106 2080 Bithy-

51 2085 130 2134 niam
143 2098 279 2154 spectant‚
297 2100 385 2138 tamen
401 2086 532 2137 librorum
549 2102 674 2138 numeras
697 2087 815 2156 adjectus
835 2090 947 2153 evincit,
962 2089 995 2140 ad
1006 2091 1105 2140 Laran-

50 2161 168 2214 densem
191 2184 222 2218 ea
242 2166 303 2218 loca
323 2185 380 2220 esse
401 2164 543 2217 referenda
563 2183 618 2215 non
639 2167 725 2216 minus
749 2184 779 2216 ac
800 2165 904 2235 reliqua
924 2168 950 2216 in
975 2166 1107 2231 Οἰνωτρία,

50 2237 177 2304 Ἀπίων,
191 2245 317 2314 Λνκᾶξυι,
330 2245 437 2311 thoionr
450 2243 519 2316 (quo
532 2245 593 2296 loco
606 2247 685 2296 etiam
695 2261 786 2296 sersus
799 2245 923 2314 integere
934 2243 980 2295 lih.
991 2246 1038 2295 Vll
1052 2244 1108 2296 lau-

51 2321 155 2391 datur,
177 2328 223 2396 qui
240 2327 310 2379 idem
329 2327 402 2398 apud
421 2326 529 2377 Suidaur
547 2327 575 2376 in
594 2322 698 2388 Nioo‘rrn
719 2324 830 2396 legitur:
845 2321 933 2391 Tatina
952 2322 1107 2391 apaproipnar

52 2400 195 2458 dilaniandi
206 2428 232 2458 rs
243 2404 350 2472 Νιφάτην
358 2409 385 2479 )‚
398 2402 520 2467 Kvssiuna.
533 2408 602 2458 Nam
613 2403 742 2456 Heraclea
755 2404 860 2456 duobus
872 2404 946 2456 libris
957 2403 1106 2467 constaban

54 2497 85 2533 at
100 2481 252 2554 Stephanus
264 2488 421 2540 Pisandrum
434 2486 527 2539 laudat
545 2485 614 2537 libro
628 2487 684 2535 Vll.
697 2486 729 2535 X.
748 2485 816 2535 XlIl.
832 2485 900 2534 XIV.
914 2484 1006 2534 XXVI.
1025 2485 1106 2534 Porro

53 2579 89 2615 ex
101 2560 156 2612 hoc
167 2563 250 2636 altero
260 2568 373 2635 petitum
383 2584 440 2618 esse
450 2565 544 2630 dehet,
556 2564 630 2636 quod
638 2565 766 2635 Euagrius
776 2566 807 2614 H.
819 2564 848 2614 E.
859 2565 884 2629 Ι,
896 2579 928 2614 ao
938 2562 1109 2614 Antiochiam

53 2639 138 2711 Syriae
148 2642 205 2709 jam
215 2643 278 2694 olim
288 2645 440 2696 Graecorum
450 2645 583 2696 coloniam
594 2647 675 2696 fuisse
687 2643 815 2708 affirmat,
826 2661 883 2714 quas
892 2645 1010 2694 narratio
1023 2641 1108 2712 qualis

54 2723 157 2785 fuerit,
171 2741 203 2774 ex
221 2725 323 2778 Joanne
342 2726 441 2778 Malela
454 2726 521 2778 disci
538 2739 627 2797 potest
640 2726 788 2797 Chronogr.
806 2745 832 2796 p.
854 2725 939 2798 32sq.
954 2738 979 2778 et
996 2724 1109 2776 Cedreni

54 2801 209 2873 Compend.
224 2805 290 2856 Hist.
304 2825 330 2876 p.
348 2807 396 2874 134
409 2824 448 2877 sq.
462 2807 549 2858 Etiam
561 2809 597 2868 is,
612 2811 659 2879 qui
668 2811 737 2858 inter
751 2809 977 2878 Epigrammatum
988 2817 1110 2856 auctores

88 2944 125 3001 (r)
144 2943 238 3006 Repetit
250 2945 331 2992 eadem
343 2950 484 2994 Sozomenus
494 2948 522 2992 Η.
535 2949 561 2992 li.

54 3013 80 3068 1,
91 3013 121 3068 6,
132 3027 246 3076 uterque,
256 3028 282 3060 ut
293 3018 402 3080 equidem
411 3019 524 3078 suspicor,
535 3033 563 3062 ex

54 3084 241 3148 Olympiodoro,
247 3090 284 3132 cui
293 3089 396 3134 Zosimus
403 3087 475 3133 multa
484 3087 561 3133 debet.

54 3153 150 3201 Fabula
161 3156 210 3216 ipsa
218 3159 266 3219 J'am
276 3158 448 3220 antiquioribus
458 3169 507 3203 erat
516 3156 564 3202 fre·

54 3237 174 3289 queritat:
183 3243 189 3272 :
200 3227 230 3272 cl.
240 3229 305 3274 Notae
317 3229 347 3275 ad
356 3228 464 3292 Apollod.
475 3244 499 3290 p.
511 3241 563 3289 ²⁰7:

54 3297 153 3344 Plinius
164 3297 208 3352 lll,
224 3299 250 3345 18
260 3315 278 3345 s.
291 3313 328 3344 aa.

89 3370 128 3427 (2)
139 3371 216 3431 Super
225 3369 269 3416 hoc
279 3369 332 3416 loco
344 3384 393 3414 non
402 3368 512 3414 invidebo
522 3385 566 3432 po·

56 3439 187 3502 pularibus
199 3443 255 3486 meis
267 3440 493 3492 animadversionem
504 3456 566 3502 pase-

56 3511 151 3557 claram
171 3511 325 3567 Ruhnkenii,
351 3512 395 3556 viri
422 3509 566 3555 doctissimi:

58 3599 70 3622 ι
82 3583 152 3643 Agit,
163 3581 253 3644 inquit,
263 3581 412 3646 Etymologus
422 3578 482 3634 hoc,
493 3592 519 3625 ut
529 3579 568 3624 do-

57 3663 116 3698 ceat
127 3661 219 3697 veteres
234 3649 312 3714 alpert
329 3647 380 3698 ἀντὶ
397 3645 502 3711 anxiata
514 3663 567 3694 usos

57 3737 122 3770 esse.
137 3721 185 3765 Pro
201 3717 333 3784 Hsiaardpec
350 3733 428 3766 autem
443 3717 570 3780 legendum

57 3787 184 3852 Hirdcpor.
195 3791 254 3836 Ecce
264 3791 307 3836 tibi
316 3790 411 3836 Pindari
422 3790 511 3844 locum,
522 3804 570 3850 quo

58 3860 199 3927 Etymologi
210 3861 284 3923 glossa
292 3865 404 3925 pertinet:
414 3860 477 3924 apud
486 3859 570 3918 Athen.

59 3937 110 3990 Xl,
133 3950 159 3996 p.
181 3931 227 3994 476
246 3935 272 3976 Α.
293 3931 319 3994 if
340 3931 451 3996 ἀργυρίων
473 3927 571 3994 septiens

62 4002 172 4056 vitatote
183 3997 309 4063 ὶπλαὶξοντο
327 4003 362 4060 (v.
377 4003 466 4063 Fragm.
479 4000 574 4046 Pindari

611 2965 635 3011 p.
646 2949 684 3010 69.
697 2950 760 2994 conl.
772 2944 879 2992 Gatalter.
896 2943 995 2990 Miscell.
1009 2957 1110 3006 postam.

612 3036 632 3064 c.
642 3021 663 3075 5,
673 3037 697 3081 p.
706 3018 897 3078 453).Contrario
905 3031 982 3060 errore
990 3027 1112 3075 peccatum

613 3103 647 3136 est
656 3093 681 3134 in
690 3090 793 3136 Zenobio
804 3089 849 3142 Vl,
862 3085 892 3146 49
905 3078 932 3134 cic
947 3096 998 3143 qno
1008 3082 1047 3130 nai
1057 3082 1111 3130 Hit-

614 3153 694 3221 dapasi
707 3153 796 3207 ootnnlte
811 3153 831 3204 it
844 3151 889 3203 ‘tois
899 3151 949 3216 ntpl
965 3151 1111 3217 Ἡρακλέους.

614 3231 710 3290 Repone
726 3223 866 3290 l'let'oatdpot.
882 3225 979 3280 Versus,
993 3239 1051 3285 quos
1061 3239 1112 3270 res-

614 3301 672 3362 picit
691 3298 818 3353 Zenobius,
840 3297 938 3342 servavit
954 3293 1031 3340 Schol.
1050 3295 1115 3339 Aris-

614 3367 681 3432 toph.
701 3368 730 3414 ad
746 3368 806 3413 Nuh.
821 3366 886 3428 ¹⁰47·
899 3366 963 3411 ldem
973 3381 1038 3410 error
1051 3363 1115 3428 apud

613 3439 714 3505 Etymol.
731 3440 779 3484 MS.
795 3438 855 3483 Bihl.
871 3438 935 3500 Regi.
954 3437 1041 3492 Paris,
1058 3439 1114 3499 qui,

616 3527 669 3557 cum
686 3511 783 3559 formam
796 3504 833 3558 silc
851 3524 894 3570 pro
907 3504 942 3552 aiii
958 3507 1058 3552 Doribus
1070 3510 1117 3552 tri-

616 3582 716 3637 buisset,
731 3580 805 3626 statim
817 3578 896 3624 addit:
909 3575 982 3626 &arrd
994 3575 1034 3622 sci
1047 3575 1074 3624 01
1089 3573 1116 3623 aii

617 3647 683 3715 nepai
694 3645 835 3712 ssstcaiidpp,
846 3650 886 3695 ubi
894 3648 1041 3696 scribendum
1051 3639 1115 3712 napi

618 3716 733 3784 lietduini,
750 3735 820 3783 quem
836 3721 920 3766 Dorice
939 3721 1055 3780 scripsisse
1072 3722 1118 3773 sci-

619 3807 677 3837 mus.
701 3792 736 3839 Ad
757 3791 883 3836 Pindarum
905 3792 974 3852 igitur
994 3789 1118 3836 referenda

620 3849 729 3926 hesychii
747 3860 837 3924 glossa:
859 3855 885 3907 aii
907 3854 945 3906 ini
963 3857 1005 3904 noti
1025 3856 1060 3904 cisi
1078 3853 1117 3902 nai

622 3947 690 3980 etot.»
