2656 4592
220 213 348 363 544⁸
468 267 1014 342 nvmotttturnorus
1095 237 1099 310 ἶ

219 399 325 482 Vidit,
340 415 373 466 et
384 399 519 490 aequatis
531 397 667 465 classem
679 397 861 488 procedere
873 399 969 482 velis,

219 508 398 598 Litoraque
410 522 443 571 et
454 527 575 572 vacuos
587 505 689 570 sensit
701 505 771 570 sine
783 505 908 594 remige
920 523 1056 594 portus:

218 614 353 704 Terque
366 629 548 702 quaterque
560 635 660 676 manu
672 627 785 700 pectus
797 633 953 700 percussa
965 611 1150 694 decorum,

219 721 451 809 Flaventisque
462 719 604 786 abscissa
615 740 740 798 comas,
755 721 818 782 Pro
830 719 849 782 J
852 720 1001 807 uppiterl
1015 719 1079 784 ibit

219 828 298 907 Hic,
311 828 371 906 ait,
385 843 418 890 et
430 825 550 891 nostris
562 825 711 890 inluserit
722 822 851 890 advena
863 825 992 912 regnisl

218 936 293 1000 Non
306 955 396 998 arma
408 929 597 1020 expedient,
611 947 746 1020 totaque
759 952 798 994 ex
810 929 893 994 urbe
906 947 1109 1020 sequentur,

217 1040 456 1129 Deripientque
469 1054 554 1102 rates
565 1036 620 1102 alii
633 1035 823 1100 navalibus?
835 1037 899 1116 lte,

217 1148 314 1212 Ferte
326 1145 381 1210 citi
394 1143 555 1220 flammas,
569 1139 645 1206 date
657 1140 743 1221 vela,
757 1141 917 1230 impellite
930 1162 1052 1206 remos.
1068 1178 1112 1189 -

217 1246 755 1340 QuidloquorPautubisum?Quae
763 1247 1269 1322 menteminsaniamutatl-ns

218 1357 336 1426 Infelix
349 1353 450 1421 Dido!
464 1375 554 1419 nutrc
565 1368 598 1417 te
611 1353 694 1418 laeta
708 1354 808 1443 impia
820 1353 979 1441 tangunt?

250 1526 302 1588 5⁸7.
313 1524 436 1589 producere
447 1535 493 1569 tec.
505 1521 590 1570 Moreti
599 1557 605 1578 ,
615 1519 683 1568 solita
693 1524 812 1569 verietate.
820 1520 909 1583 -590,
917 1521 1007 1569 absciso
1013 1519 1085 1568 multi
1093 1526 1269 1586 praestantiores
1311 1583 1312 1586 Ἴ

217 1601 264 1647 vid.
278 1601 370 1653 lleins.,
386 1597 427 1660 qui
439 1597 544 1658 recipere
558 1595 671 1649 debebat,
684 1595 703 1640 si
716 1594 759 1639 sibi
776 1606 883 1639 constare
897 1594 1007 1650 volebat,
1024 1607 1048 1640 et
1058 1593 1091 1640 cf.
1104 1595 1127 1638 ll
1142 1595 1228 1657 Georq.
1239 1592 1269 1638 23.
1311 1593 1312 1636 i

210 1671 316 1734 floren&
326 1667 414 1715 abscisa
426 1669 481 1728 tteg.
487 1665 516 1728 fl
528 1679 572 1730 que
581 1678 655 1712 comas
664 1665 763 1711 abscisso
778 1661 847 1710 Wall.
864 1663 966 1710 adsct'ssa
975 1664 1068 1728 aliquot
1078 1665 1147 1728 apud
1160 1667 1222 1712 Pier.
1234 1679 1271 1728 pro
1311 1639 1312 1680 i

109 1781 117 1794 .
216 1747 239 1790 J.
254 1743 325 1806 itsqnit
335 1738 447 1786 Montalb.
457 1763 488 1774 -
498 1738 551 1798 591.
563 1739 635 1793 Hinc,
645 1739 678 1782 ait
691 1738 782 1797 Menaq.
794 1735 876 1781 llamb.
887 1753 922 1798 pr.
940 1735 988 1782 nt.
1007 1741 1021 1782 t'.
1032 1754 1056 1782 a.
1071 1739 1142 1783 terris
1154 1735 1220 1783 Leid.
1233 1751 1269 1781 nn-

216 1836 249 1850 -
261 1814 312 1873 59².
323 1812 391 1856 Nunc
400 1824 422 1853 a.
435 1807 548 1852 Montalb.
559 1810 640 1854 Nonne
652 1806 741 1852 Zalicb.
755 1807 874 1870 eltpedr'am
886 1807 923 1852 ed.
934 1805 996 1853 Ven.
1006 1834 1036 1843 -
1048 1808 1105 1868 593.
1117 1807 1271 1870 Ds'rv'piimtque

217 1885 285 1929 Witt.
298 1883 364 1927 Voss.
376 1879 416 1926 alt.
429 1892 452 1926 et
461 1881 545 1925 Donat.
558 1878 588 1925 de
600 1878 714 1938 schemat.
730 1879 776 1924 Sed
792 1893 847 1924 usus
859 1891 882 1924 et
901 1881 961 1924 ratio
972 1879 1078 1942 postulat
1095 1881 1258 1942 Deripientque
1265 1911 1272 1933 ,

154 1952 158 1964 '
217 1955 253 1998 uti
262 1955 311 2015 jam
325 1951 403 1998 lleins.
415 1948 566 2004 emendabat,
578 1965 649 2011 quem
663 1951 736 1994 miror
747 1948 792 1995 boc
804 1963 852 1994 non
865 1953 1009 2011 reposuisse,
1023 1949 1050 1995 id
1061 1951 1132 2012 quod
1144 1966 1208 1995 nunc
1220 1950 1274 1994 l'eei-

217 2040 283 2071 mus:
299 2033 442 2085 expresserat
456 2025 506 2083 J'am
522 2021 624 2066 Brunrli.
636 2021 699 2066 conf.
717 2037 768 2084 sup.
790 2021 813 2076 l,
827 2035 852 2066 tt
861 2036 879 2066 1.
893 2023 966 2066 Porro
977 2021 1049 2067 codd.
1060 2023 1215 2084 distinguunt
1226 2031 1274 2083 post

218 2091 471 2152 mosmale-5911.
485 2092 511 2136 F.
527 2107 547 2137 c.
558 2092 651 2155 ferrum
667 2093 729 2138 Gud.
745 2108 788 2154 pro
801 2091 848 2137 div.
864 2091 919 2138 lect.
931 2093 984 2137 date
994 2090 1040 2138 tela
1051 2093 1144 2138 Medic.
1161 2108 1216 2138 cum
1228 2091 1274 2136 aliis

217 2167 337 2233 plerisque
348 2167 426 2212 lleins.
437 2163 530 2210 duobus
542 2181 570 2210 ex
581 2165 650 2211 Goth.
663 2165 710 2210 Eri.
723 2166 819 2210 Variant
831 2181 927 2227 quoque
943 2165 1105 2210 Grammatici.
1118 2164 1168 2210 vid.
1183 2167 1273 2218 Heius,

217 2241 260 2304 qui
271 2251 334 2285 recte
343 2236 377 2281 nil
388 2238 467 2282 movit.
482 2237 600 2299 impendite
612 2253 684 2283 minos
698 2237 762 2282 Leid.
773 2263 804 2271 —
815 2237 867 2297 595.
884 2233 965 2299 loqttur
977 2236 1044 2281 Leid.
1058 2251 1102 2280 un.
1119 2235 1161 2280 ubi
1168 2244 1223 2280 sunt
1233 2237 1274 2278 Zu-

217 2309 287 2365 licb.,
297 2323 345 2354 non
355 2310 492 2362 invenuste,
500 2307 581 2368 judice
591 2307 669 2354 Burm.
683 2307 747 2354 Nihil
760 2319 836 2352 tamen
847 2307 877 2352 ad
886 2305 1018 2368 vulgatam:
1031 2306 1073 2350 ubi
1080 2307 1154 2351 sum?
1162 2307 1219 2351 Mox
1227 2317 1273 2368 qna

217 2396 249 2424 m.
262 2381 276 2423 ι’.
289 2385 364 2424 versat
375 2389 421 2422 tres
431 2393 469 2438 ap.
483 2377 577 2434 burm,
591 2393 640 2424 non
652 2377 727 2433 mele;
739 2393 765 2424 ex
776 2377 852 2438 glossa
864 2389 949 2422 tamen.
962 2402 995 2412 -
1007 2377 1062 2437 596.
1080 2393 1145 2422 nunc
1161 2386 1182 2421 te
1196 2378 1271 2421 lleius·

218 2463 298 2496 tuetur
314 2465 327 2494 e
345 2447 431 2494 Medic.
445 2446 543 2510 aliisque
559 2463 613 2494 cum
629 2451 689 2496 Pier.
707 2449 746 2495 alii
757 2464 811 2492 num
824 2457 857 2502 te;
873 2449 941 2493 etiarn
952 2448 1106 2492 Grammatiei
1122 2447 1189 2509 apud
1199 2448 1272 2491 lleins.
1311 2475 1312 2480 ,

217 2535 271 2566 nom
281 2519 409 2564 Clidonius.
415 2522 466 2581 jam
476 2518 524 2580 tef.
536 2521 592 2581 lleg.
603 2533 627 2566 et
636 2519 740 2566 Parrhas.
751 2523 824 2565 Porro
829 2520 896 2582 facto
907 2522 921 2564 ι’.
931 2536 944 2564 e
954 2519 1043 2564 Medic.
1054 2517 1159 2582 aliisque
1167 2531 1273 2580 praestan-
1311 2551 1312 2580 3

217 2589 316 2635 tioribus
325 2590 428 2648 recepit:
446 2589 515 2648 vulgo
525 2589 587 2650 fietu.
600 2591 664 2635 coni.
678 2592 744 2646 Non,
756 2589 821 2653 quod
833 2590 894 2635 bene
906 2600 999 2651 poterat
1011 2590 1117 2650 exponi:
1128 2588 1185 2650 sisto
1196 2589 1271 2650 impio,
1311 2581 1312 2632 l

217 2658 291 2703 fatum
301 2655 410 2711 crudele,
427 2657 547 2719 iniquum,
564 2655 699 2705 infaustum.
712 2663 779 2706 Nunc
793 2659 842 2704 fato
859 2671 900 2704 tuo
912 2659 1032 2705 moveris?
1044 2658 1153 2704 debebas
1166 2671 1215 2704 tum
1227 2672 1270 2702 mo·

217 2790 369 2864 ctpeculis‚
386 2809 417 2842 ex
437 2788 615 2843 editaaedinm
632 2807 717 2864 parte.
768 2795 930 2864 expectatio,
953 2811 1035 2863 quae,
1053 2791 1205 2864 desperata
1223 2793 1271 2860 jam
1311 2823 1312 2856 ,

217 2871 423 2942 -utprimum
439 2867 565 2922 albescere
581 2871 665 2923 lucem
683 2874 720 2924 vi·
768 2875 852 2926 salute
866 2875 992 2944 omnique
1003 2871 1117 2924 meliore
1128 2891 1178 2942 spe
1188 2871 1271 2924 subla·
1311 2857 1312 2942 i

164 2987 166 2992 -
217 2951 264 3003 dit.
278 2950 402 3004 Creditur
413 2967 445 3002 ex
455 2952 566 3020 antiqno
580 2965 659 3022 poeta
669 2953 720 3002 En·
768 2969 809 3019 ta,
823 2957 915 3006 futura
931 2956 965 3005 sit
983 2955 1089 3005 miserae
1102 2957 1204 3024 regine
1217 2970 1270 3002 ore·
1311 2945 1312 3020 l

217 3035 263 3083 nio
272 3031 460 3084 adumbratum
470 3049 542 3083 esse:
558 3032 718 3103 [ltprimum
767 3038 813 3086 tio.
833 3035 866 3084 Et
886 3034 984 3105 pathos
1003 3034 1095 3084 verbis
1116 3034 1189 3086 inest
1209 3050 1271 3083 sum·
1311 3033 1312 3072 l

217 3112 342 3164 tenebreis
361 3112 481 3182 abjecteis
500 3110 633 3163 inalbebat
656 3113 716 3164 dies.
767 3134 852 3175 mum,
865 3116 944 3178 furit,
961 3115 1096 3174 minatur,
1111 3131 1139 3163 se
1154 3121 1270 3170 accusat,

216 3194 305 3245 Ursin.
317 3211 348 3244 ac
360 3191 447 3244 Cerda
457 3191 484 3242 h.
504 3192 522 3243 l.
542 3193 671 3244 Columna
684 3192 719 3244 ad
767 3198 939 3264 imprecatur.
950 3192 1062 3243 abscissa
1074 3191 1167 3262 simpl.
1179 3189 1271 3250 evulsa,
1311 3251 1312 3256 ¹

216 3274 285 3325 Eun.
298 3294 325 3344 p.
337 3273 372 3326 65
382 3275 488 3345 eprinc.
502 3273 564 3325 libri
576 3276 631 3324 Vll.
642 3275 718 3344 Apu·
767 3273 793 3325 h.
808 3293 830 3325 e.
851 3273 975 3325 evellens.
990 3267 1117 3324 'illuserit
1136 3285 1200 3342 post
1220 3269 1270 3320 ibit.

215 3353 262 3404 leii
278 3355 385 3404 Metam.
399 3352 508 3424 oequatis
518 3351 581 3404 velis
589 3354 719 3425 ,aeqnali-
767 3351 931 3422 utheorg.
958 3351 1006 3420 157
1032 3349 1113 3400 Falce
1133 3368 1271 3420 premes-

216 3432 267 3483 bns
280 3429 431 3493 ordinibus;
445 3429 492 3483 sed
505 3430 650 3484 declaravit
666 3433 718 3484 hoo
767 3433 904 3484 vocaveris.
918 3432 953 3482 cf.
967 3431 1059 3480 Burm.
1074 3430 1172 3482 nostris
1184 3427 1272 3501 requie,

216 3530 234 3562 a
256 3510 321 3562 velis
344 3503 399 3562 n'on
420 3510 531 3581 obliquo
556 3504 649 3578 vento,
671 3511 719 3562 sed
767 3511 989 3580 mihi,tanquam
1004 3511 1116 3580 reginae.
1134 3509 1274 3560 lllnsitau·

217 3590 354 3660 aequaliter
371 3591 470 3660 plenis,
484 3591 538 3642 leni
552 3609 582 3642 ac
599 3590 717 3644 secundo
767 3605 820 3644 tem
835 3591 952 3644 discessu
963 3602 1023 3640 tuto
1041 3605 1069 3642 et
1081 3593 1195 3661 impune
1207 3591 1274 3640 facto

216 3682 296 3722 vento
314 3687 331 3720 a
349 3681 424 3739 tergo
435 3668 597 3739 impellente.
616 3672 653 3722 cf.
668 3671 716 3721 inf.
767 3672 1004 3743 posttantasinme
1013 3671 1231 3738 injuriasarrno,
1240 3670 1273 3718 in·

214 3753 254 3817 V,
274 3748 326 3814 844
344 3759 370 3798 et
388 3749 445 3799 232.
466 3749 574 3798 Homeri
592 3750 638 3804 vite
657 3749 735 3800 iicet
767 3748 1105 3814 strumentanavaliaetlt.
1116 3749 1135 3800 l.
1147 3749 1275 3820 aliiexpe·
1311 3803 1312 3824 ,

216 3838 590 3898 comparanturtquaetamen
601 3828 718 3880 aliomo-
767 3830 842 3881 dt'ent
858 3859 894 3869 --
912 3828 957 3880 alii
981 3827 1136 3897 deripiant,
1158 3830 1273 3898 rapient,
1311 3825 1312 3858 l

216 3911 253 3963 ilo
261 3908 375 3978 aequales
384 3907 517 3959 dicuntur.
767 3909 860 3981 rapide
873 3907 996 3960 educent.

251 3986 410 4058 590-594.
433 3989 531 4064 Magna
549 3999 588 4048 est
606 3986 717 4062 legentis
804 3990 864 4063 596.
881 3986 939 4060 597.
953 3987 1044 4040 Variis
1058 3987 1164 4055 modis,
1180 3986 1275 4060 utple·
