<?xml version="1.0" encoding="UTF-8"?>
<!DOCTYPE html PUBLIC "-//W3C//DTD XHTML 1.0 Transitional//EN"
    "http://www.w3.org/TR/xhtml1/DTD/xhtml1-transitional.dtd">
<html xmlns="http://www.w3.org/1999/xhtml" xml:lang="en" lang="en">
 <head>
  <title>
</title>
<meta http-equiv="Content-Type" content="text/html;charset=utf-8" />
  <meta name='ocr-system' content='tesseract 3.04.00' />
  <meta name='ocr-capabilities' content='ocr_page ocr_carea ocr_par ocr_line ocrx_word'/>
</head>
<body>
  <div class='ocr_page' id='page_1' title='image "./pvirgiliusmaroq00barbgoog_0147.png"; bbox 0 0 2724 4580; ppageno 0'>
   <div class='ocr_carea' id='block_1_1' title="bbox 373 246 1121 320">
    <p class='ocr_par' dir='ltr' id='par_1_1' title="bbox 373 246 1121 320">
     <span class='ocr_line' id='line_1_1' title="bbox 373 246 1121 320; baseline 0.009 -8"><span class='ocrx_word' id='word_1_1' title='bbox 373 246 608 313; x_wconf 85' lang='lat' dir='ltr'>AENEIDOS</span> <span class='ocrx_word' id='word_1_2' title='bbox 632 249 785 314; x_wconf 88' lang='lat' dir='ltr'>LIBER</span> <span class='ocrx_word' id='word_1_3' title='bbox 808 251 833 316; x_wconf 93' lang='lat'>1.</span> <span class='ocrx_word' id='word_1_4' title='bbox 1064 254 1121 320; x_wconf 77' lang='lat'>135</span> 
     </span>
    </p>
   </div>
   <div class='ocr_carea' id='block_1_2' title="bbox 23 370 1125 1203">
    <p class='ocr_par' dir='ltr' id='par_1_2' title="bbox 23 370 1125 1203">
     <span class='ocr_line' id='line_1_2' title="bbox 85 370 934 461; baseline -0.007 -20"><span class='ocrx_word' id='word_1_5' title='bbox 85 376 225 441; x_wconf 80' lang='lat' dir='ltr'>orantes</span> <span class='ocrx_word' id='word_1_6' title='bbox 240 370 385 449; x_wconf 88' lang='lat' dir='ltr'>veniam,</span> <span class='ocrx_word' id='word_1_7' title='bbox 399 387 432 436; x_wconf 89' lang='lat' dir='ltr'>et</span> <span class='ocrx_word' id='word_1_8' title='bbox 444 371 606 459; x_wconf 80' lang='lat' dir='ltr'>templum</span> <span class='ocrx_word' id='word_1_9' title='bbox 618 372 759 438; x_wconf 84' lang='lat' dir='ltr'>clamore</span> <span class='ocrx_word' id='word_1_10' title='bbox 770 372 934 461; x_wconf 83' lang='lat' dir='ltr'>petebant.</span> 
     </span>
     <span class='ocr_line' id='line_1_3' title="bbox 25 477 1125 569; baseline -0.007 -24"><span class='ocrx_word' id='word_1_11' title='bbox 25 503 26 512; x_wconf 49' lang='lat'>³</span> <span class='ocrx_word' id='word_1_12' title='bbox 130 485 311 569; x_wconf 89' lang='lat' dir='ltr'>Postquam</span> <span class='ocrx_word' id='word_1_13' title='bbox 322 479 528 566; x_wconf 77' lang='lat' dir='ltr'>introgressi,</span> <span class='ocrx_word' id='word_1_14' title='bbox 542 494 575 542; x_wconf 89' lang='lat' dir='ltr'>et</span> <span class='ocrx_word' id='word_1_15' title='bbox 587 477 784 544; x_wconf 75' lang='lat' dir='ltr'>coram-data</span> <span class='ocrx_word' id='word_1_16' title='bbox 795 481 889 567; x_wconf 84' lang='lat' dir='ltr'>copia</span> <span class='ocrx_word' id='word_1_17' title='bbox 900 477 1007 560; x_wconf 79' lang='lat' dir='ltr'>fandi3</span> <span class='ocrx_word' id='word_1_18' title='bbox 1081 494 1125 540; x_wconf 72' lang='lat'>5²0</span> 
     </span>
     <span class='ocr_line' id='line_1_4' title="bbox 85 583 891 674; baseline -0.006 -21"><span class='ocrx_word' id='word_1_19' title='bbox 85 590 262 653; x_wconf 83' lang='lat' dir='ltr'>Maxumus</span> <span class='ocrx_word' id='word_1_20' title='bbox 275 585 419 648; x_wconf 87' lang='lat' dir='ltr'>Ilioneus</span> <span class='ocrx_word' id='word_1_21' title='bbox 431 583 562 672; x_wconf 87' lang='lat' dir='ltr'>placido</span> <span class='ocrx_word' id='word_1_22' title='bbox 574 585 621 650; x_wconf 92' lang='lat' dir='ltr'>sic</span> <span class='ocrx_word' id='word_1_23' title='bbox 631 601 765 673; x_wconf 83' lang='lat' dir='ltr'>pectore</span> <span class='ocrx_word' id='word_1_24' title='bbox 777 585 891 674; x_wconf 89' lang='lat' dir='ltr'>coepit:</span> 
     </span>
     <span class='ocr_line' id='line_1_5' title="bbox 23 689 928 784; baseline -0.004 -25"><span class='ocrx_word' id='word_1_25' title='bbox 23 689 24 692; x_wconf 44' lang='lat'>&#39;</span> <span class='ocrx_word' id='word_1_26' title='bbox 84 694 116 759; x_wconf 93' lang='grc' dir='ltr'><strong>Ο</strong></span> <span class='ocrx_word' id='word_1_27' title='bbox 127 693 268 784; x_wconf 75' lang='lat' dir='ltr'>Regipe,</span> <span class='ocrx_word' id='word_1_28' title='bbox 280 712 401 756; x_wconf 85' lang='lat' dir='ltr'>novam</span> <span class='ocrx_word' id='word_1_29' title='bbox 413 691 467 756; x_wconf 88' lang='lat' dir='ltr'>cui</span> <span class='ocrx_word' id='word_1_30' title='bbox 480 690 624 770; x_wconf 89' lang='lat' dir='ltr'>condere</span> <span class='ocrx_word' id='word_1_31' title='bbox 635 692 788 780; x_wconf 85' lang='lat' dir='ltr'>Iuppiter</span> <span class='ocrx_word' id='word_1_32' title='bbox 798 691 928 771; x_wconf 90' lang='lat' dir='ltr'>urbem,</span> 
     </span>
     <span class='ocr_line' id='line_1_6' title="bbox 85 795 834 887; baseline 0 -25"><span class='ocrx_word' id='word_1_33' title='bbox 85 797 285 886; x_wconf 80' lang='lat' dir='ltr'>Iustitiaque</span> <span class='ocrx_word' id='word_1_34' title='bbox 297 795 391 861; x_wconf 89' lang='lat' dir='ltr'><strong>dedit</strong></span> <span class='ocrx_word' id='word_1_35' title='bbox 402 797 507 885; x_wconf 78' lang='lat' dir='ltr'>gentis</span> <span class='ocrx_word' id='word_1_36' title='bbox 520 797 650 862; x_wconf 79' lang='lat' dir='ltr'>frenare</span> <span class='ocrx_word' id='word_1_37' title='bbox 663 797 834 887; x_wconf 87' lang='lat' dir='ltr'>superbas,</span> 
     </span>
     <span class='ocr_line' id='line_1_7' title="bbox 85 903 842 984; baseline 0 -18"><span class='ocrx_word' id='word_1_38' title='bbox 85 903 193 968; x_wconf 84' lang='lat' dir='ltr'><strong>Troes</strong></span> <span class='ocrx_word' id='word_1_39' title='bbox 205 919 238 967; x_wconf 87' lang='lat' dir='ltr'>te</span> <span class='ocrx_word' id='word_1_40' title='bbox 250 903 376 982; x_wconf 89' lang='lat' dir='ltr'>miseri,</span> <span class='ocrx_word' id='word_1_41' title='bbox 390 904 496 968; x_wconf 91' lang='lat' dir='ltr'>ventis</span> <span class='ocrx_word' id='word_1_42' title='bbox 508 905 610 970; x_wconf 85' lang='lat' dir='ltr'>meria</span> <span class='ocrx_word' id='word_1_43' title='bbox 623 905 731 970; x_wconf 84' lang='lat' dir='ltr'>omnia</span> <span class='ocrx_word' id='word_1_44' title='bbox 743 905 842 984; x_wconf 84' lang='lat' dir='ltr'>vecti,</span> 
     </span>
     <span class='ocr_line' id='line_1_8' title="bbox 85 1007 859 1098; baseline 0.001 -26"><span class='ocrx_word' id='word_1_45' title='bbox 85 1007 246 1072; x_wconf 85' lang='lat' dir='ltr'><strong>Oramus:</strong></span> <span class='ocrx_word' id='word_1_46' title='bbox 259 1007 401 1096; x_wconf 83' lang='lat' dir='ltr'><strong>prohibe</strong></span> <span class='ocrx_word' id='word_1_47' title='bbox 413 1008 567 1076; x_wconf 85' lang='lat' dir='ltr'>infandos</span> <span class='ocrx_word' id='word_1_48' title='bbox 579 1010 747 1075; x_wconf 82' lang='lat' dir='ltr'>anavibus</span> <span class='ocrx_word' id='word_1_49' title='bbox 759 1011 859 1098; x_wconf 72' lang='lat' dir='ltr'>ignis3</span> 
     </span>
     <span class='ocr_line' id='line_1_9' title="bbox 85 1114 947 1203; baseline 0.001 -27"><span class='ocrx_word' id='word_1_50' title='bbox 85 1115 186 1177; x_wconf 81' lang='lat' dir='ltr'>Parce</span> <span class='ocrx_word' id='word_1_51' title='bbox 198 1114 256 1201; x_wconf 90' lang='lat' dir='ltr'>pie</span> <span class='ocrx_word' id='word_1_52' title='bbox 267 1115 394 1202; x_wconf 79' lang='lat' dir='ltr'>generi,</span> <span class='ocrx_word' id='word_1_53' title='bbox 409 1130 441 1178; x_wconf 90' lang='lat' dir='ltr'>et</span> <span class='ocrx_word' id='word_1_54' title='bbox 455 1116 592 1203; x_wconf 88' lang='lat' dir='ltr'>propius</span> <span class='ocrx_word' id='word_1_55' title='bbox 605 1138 656 1180; x_wconf 92' lang='lat' dir='ltr'>res</span> <span class='ocrx_word' id='word_1_56' title='bbox 668 1115 799 1203; x_wconf 85' lang='lat' dir='ltr'>adspice</span> <span class='ocrx_word' id='word_1_57' title='bbox 812 1130 947 1179; x_wconf 86' lang='lat' dir='ltr'>nostras.</span> 
     </span>
    </p>
   </div>
   <div class='ocr_carea' id='block_1_3' title="bbox 83 1297 1129 1721">
    <p class='ocr_par' dir='ltr' id='par_1_3' title="bbox 83 1297 1129 1721">
     <span class='ocr_line' id='line_1_10' title="bbox 84 1297 1127 1363; baseline -0.002 -17"><span class='ocrx_word' id='word_1_58' title='bbox 84 1302 172 1346; x_wconf 67' lang='lat' dir='ltr'>cuncus</span> <span class='ocrx_word' id='word_1_59' title='bbox 180 1314 234 1344; x_wconf 80' lang='lat' dir='ltr'>nem</span> <span class='ocrx_word' id='word_1_60' title='bbox 243 1297 305 1346; x_wconf 83' lang='lat' dir='ltr'>lectis</span> <span class='ocrx_word' id='word_1_61' title='bbox 314 1299 375 1346; x_wconf 74' lang='lat' dir='ltr'>eud.</span> <span class='ocrx_word' id='word_1_62' title='bbox 389 1315 401 1346; x_wconf 85' lang='lat' dir='ltr'>a</span> <span class='ocrx_word' id='word_1_63' title='bbox 413 1316 445 1346; x_wconf 85' lang='lat' dir='ltr'>m.</span> <span class='ocrx_word' id='word_1_64' title='bbox 458 1314 494 1363; x_wconf 89' lang='lat' dir='ltr'>pr.</span> <span class='ocrx_word' id='word_1_65' title='bbox 506 1299 568 1348; x_wconf 72' lang='lat' dir='ltr'>lectis</span> <span class='ocrx_word' id='word_1_66' title='bbox 579 1315 602 1349; x_wconf 88' lang='lat' dir='ltr'>et</span> <span class='ocrx_word' id='word_1_67' title='bbox 613 1299 661 1348; x_wconf 74' lang='lat' dir='ltr'>leti</span> <span class='ocrx_word' id='word_1_68' title='bbox 668 1301 787 1348; x_wconf 83' lang='lat' dir='ltr'>aberratur</span> <span class='ocrx_word' id='word_1_69' title='bbox 797 1303 866 1347; x_wconf 84' lang='lat' dir='ltr'>etiam</span> <span class='ocrx_word' id='word_1_70' title='bbox 876 1303 901 1346; x_wconf 94' lang='lat' dir='ltr'>in</span> <span class='ocrx_word' id='word_1_71' title='bbox 910 1299 969 1346; x_wconf 81' lang='lat' dir='ltr'>aliis.</span> <span class='ocrx_word' id='word_1_72' title='bbox 979 1297 1017 1345; x_wconf 80' lang='lat' dir='ltr'>tee&#39;</span> <span class='ocrx_word' id='word_1_73' title='bbox 1028 1301 1052 1344; x_wconf 92' lang='lat' dir='ltr'>in</span> <span class='ocrx_word' id='word_1_74' title='bbox 1063 1301 1127 1345; x_wconf 82' lang='lat' dir='ltr'>Rom·</span> 
     </span>
     <span class='ocr_line' id='line_1_11' title="bbox 83 1372 1127 1437; baseline -0.001 -20"><span class='ocrx_word' id='word_1_75' title='bbox 83 1387 99 1417; x_wconf 82' lang='lat' dir='ltr'>a</span> <span class='ocrx_word' id='word_1_76' title='bbox 110 1387 142 1416; x_wconf 88' lang='lat' dir='ltr'>m.</span> <span class='ocrx_word' id='word_1_77' title='bbox 154 1388 190 1434; x_wconf 88' lang='lat' dir='ltr'>pr.</span> <span class='ocrx_word' id='word_1_78' title='bbox 201 1397 232 1408; x_wconf 92' lang='lat'><em>-</em></span> <span class='ocrx_word' id='word_1_79' title='bbox 240 1372 295 1433; x_wconf 82' lang='lat'>519.</span> <span class='ocrx_word' id='word_1_80' title='bbox 306 1381 330 1418; x_wconf 83' lang='lat' dir='ltr'>et</span> <span class='ocrx_word' id='word_1_81' title='bbox 340 1373 369 1418; x_wconf 87' lang='lat' dir='ltr'>ab</span> <span class='ocrx_word' id='word_1_82' title='bbox 378 1372 461 1418; x_wconf 75' lang='lat' dir='ltr'>liamb.</span> <span class='ocrx_word' id='word_1_83' title='bbox 473 1390 510 1436; x_wconf 88' lang='lat' dir='ltr'>pr.</span> <span class='ocrx_word' id='word_1_84' title='bbox 527 1374 600 1420; x_wconf 82' lang='lat' dir='ltr'>abest.</span> <span class='ocrx_word' id='word_1_85' title='bbox 609 1399 640 1410; x_wconf 93' lang='lat'>—</span> <span class='ocrx_word' id='word_1_86' title='bbox 650 1376 708 1430; x_wconf 63' lang='lat'>521„</span> <span class='ocrx_word' id='word_1_87' title='bbox 716 1372 799 1437; x_wconf 81' lang='lat' dir='ltr'>plecr&#39;to</span> <span class='ocrx_word' id='word_1_88' title='bbox 812 1373 867 1420; x_wconf 87' lang='lat' dir='ltr'>due.</span> <span class='ocrx_word' id='word_1_89' title='bbox 878 1388 937 1419; x_wconf 75' lang='lat' dir='ltr'>nunc</span> <span class='ocrx_word' id='word_1_90' title='bbox 948 1388 992 1435; x_wconf 87' lang='lat' dir='ltr'>pro</span> <span class='ocrx_word' id='word_1_91' title='bbox 1003 1376 1034 1418; x_wconf 82' lang='lat' dir='ltr'>sie</span> <span class='ocrx_word' id='word_1_92' title='bbox 1046 1372 1127 1418; x_wconf 81' lang='lat' dir='ltr'>Ilemb.</span> 
     </span>
     <span class='ocr_line' id='line_1_12' title="bbox 86 1443 1127 1508; baseline -0.001 -20"><span class='ocrx_word' id='word_1_93' title='bbox 86 1459 123 1506; x_wconf 84' lang='lat' dir='ltr'>pr.</span> <span class='ocrx_word' id='word_1_94' title='bbox 135 1469 168 1480; x_wconf 91' lang='lat'>-</span> <span class='ocrx_word' id='word_1_95' title='bbox 177 1443 231 1490; x_wconf 79' lang='lat'>523.</span> <span class='ocrx_word' id='word_1_96' title='bbox 242 1445 336 1490; x_wconf 74' lang='lat' dir='ltr'>Servare</span> <span class='ocrx_word' id='word_1_97' title='bbox 348 1443 407 1490; x_wconf 84' lang='lat' dir='ltr'>alter</span> <span class='ocrx_word' id='word_1_98' title='bbox 421 1445 504 1491; x_wconf 83' lang='lat' dir='ltr'>Ilamb.</span> <span class='ocrx_word' id='word_1_99' title='bbox 513 1469 544 1480; x_wconf 94' lang='lat'><em>-</em></span> <span class='ocrx_word' id='word_1_100' title='bbox 555 1444 606 1502; x_wconf 69' lang='lat'>524.</span> <span class='ocrx_word' id='word_1_101' title='bbox 618 1449 703 1492; x_wconf 73' lang='lat' dir='ltr'>circum</span> <span class='ocrx_word' id='word_1_102' title='bbox 717 1463 747 1491; x_wconf 87' lang='lat' dir='ltr'>m.</span> <span class='ocrx_word' id='word_1_103' title='bbox 762 1445 843 1491; x_wconf 72' lang='lat' dir='ltr'>Ilamb.</span> <span class='ocrx_word' id='word_1_104' title='bbox 856 1461 891 1508; x_wconf 86' lang='lat' dir='ltr'>pr.</span> <span class='ocrx_word' id='word_1_105' title='bbox 909 1460 937 1491; x_wconf 87' lang='lat' dir='ltr'>ex</span> <span class='ocrx_word' id='word_1_106' title='bbox 947 1461 969 1491; x_wconf 82' lang='lat' dir='ltr'>v.</span> <span class='ocrx_word' id='word_1_107' title='bbox 982 1445 1026 1499; x_wconf 79' lang='lat'>3²,</span> <span class='ocrx_word' id='word_1_108' title='bbox 1038 1454 1062 1504; x_wconf 77' lang='lat' dir='ltr'>et</span> <span class='ocrx_word' id='word_1_109' title='bbox 1079 1443 1127 1488; x_wconf 86' lang='lat' dir='ltr'>Cn·</span> 
     </span>
     <span class='ocr_line' id='line_1_13' title="bbox 86 1513 1127 1580; baseline -0.002 -20"><span class='ocrx_word' id='word_1_110' title='bbox 86 1514 206 1576; x_wconf 65' lang='lat' dir='ltr'>magnam.</span> <span class='ocrx_word' id='word_1_111' title='bbox 226 1515 380 1577; x_wconf 77' lang='lat' dir='ltr'>conjiciebat:</span> <span class='ocrx_word' id='word_1_112' title='bbox 392 1518 477 1562; x_wconf 66' lang='lat' dir='ltr'>cereum</span> <span class='ocrx_word' id='word_1_113' title='bbox 491 1515 530 1563; x_wconf 79' lang='lat' dir='ltr'>vel</span> <span class='ocrx_word' id='word_1_114' title='bbox 548 1515 591 1562; x_wconf 80' lang='lat' dir='ltr'>buc</span> <span class='ocrx_word' id='word_1_115' title='bbox 605 1532 661 1580; x_wconf 84' lang='lat' dir='ltr'>per,</span> <span class='ocrx_word' id='word_1_116' title='bbox 678 1516 708 1561; x_wconf 78' lang='lat' dir='ltr'>ed</span> <span class='ocrx_word' id='word_1_117' title='bbox 719 1517 815 1562; x_wconf 85' lang='lat' dir='ltr'>ductum</span> <span class='ocrx_word' id='word_1_118' title='bbox 834 1519 884 1561; x_wconf 63' lang='grc' dir='ltr'>ΕΔ.</span> <span class='ocrx_word' id='word_1_119' title='bbox 896 1516 951 1572; x_wconf 84' lang='lat' dir='ltr'>vn,</span> <span class='ocrx_word' id='word_1_120' title='bbox 969 1513 1127 1570; x_wconf 58' lang='lat' dir='ltr'>nemmem.</span> 
     </span>
     <span class='ocr_line' id='line_1_14' title="bbox 86 1583 1129 1648; baseline -0.003 -18"><span class='ocrx_word' id='word_1_121' title='bbox 86 1585 147 1630; x_wconf 76' lang='lat' dir='ltr'>llam</span> <span class='ocrx_word' id='word_1_122' title='bbox 157 1587 306 1647; x_wconf 77' lang='lat' dir='ltr'>praeposidra</span> <span class='ocrx_word' id='word_1_123' title='bbox 319 1585 387 1632; x_wconf 85' lang='lat' dir='ltr'>docte</span> <span class='ocrx_word' id='word_1_124' title='bbox 397 1602 410 1631; x_wconf 89' lang='lat' dir='ltr'>a</span> <span class='ocrx_word' id='word_1_125' title='bbox 419 1598 487 1648; x_wconf 77' lang='lat' dir='ltr'>pecta</span> <span class='ocrx_word' id='word_1_126' title='bbox 500 1586 530 1632; x_wconf 83' lang='lat' dir='ltr'>ad</span> <span class='ocrx_word' id='word_1_127' title='bbox 541 1587 674 1633; x_wconf 75' lang='lat' dir='ltr'>Grecorurn</span> <span class='ocrx_word' id='word_1_128' title='bbox 690 1585 786 1632; x_wconf 89' lang='lat' dir='ltr'>ductum</span> <span class='ocrx_word' id='word_1_129' title='bbox 797 1588 918 1631; x_wconf 85' lang='lat' dir='ltr'>omittitur.</span> <span class='ocrx_word' id='word_1_130' title='bbox 928 1609 959 1621; x_wconf 90' lang='lat'>--</span> <span class='ocrx_word' id='word_1_131' title='bbox 969 1585 1020 1631; x_wconf 72' lang='lat'>525.</span> <span class='ocrx_word' id='word_1_132' title='bbox 1032 1583 1129 1646; x_wconf 61' lang='lat' dir='ltr'>irfindrs</span> 
     </span>
     <span class='ocr_line' id='line_1_15' title="bbox 86 1654 1128 1721; baseline -0.005 -18"><span class='ocrx_word' id='word_1_133' title='bbox 86 1655 178 1703; x_wconf 66' lang='lat' dir='ltr'>zullen-</span> <span class='ocrx_word' id='word_1_134' title='bbox 191 1671 244 1702; x_wconf 83' lang='lat' dir='ltr'>am.</span> <span class='ocrx_word' id='word_1_135' title='bbox 254 1672 327 1718; x_wconf 85' lang='lat' dir='ltr'>pr.-</span> <span class='ocrx_word' id='word_1_136' title='bbox 337 1656 388 1704; x_wconf 79' lang='lat'>526.</span> <span class='ocrx_word' id='word_1_137' title='bbox 398 1673 475 1720; x_wconf 74' lang='lat' dir='ltr'>perce,</span> <span class='ocrx_word' id='word_1_138' title='bbox 485 1673 565 1721; x_wconf 77' lang='lat' dir='ltr'>precor</span> <span class='ocrx_word' id='word_1_139' title='bbox 572 1657 630 1706; x_wconf 85' lang='lat' dir='ltr'>alter</span> <span class='ocrx_word' id='word_1_140' title='bbox 639 1657 721 1704; x_wconf 81' lang='lat' dir='ltr'>llrmb.</span> <span class='ocrx_word' id='word_1_141' title='bbox 731 1666 754 1704; x_wconf 83' lang='lat' dir='ltr'>et</span> <span class='ocrx_word' id='word_1_142' title='bbox 761 1655 828 1703; x_wconf 80' lang='lat' dir='ltr'>deest</span> <span class='ocrx_word' id='word_1_143' title='bbox 839 1654 952 1702; x_wconf 81' lang='lat' dir='ltr'>Moutalb.</span> <span class='ocrx_word' id='word_1_144' title='bbox 964 1670 1000 1701; x_wconf 73' lang='lat' dir='ltr'>res</span> <span class='ocrx_word' id='word_1_145' title='bbox 1010 1656 1085 1717; x_wconf 77' lang='lat' dir='ltr'>accipe</span> <span class='ocrx_word' id='word_1_146' title='bbox 1093 1669 1128 1716; x_wconf 89' lang='lat' dir='ltr'>pr.</span> 
     </span>
    </p>
   </div>
   <div class='ocr_carea' id='block_1_4' title="bbox 85 1799 1171 4028">
    <p class='ocr_par' dir='ltr' id='par_1_4' title="bbox 85 1799 1171 4028">
     <span class='ocr_line' id='line_1_16' title="bbox 86 1799 1131 1877; baseline -0.007 -19"><span class='ocrx_word' id='word_1_147' title='bbox 86 1807 160 1872; x_wconf 31' lang='lat' dir='ltr'>satis·</span> <span class='ocrx_word' id='word_1_148' title='bbox 179 1817 352 1877; x_wconf 81' lang='lat' dir='ltr'>perspectum</span> <span class='ocrx_word' id='word_1_149' title='bbox 378 1805 523 1860; x_wconf 86' lang='lat' dir='ltr'>habebant.</span> <span class='ocrx_word' id='word_1_150' title='bbox 552 1837 588 1848; x_wconf 88' lang='lat'>-</span> <span class='ocrx_word' id='word_1_151' title='bbox 637 1825 713 1873; x_wconf 89' lang='lat' dir='ltr'>sum,</span> <span class='ocrx_word' id='word_1_152' title='bbox 741 1801 910 1873; x_wconf 62' lang='lat' dir='ltr'>bpoplperee,</span> <span class='ocrx_word' id='word_1_153' title='bbox 932 1801 1035 1856; x_wconf 82' lang='lat' dir='ltr'>ridebis</span> <span class='ocrx_word' id='word_1_154' title='bbox 1058 1799 1131 1873; x_wconf 83' lang='lat' dir='ltr'>apud</span> 
     </span>
     <span class='ocr_line' id='line_1_17' title="bbox 88 1885 1018 1959; baseline -0.005 -22"><span class='ocrx_word' id='word_1_155' title='bbox 88 1885 151 1956; x_wconf 82' lang='lat'>519.</span> <span class='ocrx_word' id='word_1_156' title='bbox 171 1885 280 1938; x_wconf 70' lang='lat' dir='ltr'>Oreum</span> <span class='ocrx_word' id='word_1_157' title='bbox 297 1885 401 1936; x_wconf 82' lang='lat' dir='ltr'>veniam</span> <span class='ocrx_word' id='word_1_158' title='bbox 423 1886 510 1959; x_wconf 85' lang='lat' dir='ltr'>simpl.</span> <span class='ocrx_word' id='word_1_159' title='bbox 524 1905 589 1958; x_wconf 90' lang='lat' dir='ltr'>pro-</span> <span class='ocrx_word' id='word_1_160' title='bbox 637 1890 727 1956; x_wconf 89' lang='lat' dir='ltr'>Quiut.</span> <span class='ocrx_word' id='word_1_161' title='bbox 738 1886 795 1939; x_wconf 86' lang='lat' dir='ltr'>Cal.</span> <span class='ocrx_word' id='word_1_162' title='bbox 807 1887 884 1952; x_wconf 81' lang='lat' dir='ltr'>xm,</span> <span class='ocrx_word' id='word_1_163' title='bbox 901 1885 946 1937; x_wconf 89' lang='lat'>181</span> <span class='ocrx_word' id='word_1_164' title='bbox 961 1901 1018 1955; x_wconf 92' lang='lat' dir='ltr'>sqq.</span> 
     </span>
     <span class='ocr_line' id='line_1_18' title="bbox 86 1964 1131 2040; baseline -0.001 -24"><span class='ocrx_word' id='word_1_165' title='bbox 86 1968 183 2038; x_wconf 87' lang='lat' dir='ltr'>pitiam</span> <span class='ocrx_word' id='word_1_166' title='bbox 196 1977 223 2016; x_wconf 87' lang='lat' dir='ltr'>et</span> <span class='ocrx_word' id='word_1_167' title='bbox 233 1964 392 2018; x_wconf 81' lang='lat' dir='ltr'>benevolam</span> <span class='ocrx_word' id='word_1_168' title='bbox 406 1964 587 2034; x_wconf 81' lang='lat' dir='ltr'>voluntatem,</span> <span class='ocrx_word' id='word_1_169' title='bbox 672 1969 722 2023; x_wconf 74' lang='lat'>5²2</span> <span class='ocrx_word' id='word_1_170' title='bbox 735 1986 794 2040; x_wconf 85' lang='lat' dir='ltr'>sqq.</span> <span class='ocrx_word' id='word_1_171' title='bbox 805 1969 898 2021; x_wconf 79' lang='lat' dir='ltr'>Oratio</span> <span class='ocrx_word' id='word_1_172' title='bbox 911 1967 1014 2038; x_wconf 70' lang='lat' dir='ltr'>egregie</span> <span class='ocrx_word' id='word_1_173' title='bbox 1027 1964 1061 2017; x_wconf 81' lang='lat' dir='ltr'>ed</span> <span class='ocrx_word' id='word_1_174' title='bbox 1071 1982 1131 2016; x_wconf 91' lang='lat' dir='ltr'>con·</span> 
     </span>
     <span class='ocr_line' id='line_1_19' title="bbox 86 2043 1131 2102; baseline -0.003 -5"><span class='ocrx_word' id='word_1_175' title='bbox 86 2057 119 2097; x_wconf 86' lang='lat' dir='ltr'>ut</span> <span class='ocrx_word' id='word_1_176' title='bbox 140 2062 173 2096; x_wconf 90' lang='lat' dir='ltr'>ne</span> <span class='ocrx_word' id='word_1_177' title='bbox 194 2043 337 2098; x_wconf 80' lang='lat' dir='ltr'>escendere</span> <span class='ocrx_word' id='word_1_178' title='bbox 361 2063 392 2096; x_wconf 80' lang='lat' dir='ltr'>ac</span> <span class='ocrx_word' id='word_1_179' title='bbox 414 2044 477 2097; x_wconf 84' lang='lat' dir='ltr'>litus</span> <span class='ocrx_word' id='word_1_180' title='bbox 499 2059 588 2099; x_wconf 87' lang='lat' dir='ltr'>tenere</span> <span class='ocrx_word' id='word_1_181' title='bbox 636 2050 725 2102; x_wconf 81' lang='lat' dir='ltr'>silium</span> <span class='ocrx_word' id='word_1_182' title='bbox 747 2061 774 2102; x_wconf 90' lang='lat' dir='ltr'>et</span> <span class='ocrx_word' id='word_1_183' title='bbox 805 2047 839 2100; x_wconf 82' lang='lat' dir='ltr'>ed</span> <span class='ocrx_word' id='word_1_184' title='bbox 870 2049 997 2100; x_wconf 82' lang='lat' dir='ltr'>effectum</span> <span class='ocrx_word' id='word_1_185' title='bbox 1020 2044 1131 2096; x_wconf 87' lang='lat' dir='ltr'>dicentis</span> 
     </span>
     <span class='ocr_line' id='line_1_20' title="bbox 87 2123 1132 2198; baseline -0.003 -22"><span class='ocrx_word' id='word_1_186' title='bbox 87 2123 305 2198; x_wconf 73' lang='lat' dir='ltr'>prohiberentur.</span> <span class='ocrx_word' id='word_1_187' title='bbox 333 2123 463 2190; x_wconf 86' lang='lat' dir='ltr'>Scilicet,</span> <span class='ocrx_word' id='word_1_188' title='bbox 490 2138 520 2177; x_wconf 91' lang='lat' dir='ltr'>ut</span> <span class='ocrx_word' id='word_1_189' title='bbox 548 2143 590 2178; x_wconf 82' lang='lat' dir='ltr'>se·</span> <span class='ocrx_word' id='word_1_190' title='bbox 638 2129 823 2198; x_wconf 80' lang='lat' dir='ltr'>audientisque</span> <span class='ocrx_word' id='word_1_191' title='bbox 831 2136 998 2198; x_wconf 58' lang='lat' dir='ltr'>comparem</span> <span class='ocrx_word' id='word_1_192' title='bbox 1011 2141 1071 2175; x_wconf 90' lang='lat' dir='ltr'>cum</span> <span class='ocrx_word' id='word_1_193' title='bbox 1079 2139 1132 2192; x_wconf 78' lang='lat' dir='ltr'>qus</span> 
     </span>
     <span class='ocr_line' id='line_1_21' title="bbox 85 2201 1132 2274; baseline -0.005 -18"><span class='ocrx_word' id='word_1_194' title='bbox 85 2220 175 2274; x_wconf 81' lang='lat' dir='ltr'>quens</span> <span class='ocrx_word' id='word_1_195' title='bbox 184 2205 272 2255; x_wconf 79' lang='lat' dir='ltr'>oratio</span> <span class='ocrx_word' id='word_1_196' title='bbox 288 2220 312 2253; x_wconf 83' lang='lat' dir='ltr'>v.</span> <span class='ocrx_word' id='word_1_197' title='bbox 327 2201 378 2256; x_wconf 79' lang='lat'>525</span> <span class='ocrx_word' id='word_1_198' title='bbox 391 2220 450 2274; x_wconf 83' lang='lat' dir='ltr'>sqq.</span> <span class='ocrx_word' id='word_1_199' title='bbox 465 2204 501 2256; x_wconf 82' lang='lat' dir='ltr'>ad</span> <span class='ocrx_word' id='word_1_200' title='bbox 514 2205 588 2256; x_wconf 86' lang='lat' dir='ltr'>intel·</span> <span class='ocrx_word' id='word_1_201' title='bbox 636 2225 691 2259; x_wconf 84' lang='lat' dir='ltr'>non</span> <span class='ocrx_word' id='word_1_202' title='bbox 702 2209 759 2259; x_wconf 88' lang='lat' dir='ltr'>sine</span> <span class='ocrx_word' id='word_1_203' title='bbox 769 2208 860 2258; x_wconf 81' lang='lat' dir='ltr'>fructu</span> <span class='ocrx_word' id='word_1_204' title='bbox 872 2219 1009 2274; x_wconf 85' lang='lat' dir='ltr'>compares</span> <span class='ocrx_word' id='word_1_205' title='bbox 1022 2201 1132 2254; x_wconf 76' lang='lat' dir='ltr'>alteram</span> 
     </span>
     <span class='ocr_line' id='line_1_22' title="bbox 85 2280 1171 2357; baseline -0.005 -23"><span class='ocrx_word' id='word_1_206' title='bbox 85 2281 227 2354; x_wconf 72' lang='lat' dir='ltr'>ligendum</span> <span class='ocrx_word' id='word_1_207' title='bbox 249 2281 374 2357; x_wconf 81' lang='lat' dir='ltr'>expedita</span> <span class='ocrx_word' id='word_1_208' title='bbox 394 2285 444 2348; x_wconf 82' lang='lat' dir='ltr'>sit,</span> <span class='ocrx_word' id='word_1_209' title='bbox 472 2285 589 2356; x_wconf 74' lang='lat' dir='ltr'>cogitan-</span> <span class='ocrx_word' id='word_1_210' title='bbox 638 2287 673 2341; x_wconf 82' lang='lat' dir='ltr'>ad</span> <span class='ocrx_word' id='word_1_211' title='bbox 683 2288 807 2340; x_wconf 87' lang='lat' dir='ltr'>Latinum</span> <span class='ocrx_word' id='word_1_212' title='bbox 817 2285 847 2336; x_wconf 83' lang='lat' dir='ltr'>R.</span> <span class='ocrx_word' id='word_1_213' title='bbox 868 2281 988 2334; x_wconf 80' lang='lat' dir='ltr'>habitam</span> <span class='ocrx_word' id='word_1_214' title='bbox 1000 2280 1131 2344; x_wconf 81' lang='lat' dir='ltr'>AEn.Vll,</span> <span class='ocrx_word' id='word_1_215' title='bbox 1167 2341 1171 2356; x_wconf 25' lang='grc' dir='ltr'><strong><em>θ</em></strong></span> 
     </span>
     <span class='ocr_line' id='line_1_23' title="bbox 86 2359 1132 2436; baseline -0.004 -24"><span class='ocrx_word' id='word_1_216' title='bbox 86 2361 170 2426; x_wconf 82' lang='lat' dir='ltr'>dum,</span> <span class='ocrx_word' id='word_1_217' title='bbox 184 2378 266 2414; x_wconf 80' lang='lat' dir='ltr'>nares</span> <span class='ocrx_word' id='word_1_218' title='bbox 286 2360 345 2415; x_wconf 77' lang='lat' dir='ltr'>illae</span> <span class='ocrx_word' id='word_1_219' title='bbox 365 2363 393 2414; x_wconf 84' lang='lat' dir='ltr'>in</span> <span class='ocrx_word' id='word_1_220' title='bbox 412 2363 495 2431; x_wconf 78' lang='lat' dir='ltr'>litus,</span> <span class='ocrx_word' id='word_1_221' title='bbox 516 2364 590 2434; x_wconf 86' lang='lat' dir='ltr'>quod</span> <span class='ocrx_word' id='word_1_222' title='bbox 639 2365 689 2417; x_wconf 79' lang='lat'>213</span> <span class='ocrx_word' id='word_1_223' title='bbox 704 2383 762 2436; x_wconf 84' lang='lat' dir='ltr'>sqq.</span> <span class='ocrx_word' id='word_1_224' title='bbox 779 2363 936 2417; x_wconf 82' lang='lat' dir='ltr'>Prteclermn</span> <span class='ocrx_word' id='word_1_225' title='bbox 951 2359 1021 2412; x_wconf 87' lang='lat' dir='ltr'>hoc:</span> <span class='ocrx_word' id='word_1_226' title='bbox 1037 2377 1132 2412; x_wconf 81' lang='lat' dir='ltr'>nevam</span> 
     </span>
     <span class='ocr_line' id='line_1_24' title="bbox 85 2436 1132 2516; baseline -0.004 -24"><span class='ocrx_word' id='word_1_227' title='bbox 85 2459 151 2492; x_wconf 81' lang='lat' dir='ltr'>raro</span> <span class='ocrx_word' id='word_1_228' title='bbox 172 2440 242 2494; x_wconf 83' lang='lat' dir='ltr'>adiri</span> <span class='ocrx_word' id='word_1_229' title='bbox 264 2440 384 2509; x_wconf 84' lang='lat' dir='ltr'>solebat,</span> <span class='ocrx_word' id='word_1_230' title='bbox 406 2445 518 2511; x_wconf 82' lang='lat' dir='ltr'>rejectas</span> <span class='ocrx_word' id='word_1_231' title='bbox 539 2462 590 2516; x_wconf 88' lang='lat' dir='ltr'>pro</span> <span class='ocrx_word' id='word_1_232' title='bbox 639 2445 684 2496; x_wconf 84' lang='lat' dir='ltr'>cui</span> <span class='ocrx_word' id='word_1_233' title='bbox 702 2444 810 2496; x_wconf 80' lang='lat' dir='ltr'>condere</span> <span class='ocrx_word' id='word_1_234' title='bbox 827 2442 952 2514; x_wconf 80' lang='lat' dir='ltr'>Juppiter</span> <span class='ocrx_word' id='word_1_235' title='bbox 966 2439 1062 2491; x_wconf 81' lang='lat' dir='ltr'>urbem.</span> <span class='ocrx_word' id='word_1_236' title='bbox 1076 2436 1132 2489; x_wconf 83' lang='lat' dir='ltr'>haec</span> 
     </span>
     <span class='ocr_line' id='line_1_25' title="bbox 87 2517 1134 2593; baseline -0.006 -21"><span class='ocrx_word' id='word_1_237' title='bbox 87 2517 269 2592; x_wconf 67' lang='lat' dir='ltr'>praedatoriis,</span> <span class='ocrx_word' id='word_1_238' title='bbox 277 2522 416 2590; x_wconf 65' lang='lat' dir='ltr'>tempserit,</span> <span class='ocrx_word' id='word_1_239' title='bbox 423 2525 507 2577; x_wconf 74' lang='lat' dir='ltr'>fuine</span> <span class='ocrx_word' id='word_1_240' title='bbox 516 2523 592 2578; x_wconf 83' lang='lat' dir='ltr'>babi-</span> <span class='ocrx_word' id='word_1_241' title='bbox 639 2526 710 2578; x_wconf 86' lang='lat' dir='ltr'>enim</span> <span class='ocrx_word' id='word_1_242' title='bbox 725 2543 756 2576; x_wconf 85' lang='lat' dir='ltr'>ox</span> <span class='ocrx_word' id='word_1_243' title='bbox 773 2525 950 2593; x_wconf 85' lang='lat' dir='ltr'>Trojanorum</span> <span class='ocrx_word' id='word_1_244' title='bbox 967 2535 1045 2571; x_wconf 84' lang='lat' dir='ltr'>sensu</span> <span class='ocrx_word' id='word_1_245' title='bbox 1057 2529 1134 2568; x_wconf 90' lang='lat' dir='ltr'>voto·</span> 
     </span>
     <span class='ocr_line' id='line_1_26' title="bbox 85 2597 1134 2675; baseline -0.002 -24"><span class='ocrx_word' id='word_1_246' title='bbox 85 2614 138 2652; x_wconf 80' lang='lat' dir='ltr'>tas.</span> <span class='ocrx_word' id='word_1_247' title='bbox 170 2604 350 2654; x_wconf 64' lang='lat' dir='ltr'>decurrerant</span> <span class='ocrx_word' id='word_1_248' title='bbox 379 2605 470 2675; x_wconf 86' lang='lat' dir='ltr'>itaque</span> <span class='ocrx_word' id='word_1_249' title='bbox 499 2605 589 2671; x_wconf 81' lang='lat' dir='ltr'>Poeni,</span> <span class='ocrx_word' id='word_1_250' title='bbox 639 2625 699 2657; x_wconf 88' lang='lat' dir='ltr'>rum</span> <span class='ocrx_word' id='word_1_251' title='bbox 718 2623 838 2665; x_wconf 78' lang='lat' dir='ltr'>summa3</span> <span class='ocrx_word' id='word_1_252' title='bbox 856 2613 882 2654; x_wconf 85' lang='lat' dir='ltr'>et</span> <span class='ocrx_word' id='word_1_253' title='bbox 900 2617 979 2672; x_wconf 77' lang='lat' dir='ltr'>greve</span> <span class='ocrx_word' id='word_1_254' title='bbox 1000 2615 1032 2651; x_wconf 85' lang='lat' dir='ltr'>ex</span> <span class='ocrx_word' id='word_1_255' title='bbox 1050 2597 1134 2650; x_wconf 82' lang='lat' dir='ltr'>altere</span> 
     </span>
     <span class='ocr_line' id='line_1_27' title="bbox 86 2677 1134 2758; baseline -0.004 -28"><span class='ocrx_word' id='word_1_256' title='bbox 86 2679 285 2750; x_wconf 83' lang='lat' dir='ltr'>prohibuerant</span> <span class='ocrx_word' id='word_1_257' title='bbox 296 2683 426 2752; x_wconf 78' lang='lat' dir='ltr'>Trojenus</span> <span class='ocrx_word' id='word_1_258' title='bbox 435 2686 588 2752; x_wconf 82' lang='lat' dir='ltr'>escendere,</span> <span class='ocrx_word' id='word_1_259' title='bbox 639 2697 715 2758; x_wconf 87' lang='lat' dir='ltr'>parte</span> <span class='ocrx_word' id='word_1_260' title='bbox 728 2683 763 2736; x_wconf 85' lang='lat' dir='ltr'>ad</span> <span class='ocrx_word' id='word_1_261' title='bbox 771 2678 943 2733; x_wconf 77' lang='lat' dir='ltr'>humanitatis</span> <span class='ocrx_word' id='word_1_262' title='bbox 956 2677 1045 2730; x_wconf 79' lang='lat' dir='ltr'>officie</span> <span class='ocrx_word' id='word_1_263' title='bbox 1057 2694 1134 2748; x_wconf 74' lang='lat' dir='ltr'>ergu-</span> 
     </span>
     <span class='ocr_line' id='line_1_28' title="bbox 86 2754 1134 2833; baseline -0.004 -24"><span class='ocrx_word' id='word_1_264' title='bbox 86 2763 130 2810; x_wconf 87' lang='lat' dir='ltr'>sin</span> <span class='ocrx_word' id='word_1_265' title='bbox 146 2762 285 2826; x_wconf 82' lang='lat' dir='ltr'>facerent,</span> <span class='ocrx_word' id='word_1_266' title='bbox 304 2763 358 2833; x_wconf 78' lang='lat' dir='ltr'>igni</span> <span class='ocrx_word' id='word_1_267' title='bbox 379 2780 460 2816; x_wconf 84' lang='lat' dir='ltr'>naves</span> <span class='ocrx_word' id='word_1_268' title='bbox 480 2765 591 2818; x_wconf 86' lang='lat' dir='ltr'>combu-</span> <span class='ocrx_word' id='word_1_269' title='bbox 639 2776 757 2816; x_wconf 89' lang='lat' dir='ltr'>mentum</span> <span class='ocrx_word' id='word_1_270' title='bbox 775 2761 847 2833; x_wconf 79' lang='lat' dir='ltr'>apud</span> <span class='ocrx_word' id='word_1_271' title='bbox 856 2760 996 2812; x_wconf 87' lang='lat' dir='ltr'>Didonem.</span> <span class='ocrx_word' id='word_1_272' title='bbox 1010 2754 1134 2808; x_wconf 85' lang='lat' dir='ltr'>Similiter</span> 
     </span>
     <span class='ocr_line' id='line_1_29' title="bbox 87 2837 1135 2914; baseline -0.004 -24"><span class='ocrx_word' id='word_1_273' title='bbox 87 2857 146 2892; x_wconf 84' lang='lat' dir='ltr'>rere</span> <span class='ocrx_word' id='word_1_274' title='bbox 156 2839 226 2892; x_wconf 82' lang='lat' dir='ltr'>velle</span> <span class='ocrx_word' id='word_1_275' title='bbox 235 2843 329 2892; x_wconf 83' lang='lat' dir='ltr'>minati</span> <span class='ocrx_word' id='word_1_276' title='bbox 342 2854 426 2894; x_wconf 82' lang='lat' dir='ltr'>eram.</span> <span class='ocrx_word' id='word_1_277' title='bbox 638 2841 758 2914; x_wconf 87' lang='lat' dir='ltr'>expende</span> <span class='ocrx_word' id='word_1_278' title='bbox 782 2842 894 2911; x_wconf 89' lang='lat' dir='ltr'>reliqua.</span> <span class='ocrx_word' id='word_1_279' title='bbox 915 2867 951 2878; x_wconf 90' lang='lat'>-</span> <span class='ocrx_word' id='word_1_280' title='bbox 965 2837 1024 2890; x_wconf 77' lang='lat'>523.</span> <span class='ocrx_word' id='word_1_281' title='bbox 1045 2845 1135 2908; x_wconf 72' lang='lat' dir='ltr'>pentes</span> 
     </span>
     <span class='ocr_line' id='line_1_30' title="bbox 124 2917 1134 2992; baseline -0.008 -20"><span class='ocrx_word' id='word_1_282' title='bbox 124 2918 186 2972; x_wconf 82' lang='lat'>521.</span> <span class='ocrx_word' id='word_1_283' title='bbox 208 2920 343 2972; x_wconf 81' lang='lat' dir='ltr'>Maximus</span> <span class='ocrx_word' id='word_1_284' title='bbox 362 2921 384 2971; x_wconf 90' lang='lat'>1.</span> <span class='ocrx_word' id='word_1_285' title='bbox 403 2939 440 2972; x_wconf 87' lang='lat' dir='ltr'>sc.</span> <span class='ocrx_word' id='word_1_286' title='bbox 455 2933 538 2983; x_wconf 79' lang='lat' dir='ltr'>natu3</span> <span class='ocrx_word' id='word_1_287' title='bbox 560 2934 590 2972; x_wconf 87' lang='lat' dir='ltr'>nt</span> <span class='ocrx_word' id='word_1_288' title='bbox 637 2921 901 2992; x_wconf 82' lang='lat' dir='ltr'>superbas,feroces,</span> <span class='ocrx_word' id='word_1_289' title='bbox 913 2920 961 2968; x_wconf 84' lang='lat' dir='ltr'>int.</span> <span class='ocrx_word' id='word_1_290' title='bbox 971 2917 1067 2979; x_wconf 77' lang='lat' dir='ltr'>Afros,</span> <span class='ocrx_word' id='word_1_291' title='bbox 1079 2931 1134 2964; x_wconf 90' lang='lat' dir='ltr'>non</span> 
     </span>
     <span class='ocr_line' id='line_1_31' title="bbox 86 2993 1134 3070; baseline -0.007 -21"><span class='ocrx_word' id='word_1_292' title='bbox 86 2997 143 3064; x_wconf 65' lang='grc'>654</span> <span class='ocrx_word' id='word_1_293' title='bbox 165 3009 291 3050; x_wconf 81' lang='lat' dir='ltr'>ueterum</span> <span class='ocrx_word' id='word_1_294' title='bbox 311 3000 427 3050; x_wconf 80' lang='lat' dir='ltr'>maxima</span> <span class='ocrx_word' id='word_1_295' title='bbox 447 3001 588 3053; x_wconf 85' lang='lat' dir='ltr'>absolute:</span> <span class='ocrx_word' id='word_1_296' title='bbox 638 3001 740 3052; x_wconf 82' lang='lat' dir='ltr'>Poenos.</span> <span class='ocrx_word' id='word_1_297' title='bbox 747 2998 880 3070; x_wconf 78' lang='lat' dir='ltr'>justitiam</span> <span class='ocrx_word' id='word_1_298' title='bbox 893 2996 929 3048; x_wconf 83' lang='lat' dir='ltr'>ed</span> <span class='ocrx_word' id='word_1_299' title='bbox 940 3007 1027 3045; x_wconf 90' lang='lat' dir='ltr'>totum</span> <span class='ocrx_word' id='word_1_300' title='bbox 1043 2993 1134 3044; x_wconf 88' lang='lat' dir='ltr'>mitio-</span> 
     </span>
     <span class='ocr_line' id='line_1_32' title="bbox 88 3073 1135 3152; baseline -0.006 -22"><span class='ocrx_word' id='word_1_301' title='bbox 88 3080 140 3130; x_wconf 79' lang='lat' dir='ltr'>nisi</span> <span class='ocrx_word' id='word_1_302' title='bbox 166 3081 289 3130; x_wconf 81' lang='lat' dir='ltr'>universe</span> <span class='ocrx_word' id='word_1_303' title='bbox 312 3091 351 3130; x_wconf 79' lang='lat' dir='ltr'>est</span> <span class='ocrx_word' id='word_1_304' title='bbox 374 3083 500 3152; x_wconf 87' lang='lat' dir='ltr'>princeps</span> <span class='ocrx_word' id='word_1_305' title='bbox 521 3083 590 3133; x_wconf 89' lang='lat' dir='ltr'>inter</span> <span class='ocrx_word' id='word_1_306' title='bbox 638 3099 695 3133; x_wconf 88' lang='lat' dir='ltr'>rem</span> <span class='ocrx_word' id='word_1_307' title='bbox 706 3081 765 3131; x_wconf 77' lang='lat' dir='ltr'>vite</span> <span class='ocrx_word' id='word_1_308' title='bbox 777 3077 878 3129; x_wconf 88' lang='lat' dir='ltr'>cultum</span> <span class='ocrx_word' id='word_1_309' title='bbox 896 3073 1014 3147; x_wconf 72' lang='lat' dir='ltr'>lepesque</span> <span class='ocrx_word' id='word_1_310' title='bbox 1029 3089 1060 3122; x_wconf 89' lang='lat' dir='ltr'>ac</span> <span class='ocrx_word' id='word_1_311' title='bbox 1068 3073 1135 3142; x_wconf 81' lang='lat' dir='ltr'>jura</span> 
     </span>
     <span class='ocr_line' id='line_1_33' title="bbox 87 3155 1135 3229; baseline -0.005 -21"><span class='ocrx_word' id='word_1_312' title='bbox 87 3160 180 3229; x_wconf 81' lang='lat' dir='ltr'>ipsos,</span> <span class='ocrx_word' id='word_1_313' title='bbox 200 3170 227 3210; x_wconf 89' lang='lat' dir='ltr'>et</span> <span class='ocrx_word' id='word_1_314' title='bbox 239 3161 396 3213; x_wconf 79' lang='lat' dir='ltr'>auctoritate</span> <span class='ocrx_word' id='word_1_315' title='bbox 409 3164 536 3214; x_wconf 87' lang='lat' dir='ltr'>eminens.</span> <span class='ocrx_word' id='word_1_316' title='bbox 550 3162 591 3214; x_wconf 67' lang='lat' dir='ltr'>Ite</span> <span class='ocrx_word' id='word_1_317' title='bbox 639 3161 701 3211; x_wconf 79' lang='lat' dir='ltr'>eata</span> <span class='ocrx_word' id='word_1_318' title='bbox 708 3159 792 3222; x_wconf 79' lang='lat' dir='ltr'>refer,</span> <span class='ocrx_word' id='word_1_319' title='bbox 801 3155 897 3226; x_wconf 81' lang='lat' dir='ltr'>quibus</span> <span class='ocrx_word' id='word_1_320' title='bbox 905 3155 1135 3205; x_wconf 84' lang='lat' dir='ltr'>feritatemeerum</span> 
     </span>
     <span class='ocr_line' id='line_1_34' title="bbox 88 3235 1170 3309; baseline 0 -22"><span class='ocrx_word' id='word_1_321' title='bbox 88 3236 248 3307; x_wconf 86' lang='lat' dir='ltr'>simpliciter</span> <span class='ocrx_word' id='word_1_322' title='bbox 260 3237 324 3290; x_wconf 82' lang='lat' dir='ltr'>alibi</span> <span class='ocrx_word' id='word_1_323' title='bbox 336 3240 394 3290; x_wconf 85' lang='lat' dir='ltr'>AEn.</span> <span class='ocrx_word' id='word_1_324' title='bbox 405 3241 456 3304; x_wconf 89' lang='lat' dir='ltr'>III,</span> <span class='ocrx_word' id='word_1_325' title='bbox 473 3256 519 3309; x_wconf 89' lang='lat'>¹07</span> <span class='ocrx_word' id='word_1_326' title='bbox 532 3240 591 3290; x_wconf 85' lang='lat' dir='ltr'>Ma·</span> <span class='ocrx_word' id='word_1_327' title='bbox 639 3238 769 3309; x_wconf 81' lang='lat' dir='ltr'>mitigavit</span> <span class='ocrx_word' id='word_1_328' title='bbox 781 3235 859 3288; x_wconf 89' lang='lat' dir='ltr'>Dido.</span> <span class='ocrx_word' id='word_1_329' title='bbox 1168 3289 1170 3294; x_wconf 78' lang='grc'>,</span> 
     </span>
     <span class='ocr_line' id='line_1_35' title="bbox 86 3307 1136 3390; baseline -0.006 -24"><span class='ocrx_word' id='word_1_330' title='bbox 86 3307 591 3390; x_wconf 59' lang='grc' dir='ltr'>πίπιιιέαηᾰεραῑεν-Τεαᾳιιιγὶα-</span> <span class='ocrx_word' id='word_1_331' title='bbox 676 3317 736 3371; x_wconf 77' lang='lat'>525.</span> <span class='ocrx_word' id='word_1_332' title='bbox 760 3317 818 3369; x_wconf 70' lang='lat'>526.</span> <span class='ocrx_word' id='word_1_333' title='bbox 841 3311 969 3384; x_wconf 73' lang='lat' dir='ltr'>Infandos</span> <span class='ocrx_word' id='word_1_334' title='bbox 983 3311 1071 3384; x_wconf 65' lang='lat' dir='ltr'>lyces,</span> <span class='ocrx_word' id='word_1_335' title='bbox 1088 3309 1136 3380; x_wconf 87' lang='lat' dir='ltr'>qni</span> 
     </span>
     <span class='ocr_line' id='line_1_36' title="bbox 88 3390 1136 3466; baseline -0.008 -20"><span class='ocrx_word' id='word_1_336' title='bbox 88 3394 149 3446; x_wconf 83' lang='lat' dir='ltr'>cido</span> <span class='ocrx_word' id='word_1_337' title='bbox 166 3406 290 3465; x_wconf 83' lang='lat' dir='ltr'>pectore,</span> <span class='ocrx_word' id='word_1_338' title='bbox 311 3394 338 3447; x_wconf 88' lang='lat' dir='ltr'>h.</span> <span class='ocrx_word' id='word_1_339' title='bbox 359 3416 380 3448; x_wconf 90' lang='lat' dir='ltr'>e.</span> <span class='ocrx_word' id='word_1_340' title='bbox 396 3397 434 3448; x_wconf 80' lang='lat' dir='ltr'>nil</span> <span class='ocrx_word' id='word_1_341' title='bbox 449 3399 592 3465; x_wconf 82' lang='lat' dir='ltr'>turbatus,</span> <span class='ocrx_word' id='word_1_342' title='bbox 641 3396 766 3450; x_wconf 77' lang='lat' dir='ltr'>adversus</span> <span class='ocrx_word' id='word_1_343' title='bbox 787 3397 828 3446; x_wconf 84' lang='lat' dir='ltr'>fas</span> <span class='ocrx_word' id='word_1_344' title='bbox 846 3397 942 3466; x_wconf 80' lang='lat' dir='ltr'>jusque</span> <span class='ocrx_word' id='word_1_345' title='bbox 961 3391 1078 3463; x_wconf 74' lang='lat' dir='ltr'>gentium</span> <span class='ocrx_word' id='word_1_346' title='bbox 1095 3390 1136 3438; x_wconf 86' lang='lat' dir='ltr'>iu·</span> 
     </span>
     <span class='ocr_line' id='line_1_37' title="bbox 89 3467 1134 3546; baseline -0.006 -22"><span class='ocrx_word' id='word_1_347' title='bbox 89 3473 167 3524; x_wconf 89' lang='lat' dir='ltr'>nullo</span> <span class='ocrx_word' id='word_1_348' title='bbox 188 3492 277 3528; x_wconf 86' lang='lat' dir='ltr'>rerum</span> <span class='ocrx_word' id='word_1_349' title='bbox 300 3488 372 3527; x_wconf 86' lang='lat' dir='ltr'>metu</span> <span class='ocrx_word' id='word_1_350' title='bbox 389 3476 533 3546; x_wconf 78' lang='lat' dir='ltr'>impeditus</span> <span class='ocrx_word' id='word_1_351' title='bbox 557 3496 588 3530; x_wconf 79' lang='lat' dir='ltr'>ac</span> <span class='ocrx_word' id='word_1_352' title='bbox 641 3477 770 3528; x_wconf 83' lang='lat' dir='ltr'>feruntur.</span> <span class='ocrx_word' id='word_1_353' title='bbox 782 3475 859 3545; x_wconf 79' lang='lat' dir='ltr'>piem</span> <span class='ocrx_word' id='word_1_354' title='bbox 868 3489 965 3545; x_wconf 74' lang='lat' dir='ltr'>qenes,</span> <span class='ocrx_word' id='word_1_355' title='bbox 982 3469 1091 3538; x_wconf 81' lang='lat' dir='ltr'>Trojeni</span> <span class='ocrx_word' id='word_1_356' title='bbox 1106 3467 1134 3518; x_wconf 88' lang='lat' dir='ltr'>h.</span> 
     </span>
     <span class='ocr_line' id='line_1_38' title="bbox 89 3548 1135 3626; baseline -0.006 -20"><span class='ocrx_word' id='word_1_357' title='bbox 89 3553 320 3624; x_wconf 73' lang='lat' dir='ltr'>perculsusmibil</span> <span class='ocrx_word' id='word_1_358' title='bbox 329 3555 410 3607; x_wconf 87' lang='lat' dir='ltr'>aliud.</span> <span class='ocrx_word' id='word_1_359' title='bbox 420 3555 537 3610; x_wconf 82' lang='lat' dir='ltr'>Ilioneus</span> <span class='ocrx_word' id='word_1_360' title='bbox 547 3556 591 3610; x_wconf 85' lang='lat' dir='ltr'>bic</span> <span class='ocrx_word' id='word_1_361' title='bbox 641 3555 675 3622; x_wconf 84' lang='grc'>1.,</span> <span class='ocrx_word' id='word_1_362' title='bbox 693 3557 739 3626; x_wconf 85' lang='lat' dir='ltr'>qai</span> <span class='ocrx_word' id='word_1_363' title='bbox 755 3554 855 3606; x_wconf 87' lang='lat' dir='ltr'>nullam</span> <span class='ocrx_word' id='word_1_364' title='bbox 871 3555 1011 3621; x_wconf 81' lang='lat' dir='ltr'>iujuriam,</span> <span class='ocrx_word' id='word_1_365' title='bbox 1032 3548 1135 3601; x_wconf 81' lang='lat' dir='ltr'>nullum</span> 
     </span>
     <span class='ocr_line' id='line_1_39' title="bbox 91 3630 1137 3702; baseline -0.002 -18"><span class='ocrx_word' id='word_1_366' title='bbox 91 3633 203 3686; x_wconf 86' lang='lat' dir='ltr'>aliunde</span> <span class='ocrx_word' id='word_1_367' title='bbox 214 3646 294 3687; x_wconf 81' lang='lat' dir='ltr'>notus</span> <span class='ocrx_word' id='word_1_368' title='bbox 306 3653 361 3686; x_wconf 89' lang='lat' dir='ltr'>non</span> <span class='ocrx_word' id='word_1_369' title='bbox 375 3649 429 3698; x_wconf 81' lang='lat' dir='ltr'>est3</span> <span class='ocrx_word' id='word_1_370' title='bbox 449 3637 516 3689; x_wconf 87' lang='lat' dir='ltr'>male</span> <span class='ocrx_word' id='word_1_371' title='bbox 528 3637 555 3690; x_wconf 87' lang='lat' dir='ltr'>h.</span> <span class='ocrx_word' id='word_1_372' title='bbox 573 3637 590 3688; x_wconf 92' lang='lat' dir='ltr'>l.</span> <span class='ocrx_word' id='word_1_373' title='bbox 623 3669 627 3682; x_wconf 58' lang='grc' dir='ltr'><em>ι</em></span> <span class='ocrx_word' id='word_1_374' title='bbox 641 3638 730 3700; x_wconf 84' lang='lat' dir='ltr'>nefas,</span> <span class='ocrx_word' id='word_1_375' title='bbox 739 3630 1048 3702; x_wconf 79' lang='lat' dir='ltr'>commiserant,praedas</span> <span class='ocrx_word' id='word_1_376' title='bbox 1059 3647 1137 3702; x_wconf 69' lang='lat' dir='ltr'>agen·</span> 
     </span>
     <span class='ocr_line' id='line_1_40' title="bbox 93 3710 1135 3786; baseline -0.005 -21"><span class='ocrx_word' id='word_1_377' title='bbox 93 3733 111 3765; x_wconf 80' lang='lat' dir='ltr'>a</span> <span class='ocrx_word' id='word_1_378' title='bbox 129 3717 276 3786; x_wconf 87' lang='lat' dir='ltr'>Pomponio</span> <span class='ocrx_word' id='word_1_379' title='bbox 293 3730 320 3769; x_wconf 90' lang='lat' dir='ltr'>et</span> <span class='ocrx_word' id='word_1_380' title='bbox 339 3717 397 3770; x_wconf 84' lang='lat' dir='ltr'>aliis</span> <span class='ocrx_word' id='word_1_381' title='bbox 417 3717 451 3770; x_wconf 83' lang='lat' dir='ltr'>ed</span> <span class='ocrx_word' id='word_1_382' title='bbox 472 3737 533 3770; x_wconf 86' lang='lat' dir='ltr'>eum</span> <span class='ocrx_word' id='word_1_383' title='bbox 551 3737 594 3770; x_wconf 87' lang='lat' dir='ltr'>re·</span> <span class='ocrx_word' id='word_1_384' title='bbox 642 3715 686 3768; x_wconf 79' lang='lat' dir='ltr'>clo.</span> <span class='ocrx_word' id='word_1_385' title='bbox 702 3715 790 3768; x_wconf 83' lang='lat' dir='ltr'>Pietas</span> <span class='ocrx_word' id='word_1_386' title='bbox 806 3731 857 3786; x_wconf 91' lang='lat' dir='ltr'>pro</span> <span class='ocrx_word' id='word_1_387' title='bbox 877 3714 983 3784; x_wconf 82' lang='lat' dir='ltr'>justitie</span> <span class='ocrx_word' id='word_1_388' title='bbox 1002 3710 1135 3763; x_wconf 85' lang='lat' dir='ltr'>interdurn</span> 
     </span>
     <span class='ocr_line' id='line_1_41' title="bbox 92 3790 1136 3870; baseline -0.006 -26"><span class='ocrx_word' id='word_1_389' title='bbox 92 3795 199 3860; x_wconf 78' lang='lat' dir='ltr'>fertur,</span> <span class='ocrx_word' id='word_1_390' title='bbox 225 3799 270 3866; x_wconf 85' lang='lat' dir='ltr'>qni</span> <span class='ocrx_word' id='word_1_391' title='bbox 302 3798 378 3850; x_wconf 89' lang='lat' dir='ltr'>Iliad.</span> <span class='ocrx_word' id='word_1_392' title='bbox 401 3800 434 3864; x_wconf 79' lang='grc' dir='ltr'>ξ,</span> <span class='ocrx_word' id='word_1_393' title='bbox 459 3799 511 3868; x_wconf 75' lang='grc'>489</span> <span class='ocrx_word' id='word_1_394' title='bbox 533 3817 592 3870; x_wconf 89' lang='lat' dir='ltr'>sqq.</span> <span class='ocrx_word' id='word_1_395' title='bbox 641 3790 1136 3867; x_wconf 80' lang='lat' dir='ltr'>dicta,quatenushaecametudeormn</span> 
     </span>
     <span class='ocr_line' id='line_1_42' title="bbox 94 3869 1135 3949; baseline -0.002 -27"><span class='ocrx_word' id='word_1_396' title='bbox 94 3875 247 3939; x_wconf 86' lang='lat' dir='ltr'>occiditur,</span> <span class='ocrx_word' id='word_1_397' title='bbox 261 3875 419 3928; x_wconf 85' lang='lat' dir='ltr'>Phorbantis</span> <span class='ocrx_word' id='word_1_398' title='bbox 429 3879 448 3928; x_wconf 84' lang='lat' dir='ltr'>f.</span> <span class='ocrx_word' id='word_1_399' title='bbox 464 3878 551 3930; x_wconf 84' lang='lat' dir='ltr'>Alium</span> <span class='ocrx_word' id='word_1_400' title='bbox 566 3881 594 3928; x_wconf 91' lang='lat' dir='ltr'>in</span> <span class='ocrx_word' id='word_1_401' title='bbox 642 3889 669 3930; x_wconf 89' lang='lat' dir='ltr'>et</span> <span class='ocrx_word' id='word_1_402' title='bbox 680 3878 807 3949; x_wconf 70' lang='lat' dir='ltr'>religione</span> <span class='ocrx_word' id='word_1_403' title='bbox 825 3873 1010 3948; x_wconf 87' lang='lat' dir='ltr'>proficiscitur.</span> <span class='ocrx_word' id='word_1_404' title='bbox 1025 3869 1135 3941; x_wconf 75' lang='lat' dir='ltr'>propius</span> 
     </span>
     <span class='ocr_line' id='line_1_43' title="bbox 93 3949 1136 4028; baseline -0.003 -20"><span class='ocrx_word' id='word_1_405' title='bbox 93 3954 183 4023; x_wconf 82' lang='lat' dir='ltr'>Trojae</span> <span class='ocrx_word' id='word_1_406' title='bbox 200 3958 336 4010; x_wconf 81' lang='lat' dir='ltr'>eversione</span> <span class='ocrx_word' id='word_1_407' title='bbox 353 3959 387 4010; x_wconf 83' lang='lat' dir='ltr'>ab</span> <span class='ocrx_word' id='word_1_408' title='bbox 406 3957 534 4011; x_wconf 84' lang='lat' dir='ltr'>Diomede</span> <span class='ocrx_word' id='word_1_409' title='bbox 547 3975 595 4011; x_wconf 75' lang='lat' dir='ltr'>ce-</span> <span class='ocrx_word' id='word_1_410' title='bbox 642 3958 745 4028; x_wconf 80' lang='lat' dir='ltr'>adspice</span> <span class='ocrx_word' id='word_1_411' title='bbox 766 3975 803 4010; x_wconf 86' lang='lat' dir='ltr'>res</span> <span class='ocrx_word' id='word_1_412' title='bbox 823 3965 936 4017; x_wconf 71' lang='lat' dir='ltr'>cernas,</span> <span class='ocrx_word' id='word_1_413' title='bbox 957 3949 1136 4005; x_wconf 83' lang='lat' dir='ltr'>conditionem</span> 
     </span>
    </p>
   </div>
   <div class='ocr_carea' id='block_1_5' title="bbox 0 0 1378 4580">
    <p class='ocr_par' dir='ltr' id='par_1_5' title="bbox 0 0 1378 4580">
     <span class='ocr_line' id='line_1_44' title="bbox 0 0 1378 4580; baseline 0 0"><span class='ocrx_word' id='word_1_414' title='bbox 0 0 1378 4580; x_wconf 95' lang='lat' dir='ltr'> </span> 
     </span>
    </p>
   </div>
  </div>
 </body>
</html>
