2690 4594
349 297 857 364 nunrnosmnnnur.
905 250 910 256 ¹

83 423 113 486 N
115 445 153 488 ec
165 444 319 489 revocare
332 424 427 504 situs,
440 440 497 493 aut
503 424 644 516 jungere
656 426 800 490 cannino
812 439 914 490 curat.
942 481 947 487 .

83 529 268 596 Inconsulti
279 529 416 610 abeunt,
430 530 611 620 sedemque
623 530 725 596 odere
737 531 876 620 Sibyllae.
960 601 964 612 Ι

83 634 148 704 Hie
159 633 220 698 tibi
232 657 274 700 ne
287 658 352 725 qua
364 659 465 700 morae
477 637 601 702 fuerint
612 634 786 726 dispendia
797 638 895 716 tanti3

81 740 240 822 Quamvis
250 741 448 830 increpitent
459 743 556 822 socii,
571 759 603 808 et
614 743 647 807 'vi
660 764 775 808 cursus
788 743 821 806 in
833 743 936 806 ultum
969 769 974 788 2

82 846 165 910 Vela
176 853 286 926 voc'et,
299 848 472 938 possisque
485 849 576 941 sinus
589 847 727 937 implere
739 846 919 927 secundos;
1084 855 1129 915 455·

82 951 172 1032 Quin
184 949 282 1017 adeas
293 969 416 1033 vatem,
429 953 651 1045 precibusque
664 953 795 1020 oracula
806 974 932 1044 poscas.

83 1056 160 1143 Ipsa
172 1075 279 1145 cenet,
292 1081 477 1150 vocemque
490 1059 605 1126 volens
617 1077 717 1150 atque
730 1083 788 1125 orn
800 1059 950 1150 resolvat

82 1161 144 1232 Illa
155 1163 216 1228 tibi
229 1164 329 1228 Italiae
340 1165 497 1253 populos,
511 1183 718 1256 venturaque
729 1166 830 1246 bella,

82 1267 139 1346 Et,
153 1291 221 1358 quo
234 1292 401 1359 quemque
413 1269 514 1339 modo
527 1272 701 1361 fugiasque
714 1272 867 1360 ferasque
879 1269 1040 1351 laborem,
1074 1337 1077 1341 .

81 1377 259 1465 Expediet;
273 1401 455 1469 cursusque
467 1379 558 1445 dabit
571 1397 725 1445 venerata
737 1379 911 1446 secundos.

83 1484 165 1548 Haec
176 1500 266 1564 sunt,
281 1507 354 1574 quae
367 1501 478 1549 nostro
491 1485 587 1549 liceat
598 1502 631 1549 te
643 1507 725 1550 voce
737 1487 877 1550 moneri.

82 1587 177 1653 Vade
188 1611 262 1677 age,
278 1607 310 1654 et
323 1590 490 1677 ingentem
503 1590 597 1656 fectis
609 1590 660 1653 fer
670 1589 712 1654 ad
725 1591 847 1658 aethera
859 1590 1002 1679 Trojam.

1065 283 1130 382 tos
1169 378 1172 382 ,
1262 317 1265 320 ·

1084 1389 1131 1450 460

113 1779 168 1838 451.
187 1797 228 1828 nec
235 1786 330 1847 junpere
346 1783 474 1832 zulichem.
486 1788 586 1830 earmina
592 1787 686 1849 junpene
697 1783 753 1831 duo.
762 1809 794 1820 ·-
806 1784 860 1842 452.
877 1785 990 1848 oedemque
1007 1781 1131 1845 Gudiann

83 1867 115 1900 m.
128 1869 164 1914 pr.
174 1879 205 1889 -
213 1851 267 1909 453.
280 1855 337 1900 Hoec
350 1865 367 1900 t.
382 1858 408 1900 in
419 1871 491 1918 marg.
503 1855 608 1902 Parthas.
619 1858 683 1918 fiant
692 1857 715 1902 d.
732 1858 824 1919 Hugen.
838 1865 906 1902 tontoe
914 1856 997 1912 multi,
1009 1854 1050 1900 sed
1061 1853 1130 1900 male.

42 1969 47 1977 ,
83 1949 115 1960 -
131 1923 183 1980 454.
202 1928 335 1989 increpitant
352 1939 399 1974 tres
414 1929 493 1974 lleins.
511 1939 534 1974 et
549 1943 590 1973 un.
608 1929 678 1974 Goth.
696 1931 720 1974 υἱ
733 1937 813 1975 vennas
828 1929 894 1976 Leid.
911 1944 955 1991 pro
970 1943 1018 1975 var.
1033 1927 1086 1972 lect.
1103 1933 1132 1975 εκ
1160 1959 1162 1962 -

82 2011 104 2046 v.
120 1995 172 2041 356.
187 2006 210 2041 et
223 2005 262 2042 tun
274 2012 355 2044 cursus
369 2000 435 2044 Witt.
445 1997 538 2056 -455.
551 2008 630 2045 vocent
644 1999 731 2047 Medic,
748 2017 803 2046 am.
820 2017 867 2046 sec.
880 2000 940 2046 Gud.
955 2015 1009 2046 cunt
1027 1997 1092 2052 aliis3
1108 2009 1132 2044 et

82 2069 116 2112 sic
127 2069 220 2116 Servius
231 2085 284 2116 eum
296 2073 409 2134 Pompon.
426 2069 478 2134 Sub.
494 2071 583 2133 legerat
590 2089 598 2128 ;
614 2072 682 2120 male.
692 2099 725 2110 -
739 2071 794 2135 457.
810 2083 877 2119 canet
888 2086 911 2120 et
922 2071 1017 2118 resolvet
1030 2084 1132 2134 quatuor

83 2139 175 2194 lium„
188 2140 253 2202 quod
266 2145 338 2204 possit
349 2143 457 2206 plaeere;
470 2143 511 2190 sed
523 2145 578 2206 Ipsa
589 2152 658 2188 canat
673 2159 704 2190 sc.
719 2159 810 2206 poscas,
823 2145 866 2190 inf.
881 2145 925 2199 Vl,
939 2143 968 2206 76
984 2146 1037 2210 Ipsa
1050 2157 1132 2198 canus,

82 2227 130 2257 oro.
142 2221 211 2257 canat
220 2225 243 2258 et
252 2212 346 2261 resolvet
354 2214 415 2261 Gud.
428 2213 548 2280 volensque
556 2231 597 2262 oro
608 2214 705 2261 Parthas
726 2218 774 2278 ipso
787 2232 827 2262 orn
841 2217 889 2262 duo
901 2217 980 2261 Burm.
996 2217 1082 2260 Versus
1093 2213 1132 2261 hic

84 2293 109 2328 et
124 2297 176 2343 sup.
195 2280 241 2339 446
257 2284 336 2332 aberat
352 2302 365 2331 a
377 2287 443 2332 Voss.
453 2311 485 2322 ··-
496 2284 549 2346 459.
569 2286 601 2330 Et
618 2301 751 2350 quoeunque
767 2303 797 2331 m.
808 2287 876 2331 Witt.
890 2287 982 2349 Exque
996 2296 1019 2330 et
1028 2283 1141 2346 expedrut'

82 2352 165 2398 Frons.
175 2352 271 2418 effuqt'as
281 2357 371 2420 aliquot
381 2358 442 2404 Pier.
450 2356 540 2413 -460.
548 2357 675 2403 onomata
683 2357 755 2403 Wall.
767 2374 795 2404 ex
806 2359 903 2420 interpr.
913 2365 1019 2402 venerata
1028 2355 1132 2401 sacerdos

83 2420 122 2466 ed.
134 2423 195 2468 Ven.
209 2435 232 2469 et
241 2423 331 2489 aliquot
340 2426 412 2491 codd.
425 2444 463 2489 ap.
472 2428 536 2474 Pier·
547 2437 570 2472 et
579 2427 657 2472 Burm.
668 2443 722 2473 curo
732 2427 801 2474 Goth.
812 2444 848 2490 pr.
866 2444 894 2474 ex
905 2425 1046 2489 compendio
1055 2426 1133 2486 scrip-

84 2493 223 2556 tursefedos.
233 2521 263 2532 -
272 2495 326 2553 461.-
338 2501 424 2552 movert'
432 2499 493 2552 Ven.
502 2496 594 2554 --462¹
600 2498 662 2562 fatis
670 2511 758 2562 septem
768 2499 838 2546 codd.
849 2499 927 2545 Burro.
939 2509 962 2544 et
973 2495 1042 2544 Goth.
1052 2495 1110 2542 alter
1119 2512 1133 2545 s
1160 2519 1164 2530 ·

83 2578 115 2608 m.
125 2579 186 2622 seo,
199 2569 263 2616 etsie
276 2584 377 2633 auguror
386 2581 479 2633 poetam
488 2569 604 2620 maluisse.
617 2571 675 2616 Nam
687 2571 775 2618 inlatis
784 2570 830 2618 hoc
843 2587 907 2628 esse,
919 2582 945 2617 ut
955 2571 1025 2632 'l'roja
1035 2583 1132 2614 revoce-

83 2731 166 2791 taque
178 2741 238 2776 cum
247 2726 315 2796 ipsa,
324 2747 397 2782 aura.
408 2730 472 2784 situs
480 2731 583 2801 positus
633 2729 712 2788 docte
725 2729 791 2785 dixit
800 2741 880 2782 vento
889 2725 1006 2781 secundo
1017 2723 1162 2777 inflatos..
1207 2727 1209 2732 '

82 2815 111 2854 et
126 2802 233 2855 ordines
253 2806 393 2874 foliorum
410 2826 540 2881 reponere
552 2829 585 2862 ea
632 2840 667 2849 -
678 2808 739 2879 457.
755 2809 826 2880 ipsa,
844 2827 899 2862 nou
916 2806 988 2860 foliis
1007 2805 1134 2856 vaticinia

81 2885 112 2936 in
122 2899 172 2934 sua
182 2882 250 2936 loce.
266 2885 408 2938 inconsulti
419 2888 446 2940 h.
457 2889 475 2946 l,
487 2889 583 2959 quibus
632 2888 749 2942 mandet.
763 2889 860 2940 Natam
875 2899 961 2940 autem
974 2884 1044 2934 hane
1055 2881 1134 2933 fabu-

81 2961 251 3026 oonsultum,
274 2982 432 3034 responsum
454 2985 509 3020 non
535 2980 583 3019 est.
632 2967 687 3019 lam
703 2967 893 3038 antiquissimis
907 2961 1071 3034 temporibus
1085 2979 1134 3030 pu-

80 3041 207 3095 Serviusz
221 3043 277 3094 sine
289 3061 427 3113 responso.
462 3047 466 3053 '

119 3120 278 3190 453—457.
306 3121 430 3174 Colorem
456 3126 585 3176 orationis

79 3200 229 3254 illustrabit
241 3203 407 3272 comparatio
417 3202 471 3254 loci
480 3203 583 3256 Gallim.

80 3284 111 3332 in
123 3279 182 3330 Del.
196 3279 247 3332 318
265 3297 323 3351 sqq.
336 3281 394 3345 Οὐχ
410 3280 468 3333 ti'ee
484 3279 586 3348 μιγαίλοι

78 3381 121 3425 μιν
132 3357 289 3414 intnrtriouotv
299 3360 370 3412 disat
381 3372 432 3413 etet
440 3361 585 3438 Dispendt'a

80 3442 194 3515 proprie
207 3453 268 3492 sunt
277 3443 413 3512 temporis.
426 3441 529 3495 Vocant
539 3461 587 3494 au·

84 3536 121 3570 ναι
134 3516 191 3570 vela
205 3538 287 3592 supra
299 3540 324 3572 v.
339 3521 405 3586 356,
420 3539 480 3572 curn
490 3535 584 3573 sentus

82 3600 217 3652 secundus
244 3605 335 3673 spirat.
365 3603 498 3670 Quoniam
517 3601 584 3672 ‘talis

81 3692 179 3732 ventus
191 3700 297 3734 cursum
310 3683 376 3736 facit
388 3696 415 3734 et
427 3681 461 3734 ad
473 3684 583 3754 naviga-

82 3761 185 3819 tionem
207 3761 396 3815 instituendam
411 3773 506 3826 vocat,
524 3761 550 3812 h.
564 3763 582 3814 l.

83 3841 143 3908 ipse
155 3857 243 3892 cursus
254 3841 315 3894 vela
329 3854 408 3893 vocat
420 3841 464 3906 vi,
484 3855 515 3892 ex
526 3839 583 3910 βίῃ,

83 3919 168 3986 βίῃφι,
187 3918 214 3970 h.
228 3939 251 3971 e.
265 3915 304 3973 orit
322 3921 379 3994 stip?
392 3921 487 3983 βιαίως,
504 3919 585 3974 velte·

83 4011 195 4060 menter.
221 3997 293 4059 tinus
313 4001 437 4055 secundos
449 4000 584 4054 ‘velorum

633 3058 672 3110 ta,
680 3045 788 3116 qnando
796 3042 931 3099 scribendi
938 3043 1049 3092 materia
1057 3051 1134 3091 erant

633 3126 783 3196 palmorum
803 3137 850 3181 aut
871 3123 983 3176 aliarum
1006 3121 1133 3172 arborum

621 3204 708 3256 lolio.
723 3206 792 3256 Turn
804 3206 885 3258 etiem
902 3215 979 3254 antra
990 3212 1066 3256 erant
1081 3217 1132 3271 pro

635 3281 767 3334 domibus.

669 3361 827 3428 458-460.
844 3379 869 3410 v.
887 3360 935 3412 inf.
952 3359 1010 3422 Vl,'
1023 3357 1055 3410 83
1072 3375 1131 3429 sqq.

634 3443 695 3493 Non
708 3455 797 3494 tamen
810 3444 874 3493 satis
887 3440 985 3492 diserte
997 3439 1034 3489 ibi
1047 3438 1133 3491 videri

633 3534 746 3592 possunt
775 3522 895 3592 exposita
921 3521 986 3570 ista:
1019 3519 1056 3568 Et
1079 3537 1132 3590 quo

634 3619 765 3672 quemque
776 3601 852 3651 modo
858 3599 1004 3672 fugiasque
1007 3597 1134 3670 ferasque

635 3678 767 3745 laborem,
779 3682 830 3732 nisi
842 3682 912 3732 forte
923 3681 950 3731 in
962 3677 1030 3737 illis:
1047 3678 1087 3728 Tu
1099 3695 1133 3727 ne

632 3761 692 3812 cede
703 3757 781 3812 malis
791 3791 826 3800 -
838 3761 880 3812 via
891 3760 981 3832 prima
994 3755 1085 3810 saturis
1096 3785 1133 3795 -
1170 3815 1175 3820 ,

634 3841 716 3893 Graia
731 3841 864 3912 pandetur
874 3840 906 3890 ab
920 3839 989 3890 urbe.
1004 3837 1067 3886 Mox
1079 3834 1131 3901 460

633 3930 771 3985 venerata,
783 3931 924 3991 poetarum
933 3926 1006 3966 rnore
1016 3914 1130 3983 passive,

634 4017 664 4052 ex
678 4000 787 4070 antiquo
804 4015 940 4060 sermone,
952 3993 994 4046 vel
1006 3995 1131 4052 invocato
1206 3997 1208 4000 '
