2718 4598
258 303 321 370 350
587 301 855 368 EXGURSUS
877 304 969 370 XIV

254 429 343 498 Atque
354 425 407 478 hoc
419 425 692 497 sequiturVirJJilius.
711 425 841 480 haetenus
853 440 883 478 ut
894 428 1011 522 Cybelen
1029 445 1177 496 memoret;
1200 453 1228 484 v.
1248 434 1310 505 788

253 511 288 560 At
300 507 431 561 Leseheus
443 505 538 558 eodem
549 507 681 560 Pausania
695 520 761 560 teste
773 521 800 559 et
811 508 909 582 Cypria
921 511 1040 564 0000100
1052 512 1206 586 EurJdicen
1218 517 1310 567 AEneae

254 609 365 644 uxorem
383 589 531 641 ediderant
550 586 682 640 Videntur
699 604 787 641 tamen
804 589 885 642 iidem
901 609 960 644 earn
979 594 1067 644 AEneae
1086 595 1157 666 fugae
1180 599 1308 648 comitem

253 670 404 730 addidisse3
417 687 532 740 namque
544 670 572 719 in
581 668 687 722 Tabula
703 669 785 722 lliaea
799 687 825 720 n.
843 685 905 741 ¹⁰9⁷
922 689 980 742 qtrae
998 692 1031 725 ex
1046 674 1167 728 Lescheo
1180 692 1307 748 magnam

251 765 358 824 partem
370 767 494 822 expressa
508 762 564 814 est,
580 767 647 800 uror
663 752 773 802 AEnenm
790 754 917 822 sequitur.
933 754 1027 806 Creusa
1038 753 1183 827 Sophoclis
1198 758 1252 808 fuit
1263 759 1306 810 fa-

251 831 335 902 bula,
347 831 408 896 sed,
422 849 456 882 an
469 828 504 881 ad
515 828 586 882 hanc
597 841 717 882 nostram
729 830 873 897 trahenda,
887 834 1032 904 ignoratur.
1046 834 1153 886 Creusae
1167 849 1267 887 nostrae
1280 850 1307 888 et

251 913 384 984 Apollinis
396 912 479 962 lilium
491 912 603 975 Anium,
619 924 746 982 nepotem
761 911 896 979 Andrum,
915 904 1059 966 tradebant
1077 917 1241 986 scriptores
1259 918 1306 987 qui

251 992 287 1044 de
295 992 457 1043 Andriorum
464 990 611 1062 originibus
619 993 789 1062 scripserant
798 1010 823 1042 v.
832 991 935 1043 Conon.
946 994 1053 1046 Narrat.
1062 993 1129 1046 ΧΗ.
1142 996 1178 1046 cf.
1192 995 1302 1048 Euctus.

213 1089 216 1098 ’
250 1072 316 1124 lad
328 1072 373 1124 hb
388 1073 432 1122 lll.
450 1072 527 1135 Mox,
539 1070 586 1122 ubi
597 1072 694 1122 AEneas
713 1070 835 1142 portiste
848 1075 1079 1144 appropinquasse
1097 1088 1205 1140 namet,
1222 1077 1306 1126 Porta

251 1133 426 1224 intelligenda
437 1163 478 1201 est
490 1107 527 1201 ali
536 1149 614 1202 hoste
627 1168 736 1216 aversa,
748 1169 840 1202 versus
853 1151 927 1204 lelam
937 1166 963 1204 et
973 1166 1063 1224 partes
1074 1155 1221 1218 australes,
1232 1154 1304 1206 unde

250 1247 408 1286 tamennon
420 1233 506 1282 minus
522 1230 585 1282 litua
598 1233 653 1301 peti
665 1244 779 1302 poterat.
792 1232 908 1299 Quintus
920 1232 976 1286 Cal
991 1235 1029 1299 X,
1045 1234 1097 1286 338
1110 1252 1170 1306 sqq
1184 1253 1217 1286 ex
1235 1237 1303 1286 anti·

252 1315 391 1386 quioribus
404 1313 489 1385 poetis
501 1312 620 1384 cyclicis,
639 1326 670 1364 nt
682 1313 812 1379 arbitror,
829 1328 944 1385 quatuor
956 1329 1048 1387 portas
1056 1317 1144 1386 Trojse
1153 1329 1302 1368 memorat.

250 1394 350 1461 Scaeas,
360 1393 460 1458 ldaeas,
472 1395 594 1458 tertiam,
608 1410 666 1464 quae
680 1411 771 1444 versus
787 1397 874 1465 campi
886 1395 1038 1466 planitiem,
1051 1409 1078 1448 et
1090 1408 1230 1467 quartam,
1244 1415 1302 1467 quae

252 1474 287 1526 ad
301 1473 461 1526 Simoentem
478 1472 602 1524 ducebat.
626 1471 703 1524 Scaeae
715 1491 806 1525 versus
826 1475 993 1528 decidentem
1013 1475 1187 1547 spectabant,
1201 1475 1302 1527 eaedern

251 1558 332 1608 etiarn
343 1554 484 1608 Dardaniae
494 1553 586 1615 dieta;
597 1557 647 1605 etsi
658 1553 707 1606 has
720 1554 767 1606 alii
776 1572 868 1606 versus
877 1557 1007 1608 orientem
1018 1558 1082 1608 sitas
1092 1573 1151 1608 esse
1162 1555 1301 1622 volebant,

250 1636 312 1688 vide
324 1633 443 1688 Eustath.
461 1653 490 1705 p.
508 1633 569 1686 608.
589 1633 650 1702 609.
667 1633 748 1702 1074,
769 1627 802 1698 1,’
815 1645 843 1686 'et
861 1633 1021 1706 llechhiurn
1032 1637 1060 1686 in
1073 1633 1211 1704 Διριὶιιιιι.
1224 1633 1301 1685 Adde

250 1719 340 1770 Daret.
353 1716 443 1769 Excid.
458 1716 503 1766 Tr.
517 1733 539 1766 e.
554 1714 578 1781 4.
592 1715 654 1766 llaec
667 1733 716 1785 per
728 1731 757 1767 se
766 1715 836 1768 levia
847 1734 880 1768 ac
890 1733 961 1768 vana
978 1716 1006 1767 in
1020 1715 1104 1787 Trojoe
1124 1713 1301 1788 topoqraphia

251 1797 286 1849 ad
302 1810 441 1867 poetarum
460 1795 522 1846 loca
542 1793 673 1846 nonnulla
693 1793 857 1846 declaranda
875 1795 1017 1848 utilitatem
1034 1795 1148 1847 habent.
1169 1815 1196 1846 v.
1217 1794 1252 1846 de
1270 1813 1300 1846 ea

250 1876 425 1928 Commentat.
439 1876 467 1925 in
473 1875 554 1924 Toni.
568 1875 604 1926 Vl
619 1874 801 1924 Commentatt.
813 1873 871 1925 Sec.
887 1875 919 1926 fl.
940 1875 1009 1928 con.
1023 1888 1122 1946 atquae
1135 1873 1257 1946 posthac
1274 1876 1300 1924 in

249 1955 342 2007 libello
352 1953 385 2007 de
397 1952 503 2006 Troade
515 1965 577 2005 sunt
591 1951 735 2023 disputata.

685 2123 689 2130 “
703 2129 845 2146 ιιι-...ι

513 2231 882 2343 excursus
917 2252 1025 2340 xv.

451 2425 626 2494 Praedictio
639 2427 749 2493 aditus
761 2426 934 2514 Hespen‘oe
946 2425 1091 2493 obscum.
1120 2421 1123 2424 ¹

281 2591 321 2653 11,
331 2587 390 2658 781.
401 2586 450 2656 782
459 2585 503 2636 Ad
511 2595 606 2636 terram
613 2585 768 2658 Hesperiam
778 2585 881 2652 venies,
895 2585 942 2636 ubi
951 2585 1049 2656 lydius
1055 2604 1121 2636 arua
1131 2586 1206 2639 inter
1213 2589 1300 2660 opime

247 2670 334 2721 virum
347 2665 402 2720 leni
411 2665 481 2742 fluit
496 2666 604 2738 nqmine
621 2665 750 2736 Thybris:
773 2665 836 2718 Illic
853 2685 892 2718 res
913 2665 979 2718 loetoe
997 2683 1166 2738 requiemque
1187 2680 1216 2720 et
1233 2672 1301 2742 reJia

246 2752 344 2820 conjux
355 2743 438 2800 Parta
453 2745 509 2796 titi.
527 2747 556 2797 ln
568 2745 610 2798 his
626 2747 747 2801 versibus
764 2749 851 2818 gravis
871 2765 983 2800 censura
999 2758 1085 2818 poetae
1098 2751 1229 2800 occurrit.
1247 2753 1300 2802 Au·

247 2829 334 2882 dierat
352 2827 452 2881 seilicet
464 2826 560 2878 AEneas
575 2828 632 2895 jam
650 2840 706 2878 tum
719 2847 751 2880 ex
762 2827 877 2894 Creusa,
897 2845 979 2898 quam
998 2829 1025 2878 in
1043 2840 1144 2879 terram
1163 2830 1225 2881 fata
1242 2850 1299 2881 eum
1348 2855 1349 2868 ι

247 2921 336 2962 0000οι
347 2908 461 2960 ductura
473 2929 479 2957 ι
492 2919 571 2958 norat
580 2909 738 2978 Hesperiam
750 2921 776 2960 et
784 2907 917 2970 Tiberim
934 2910 991 2979 ipse
1003 2907 1124 2959 Tiberim
1134 2910 1162 2959 in
1181 2908 1299 2962 discessu

247 2990 281 3041 ab
294 2986 480 3041 Andromache
491 2988 563 3039 lacto
575 3001 705 3039 memorat
714 2988 759 3040 lib.
774 2989 810 3039 lll
818 3025 826 3054 ,
840 2987 891 3040 500
909 3006 949 3059 sq.
967 2989 1072 3040 Latium
1085 2991 1168 3040 sociis
1181 2990 1298 3041 ostendit

246 3069 371 3122 laborum
386 3068 465 3120 linem
482 3067 509 3132 l,
530 3066 581 3120 205
603 3067 747 3120 Tendimus
766 3068 794 3118 in
813 3067 920 3118 latium
941 3081 991 3120 ete.
1011 3080 1037 3120 et
1052 3067 1188 3138 Apollinis
1201 3069 1297 3142 Grynei

246 3150 397 3213 oraculum,
411 3145 543 3218 quodlib.
557 3147 591 3197 lV
596 3147 677 3214 ,.345
695 3147 793 3214 346110
806 3145 914 3199 sedibus
933 3149 960 3198 in
977 3147 1055 3200 ltalia
1073 3149 1132 3199 lato
1153 3147 1297 3200 destinatis

244 3228 318 3281 haud
335 3227 435 3280 dubie'
425 3246 482 3297 Jam
499 3239 559 3278 ante
574 3186 719 3279 discessum
732 3247 748 3279 0
757 3227 839 3297 Troja
856 3240 1006 3298 acceperat
1024 3227 1131 3298 Atqui'
1124 3247 1151 3278 m
1167 3242 1296 3299 sequente

244 3308 314 3361 libro
327 3309 455 3360 AEneam'
448 3326 476 3358 m
487 3307 618 3375 Thracia,
630 3327 692 3359 mox
701 3327 728 3358 1n
738 3307 818 3360 Cret'a
830 3306 969 3360 considere
978 3307 1130 3359 videbimus
1138 3311 1295 3380 ,Hesperiae

245 3401 271 3440 et
282 3389 386 3440 Tiberis
398 3388 492 3458 plane'
486 3407 681 3453 immemorem,
694 3405 781 3458 neque
790 3379 931 3440 oraculum
940 3388 1093 3479 Apollinis
1084 3407 1112 3438 10
1121 3388 1191 3440 Delo
1203 3409 1296 3460 aceep-

244 3479 316 3532 tum,
335 3486 385 3518 nec
398 3468 537 3518 Penatium
556 3469 687 3518 monitum
705 3468 733 3517 in
751 3465 823 3518 hunc
840 3485 947 3518 sensum
968 3469 1208 3539 interpretantem,
1223 3467 1294 3538 quod

244 3559 334 3598 tamen
345 3547 435 3597 lacere
447 3565 555 3598 neeesse
567 3560 625 3600 erat
643 3549 682 3610 ei,
695 3565 742 3616 qut
734 3545 809 3604 1100
823 3567 854 3600 ex
873 3549 986 3618 conjuge
1004 3566 1053 3600 sua
1073 3548 1206 3600 audierat.
1221 3549 1293 3616 Quo-

243 3624 324 3676 modo
336 3643 418 3694 porro
431 3625 543 3677 classem
554 3646 651 3697 parare
663 3639 788 3697 poterant
806 3629 855 3693 lll,
870 3646 884 3697 7
908 3628 1008 3678 Incerti
1024 3647 1076 3699 quo
1085 3627 1149 3696 sata
1165 3628 1290 3694 trahunt,

244 3705 290 3756 ubi
301 3705 386 3756 sistere
399 3705 491 3755 detur?
510 3719 535 3758 et
548 3709 590 3775 87.
607 3707 690 3776 Quem
706 3709 861 3778 sequimur?
873 3727 957 3780 quove
970 3709 1007 3759 ire
1018 3709 1119 3780 jubes?
1137 3710 1185 3760 ubi
1196 3728 1292 3778 ponere

242 3784 331 3836 sedes?
342 3784 371 3833 ln
383 3782 515 3836 Servianis
525 3787 580 3854 J'am
593 3787 657 3837 olim
676 3787 759 3840 fuisse
778 3788 897 3854 videtur,
919 3791 966 3859 qui
983 3788 1041 3840 haee
1059 3787 1291 3859 deprehenderet,

244 3865 297 3916 Car
307 3881 382 3936 erqo,
395 3866 498 3935 inquit,
514 3867 612 3918 AEncus
625 3866 718 3918 horum
731 3887 784 3920 non
800 3870 923 3921 meminit
934 3880 961 3920 et
971 3869 1085 3921 considit
1096 3870 1125 3920 in
1141 3869 1258 3921 Thracia
1269 3880 1291 3920 et

241 3942 302 3996 tiliis
316 3942 396 3996 loeis?
407 3946 440 3996 Et
454 3943 489 3996 ad
498 3946 547 4010 111,
564 3947 609 3998 181
625 3949 705 3998 etiam
715 3949 781 4000 alios
791 3949 835 4001 hic
844 3949 951 4002 haesisse
960 3948 1078 4000 intellexi
1089 3969 1104 4001 e
1114 3951 1206 4000 Burm.
1217 3963 1286 4000 nota.

241 4026 428 4079 Potesttamen
440 4024 557 4097 aliquid,
570 4043 619 4082 nee
632 4029 688 4081 sine
700 4029 807 4094 colore,
822 4028 995 4102 responderi:
1008 4028 1083 4100 quod
1095 4030 1227 4102 Hesperia
1239 4032 1288 4086 sive

1345 4109 1347 4170 l

1345 4175 1347 4232 l
