2656 4592
304 271 538 340 aceruos
562 275 715 338 Licea
739 240 800 339 ir.

41 409 93 465 quo
106 393 202 448 amoris
215 403 279 444 aestu
294 395 339 446 ille
353 399 458 462 arserit,
471 414 532 448 nus-

40 493 119 544 quam
129 485 273 539 memorat‚
287 476 336 526 etsi
346 477 367 526 is
378 488 465 528 tantus
476 494 533 529 esse

40 553 146 618 debuit,
159 566 188 603 ut
198 555 293 605 AEneas
302 557 407 605 omnem
416 554 449 605 de
459 572 533 606 mon·

40 646 122 685 strata
134 634 222 684 alatis
234 635 261 683 in
272 633 349 685 ltalia
361 634 423 686 sede
436 636 534 706 cogita-

39 715 137 765 tionem
150 715 237 764 animo
246 713 398 766 dimitteret.
407 714 534 766 Dolorem

38 812 101 846 vero
118 812 148 844 ac
164 793 370 844 sollicitudinem
386 812 465 865 super
484 793 535 844 dis·

39 891 114 925 cessu
125 890 172 923 suo
188 892 218 924 ac
231 872 343 924 discid'm
358 871 449 943 paullo
465 874 533 925 libe-

38 956 93 1003 rius
105 955 265 1005 manifestat.
280 953 348 1005 Vide
364 973 388 1004 v.
410 972 460 1024 279
474 970 532 1023 sqq.

37 1033 91 1102 393
104 1050 160 1104 sqq.
179 1033 230 1100 448
242 1050 300 1103 sqq.
316 1034 349 1084 Et
365 1035 421 1104 ipse
438 1033 534 1085 disces·

38 1129 84 1168 sus
92 1129 145 1162 non
154 1114 230 1164 nimis
239 1113 414 1180 acceleratus,
426 1131 476 1165 nec
482 1113 534 1162 nisi

38 1211 110 1244 novo
128 1193 252 1245 Mercurii
274 1195 377 1244 monitu
398 1194 485 1245 factus
508 1211 532 1241 v.

39 1269 92 1337 554
111 1288 184 1341 sqq„
202 1273 310 1324 tacitam
326 1271 479 1334 reluctantis
495 1270 535 1322 af·

38 1353 125 1403 fectus
149 1352 231 1404 habet
254 1351 480 1423 significationem.
504 1351 535 1400 ln

39 1449 95 1502 quo
107 1449 170 1483 vero
183 1449 312 1482 summam
323 1443 406 1482 artem
418 1429 535 1480 declara·

38 1513 78 1562 vit
101 1522 195 1581 poeta,
215 1521 268 1574 est,
293 1508 366 1578 quod
386 1507 536 1578 episodium

37 1591 107 1655 hoc,
118 1609 165 1660 per
174 1607 202 1642 se
212 1590 328 1642 alienum
338 1607 353 1640 a
365 1607 407 1652 re,
420 1599 449 1638 ut
460 1586 537 1637 multi

39 1670 111 1722 adeo
124 1671 262 1740 conquesti
274 1670 339 1733 sint,
351 1666 419 1720 illud
432 1665 466 1718 ad
481 1667 537 1717 ani-

1009 283 1070 368 477

580 416 652 449 mum
671 399 705 450 ab
722 401 808 450 AEneae
821 415 935 470 persona
947 419 978 454 ac
995 405 1074 456 rebus

580 477 701 547 gerendis
714 477 881 528 avocandum
893 479 1075 546 valere‚,cu1n

581 554 692 605 consilio
702 573 750 606 suo
761 569 855 607 etcum
865 557 924 626 ipso
938 577 1076 631 argumen-

582 645 609 682 to
619 645 674 684 tam
686 639 976 706 arctelcougmenteviss
990 651 1018 689 ut
1030 642 1077 692 Ju-

581 713 658 762 nonis
672 711 780 764 fraudes
793 732 824 764 ac
837 715 949 766 consilia
965 720 1076 771 actionis

582 794 676 862 epicae‚
690 792 763 862 quod
771 794 858 857 aiunt,
870 812 969 846 novum
976 798 1077 850 nodum

582 872 695 936 faciant,
708 885 804 942 utque,
817 892 850 924 ne
870 876 1032 948 interruptus
1052 891 1079 930 et

583 951 691 1001 omnino
701 952 864 1020 interceptus
878 954 966 1026 AEnete
977 949 1010 1006 ¹iu
1027 959 1081 1010 lta·

581 1029 645 1080 liam
664 1027 792 1079 adventus
817 1031 864 1094 sit,
885 1033 940 1099 jam
962 1047 1078 1088 metuere

583 1111 703 1179 incipias.
720 1109 783 1159 Mox
799 1129 876 1175 vero,
896 1113 1001 1166 sublato
1021 1119 1080 1187 qui·

584 1190 644 1242 dem
657 1208 688 1241 eo
700 1202 786 1254 metu,
802 1191 913 1243 Didonis
931 1192 1008 1260 dirae,
1022 1215 1079 1268 quae

583 1271 702 1321 vaticinii
732 1270 847 1339 speciem
872 1269 973 1323 habent
1000 1293 1080 1348 super

585 1348 653 1399 odiis
665 1349 815 1418 perpetuis,
830 1351 968 1419 quainter
983 1355 1079 1408 Roma-

582 1444 631 1478 nos
656 1440 682 1478 et
705 1425 934 1498 Carthaginienses
958 1433 1081 1486 interces-

585 1524 647 1556 sura
658 1518 748 1568 erant,
765 1523 862 1557 novam
881 1519 906 1557 et
919 1510 1081 1584 inexspecta-

585 1597 640 1636 tam
652 1583 809 1637 suavitatem
819 1583 927 1638 habent.

490 1895 629 1914 m

37 2036 111 2137 ΑΤ
124 2069 235 2157 regina
247 2069 337 2156 gravi
346 2068 414 2158 jam
427 2063 555 2130 dudum
568 2064 676 2129 saucia
688 2085 766 2128 cura

36 2174 168 2238 Volnus
180 2174 237 2238 alit
248 2175 354 2253 venis,
369 2190 402 2237 et
414 2193 500 2236 caeco
513 2171 657 2258 carpitur
669 2170 746 2257 igni.

35 2281 146 2346 Multa
158 2281 219 2346 viri
230 2282 333 2345 virtus
345 2271 470 2359 anime,
484 2278 672 2365 multusque
686 2290 831 2340 recursat

36 2388 155 2452 Gentis
168 2387 273 2451 honos
285 2411 293 2466 3
307 2386 433 2450 haerent
445 2384 535 2448 infixi
547 2399 682 2472 pectore
694 2381 816 2460 voltus,

35 2493 231 2581 Verbaque;
245 2515 306 2556 nec
318 2490 481 2580 placidam
494 2489 649 2554 membris
663 2486 718 2552 dat
730 2509 808 2551 cura
820 2486 975 2574 quietem.
1070 2504 1082 2547 5

75 2678 96 2706 1.
115 2661 155 2706 Act
171 2661 252 2718 multi,
267 2673 293 2707 ut
309 2661 358 2707 lere
374 2659 431 2708 alias
446 2663 555 2708 variatur.
570 2657 617 2704 vid.
632 2659 692 2702 Pier.
706 2655 730 2700 h.
743 2654 759 2699 l.
774 2665 797 2699 et
812 2655 937 2698 Burmann.
948 2655 1084 2716 jamdudum

34 2732 126 2779 Medic.
137 2757 169 2766 -
178 2733 199 2777 3.
213 2741 301 2777 recusat
313 2731 350 2778 vel
361 2741 460 2778 reversat
475 2730 544 2777 codd.
557 2730 635 2774 Pierii.
648 2745 670 2774 v.
681 2743 732 2787 sup.
742 2726 765 2781 l,
777 2723 830 2768 662.
847 2725 945 2770 Miratur
956 2726 1082 2772 Burmann.

34 2802 133 2848 nullutn
151 2802 271 2848 librarium
290 2806 434 2866 rescripsisse
453 2804 538 2867 Maqnu
553 2803 597 2846 viru
610 2804 689 2845 virtus.
704 2797 805 2843 Videtur
817 2795 876 2840 adeo
887 2798 923 2840 vir
939 2795 1021 2842 doctus
1037 2813 1084 2842 non

35 2873 140 2920 vidisse:
154 2872 229 2918 Multa
241 2883 342 2919 recursat
353 2889 402 2920 estc
416 2890 460 2936 pro
470 2871 566 2919 multum
577 2864 686 2932 pdsiturn.
697 2893 728 2904 -
739 2869 760 2912 5.
776 2866 815 2910 dot
826 2864 930 2910 membris
942 2863 1034 2928 Menag.
1050 2884 1085 2928 pr.

78 3007 164 3061 1—5.
182 3008 326 3078 Splendida
337 3011 398 3063 libri
410 3013 500 3075 frons,
512 3023 539 3067 et

34 3091 138 3148 eximia
152 3089 299 3160 gravissimi
312 3091 408 3140 amoris
420 3089 540 3141 declara-

33 3178 102 3226 tio:
127 3170 165 3220 At
186 3170 296 3238 respicit
317 3167 365 3218 ult.
389 3186 457 3220 vers.
480 3186 537 3238 sup.

33 3253 128 3305 libri:
154 3249 248 3300 AEneas
269 3245 348 3296 linem
369 3245 475 3298 dicendi
496 3245 539 3297 hic

32 3332 105 3396 fecit
129 3326 140 3397 (
163 3345 226 3378 nam
249 3325 368 3398 quievit,
397 3325 541 3376 dormitum

34 3411 103 3475 ivit,
113 3409 230 3476 jejunius
242 3405 343 3456 dictum
355 3418 423 3456 esset
432 3405 457 3475 );
471 3406 540 3476 regi-

34 3507 76 3540 na
87 3505 152 3538 vero
164 3505 195 3538 ex
201 3486 353 3537 narratione
364 3482 447 3533 multo
458 3485 540 3554 magis

587 3010 628 3060 nis
649 3003 694 3061 ἰοὺς
711 3000 838 3074 πυρφᾶρους
858 3005 957 3074 cogites
978 3021 1086 3055 neeesse

589 3098 641 3149 est,
661 3098 686 3136 et
702 3084 860 3155 Apollonius
885 3084 912 3131 in
932 3081 1015 3130 oculis
1035 3076 1088 3132 fuit

588 3167 633 3217 lib.
652 3167 701 3230 ΙΙΙ,
720 3167 778 3218 286.
803 3165 888 3235 287)
907 3162 1087 3234 subjiciuntur

589 3267 659 3299 nunc
672 3269 718 3315 ea,
730 3267 787 3318 quae
805 3253 855 3317 pr‘o
865 3235 974 3297 'caussis
988 3251 1085 3300 amoris

588 3327 682 3380 haberi
701 3338 843 3396 poterant:
863 3323 977 3376 multum
997 3328 1087 3380 animo

590 3417 702 3458 recursat
724 3408 811 3457 AEneae
834 3407 928 3469 virtus¹
941 3417 967 3455 et
989 3407 1088 3460 multia

587 3487 672 3560 gentis
685 3483 764 3537 honos
771 3524 780 3550 ‚
793 3503 840 3536 seu
851 3485 934 3555 ipsius
946 3486 1033 3537 AEneae
1045 3507 1091 3559 ge·
1109 3535 1113 3547 ,

35 3569 93 3620 fuit
103 3568 310 3618 incensaamore
319 3565 467 3628 viri‚cura.
479 3561 505 3614 V
505 3560 542 3610 ul·
590 3585 640 3617 nus
664 3585 680 3616 a
698 3567 801 3616 Venere
828 3564 957 3627 ductum,
981 3563 992 3634 (
1016 3567 1088 3636 quod

35 3666 110 3710 nus,
125 3646 213 3716 quod,
226 3658 255 3696 ut
265 3645 330 3696 alias
342 3655 465 3715 pectore,
478 3644 542 3693 ossi·
590 3645 682 3698 malim
691 3663 737 3697 seu
748 3646 925 3715 Trojanorum
934 3643 1035 3696 clarum
1043 3667 1091 3698 no·

36 3731 110 3788 bus,
134 3744 205 3776 nunc
227 3725 306 3776 alitur
325 3723 395 3774 venis
403 3761 411 3786 ,
432 3734 542 3792 propter
590 3744 665 3790 men,
678 3726 798 3776 tumoris
810 3722 938 3796 dignitas,
952 3722 1053 3789 vultus,
1064 3737 1091 3777 et

37 3807 202 3877 sanguinem
225 3806 323 3858 amoris
345 3815 408 3854 aestu
427 3803 543 3852 concita·
593 3823 650 3875 quae
658 3803 691 3855 de
700 3822 727 3856 se
735 3805 842 3874 suisque
850 3803 912 3854 fatis
922 3814 1089 3854 narraverat:

37 3885 124 3945 tum‚'
138 3897 164 3936 et
177 3885 297 3937 occultus
317 3883 384 3957 ignis
396 3881 407 3952 (
420 3900 498 3952 quem
510 3900 543 3934 ue
594 3902 651 3954 quae
661 3882 755 3936 eadem
764 3894 840 3934 erant
850 3882 947 3933 amoris
958 3892 983 3930 et
992 3897 1090 3931 caussae

37 3966 164 4023 alienum
180 3979 258 4038 putes
271 3985 287 4020 a
298 3966 422 4030 vulnere,
434 3961 545 4034 Cupidi·
591 3975 621 4039 Ιει
634 3964 832 4038 excusationes,
845 3978 878 4014 ue
898 3969 991 4023 contra
1007 3957 1092 4028 digni·
