2656 4592
221 347 286 427 tat

469 343 503 406 P.
527 339 760 406 VIRGILII
783 339 1016 408 MARONIS

220 473 309 560 Ipsa,
323 485 439 533 tenens
452 464 564 530 dextra
576 481 736 553 pateram,
750 439 976 552 pulcherrimai
984 464 1090 546 Dido,
1243 479 1266 525 to

219 574 398 642 Candentis
409 595 516 637 vaccae
528 569 638 634 media
650 571 736 634 inter
747 592 871 634 cornua
884 568 1010 652 fundit;

218 687 284 748 Aut
296 698 371 747 ante
384 703 441 744 ora
454 677 554 742 deum
566 677 697 765 pinguis
710 677 868 764 spatiatur
879 675 922 740 ad
933 698 1019 755 araS,

220 793 449 875 Instauratque
462 783 550 872 diem
564 783 674 861 donis,
688 782 922 872 pecudumque
935 783 1074 848 reclusis

219 894 412 960 Pectoribus
424 891 553 954 inhians
566 889 722 978 spirantia
734 889 877 953 consulit
889 903 969 952 exta.

218 1004 295 1066 Heu
307 1017 419 1064 satum
431 999 551 1086 ignarae
564 998 706 1059 mentes!
721 992 802 1083 quid
814 1011 890 1058 vota
902 995 1086 1072 furentem,
1241 1007 1267 1061 ut

218 1107 306 1190 Quid
320 1105 458 1170 delubra
465 1103 600 1193 juvant?
612 1097 673 1166 Est'
680 1101 789 1165 mollis
801 1099 931 1164 flamma
943 1099 1110 1164 medullas

218 1296 284 1340 alme.
300 1289 375 1336 vincla
386 1287 474 1354 juqult'a
489 1302 543 1335 sunt
554 1287 792 1352 conjugalia-61.
803 1287 977 1351 fuditquatuor
988 1289 1070 1333 Burm.
1080 1303 1139 1334 cum
1153 1287 1265 1351 pleraque

217 1366 346 1418 Pierianis;
359 1365 428 1408 etiam
437 1362 507 1407 bene.
519 1387 550 1398 -
560 1363 599 1406 62.
610 1363 687 1425 Atqui
693 1372 794 1423 quatuor
803 1361 928 1405 Burmann.
940 1369 1025 1424 autque
1033 1362 1090 1404 Exc.
1101 1361 1230 1406 Burmann.
1238 1383 1265 1393 -

217 1435 256 1482 63.
269 1433 339 1481 Varie
354 1434 458 1480 tentabat
475 1435 511 1479 Jo.
524 1432 667 1478 Schraderus
677 1449 683 1477 :
695 1435 854 1494 Instauratque
863 1433 1010 1494 άαρεευοώ,
1024 1430 1041 1476 l.
1051 1441 1132 1486 votas,
1149 1431 1166 1476 l.
1184 1434 1263 1490 Tyriis,

217 1505 259 1552 sed
275 1504 322 1551 vid.
338 1515 426 1548 notam.
440 1528 472 1538 -
485 1499 523 1558 fid.
540 1505 668 1564 spumantia
687 1504 763 1564 Sprot.
780 1505 893 1562 sperantia
909 1502 991 1563 fragm.
1003 1502 1081 1548 Vatic.
1095 1527 1129 1536 -
1141 1500 1180 1546 65.
1193 1500 1264 1562 fluum

217 1579 281 1640 conj.
291 1574 407 1638 Cuningb.
418 1573 448 1619 cf.
461 1573 503 1619 inf.
513 1574 581 1630 VIII,
590 1574 643 1635 627.
656 1577 736 1638 t'qnotoe
746 1588 776 1616 m.
785 1574 853 1618 Witt.
865 1573 921 1636 qut'd
929 1582 980 1619 uota
986 1573 1095 1636 fiimrem
1104 1574 1231 1618 Burmann.
1240 1585 1265 1615 ex

216 1650 305 1696 Servio.
314 1647 427 1710 ferentem
440 1647 505 1691 Rom
517 1670 550 1681 -
560 1645 599 1691 66.
611 1643 689 1693 molles
701 1644 755 1701 alil,
774 1643 816 1689 sed
827 1642 899 1690 mollis
909 1645 1006 1704 flamma
1019 1647 1173 1690 Burmannus
1184 1655 1263 1690 tuetur.

217 1825 248 1858 ac
257 1805 344 1858 Graeci
361 1807 461 1857 Junoni
475 1812 528 1856 mae
540 1805 713 1869 tribuebant,

217 1904 276 1956 quae
288 1886 361 1952 Cuqr'a
370 1898 396 1936 et
408 1891 516 1950 γαμηλία
529 1897 594 1936 erat.

251 1965 376 2031 62-64.
401 1963 527 2036 Spectant
548 1963 583 2014 ad
604 1965 713 2033 extispi-

215 2045 304 2110 cium,
326 2046 400 2113 cujus
424 2061 519 2096 caussa
538 2043 651 2094 victima.
664 2059 714 2093 cae-

214 2123 322 2175 duntur.
347 2124 396 2176 Illa
419 2123 519 2176 incedit
547 2121 583 2174 ad
602 2121 715 2193 pinques

214 2202 273 2256 ar‘as
284 2241 292 2268 ,
305 2203 449 2276 pinguibus
461 2195 588 2266 uictimis,
600 2196 634 2252 rai
642 2200 712 2253 aloru

207 2283 283 2352 μηρία
292 2285 415 2345 Homeri;
428 2285 487 2354 ipsa
493 2281 587 2333 ‘adstat
597 2282 711 2332 victimis

213 2364 450 2434 extispiciicaussa
473 2363 553 2412 caesis.
577 2361 713 2412 Instaurat

213 2441 283 2492 diem
298 2443 372 2526 deniq
380 2480 388 2507 ,
401 2442 427 2492 h.
439 2461 461 2492 e.
476 2437 627 2501 sacrificiis;
647 2456 710 2508 pro·

210 2523 270 2592 prie
283 2523 465 2573 instaurantur
481 2538 571 2584 sacra,
589 2538 646 2590 quae
659 2521 710 2572 ite-

211 2617 271 2652 rum
283 2613 424 2662 curantur,
435 2617 482 2650 seu
500 2610 671 2668 repetuntur;
684 2611 711 2650 et

213 2689 253 2730 est
262 2696 321 2728 voc.
335 2695 455 2737 sacrum
468 2678 506 2727 sic
517 2679 547 2737 V,
559 2677 608 2745 94:
622 2677 669 2728 sed
681 2676 708 2728 b.

209 2753 227 2806 I.
242 2756 378 2821 dies‚h.e.
393 2754 449 2806 dies
456 2755 553 2817 festus,
567 2772 620 2824 quo
633 2772 709 2808 sacra

211 2837 379 2896 erantfacta;
389 2852 459 2888 nova
468 2833 582 2886 subinde
596 2827 707 2888 sadrain

209 2915 323 2981 alterum
337 2915 407 2966 diem
424 2914 596 2966 indicuntur:
620 2933 657 2966 sc.
677 2927 707 2967 ut

209 3008 269 3048 exta
278 2997 390 3048 meliora
399 2995 450 3059 sibi
463 2996 625 3066 contingant.
638 2997 707 3047 Hine

208 3074 278 3125 diem
294 3076 439 3128 instaurare
458 3073 562 3145 Virgilii
585 3074 706 3144 exemplo

207 3153 273 3205 dixit
285 3157 365 3206 etiam
376 3154 474 3206 Statius
486 3165 513 3205 et
525 3152 585 3204 alii.
603 3153 636 3204 Et
647 3165 707 3204 tan-

207 3231 269 3284 dem
282 3235 427 3286 instaurare
443 3233 651 3303 poetisomnino
666 3247 706 3284 est

205 3313 312 3378 facere,
325 3315 462 3366 instituere
476 3335 482 3362 ι
502 3314 540 3363 sle
552 3313 632 3364 funus
644 3330 702 3384 sup.

204 3391 255 3456 Ill,
276 3392 323 3456 62,
346 3392 438 3462 epulas
459 3391 522 3456 VII,
548 3391 604 3456 145.
630 3392 704 3460 VIII,

206 3468 271 3532 283,
283 3469 380 3521 choros
391 3473 436 3535 IV,
453 3463 509 3535 145.
521 3470 650 3542 spirantia
659 3489 708 3538 est·¹

205 3555 232 3602 ta
242 3583 249 3609 ,
260 3547 433 3618 palpitantia,
443 3559 472 3597 ut
480 3547 551 3599 Serv.
562 3549 703 3618 Impatien-

204 3625 269 3675 tiam
286 3627 477 3695 expectationis
494 3623 521 3676 al
541 3626 648 3680 inhians
660 3647 702 3679 ex·

203 3704 302 3774 primit.
318 3703 435 3756 Consulit
450 3716 538 3756 autem
554 3706 623 3758 Dido
643 3719 701 3759 exta

203 3783 367 3852 superdelici
379 3786 476 3836 amoris
488 3801 620 3837 successu.

237 3863 358 3933 65—67.
379 3875 470 3914 nattum
482 3865 517 3916 ad
533 3867 699 3937 extispicium

201 3961 226 3996 v.
240 3961 298 4014 sup.
312 3945 397 4005 refer3
411 3958 525 4014 suntque
538 3945 605 3998 adeo
619 3949 699 3999 extis-

201 4023 290 4096 pices,
312 4023 443 4092 ¹sacrifici:
464 4026 510 4095 qui
533 4024 559 4084 h.
578 4017 700 4083 treuna

763 1793 852 1854 omina
865 1803 1027 1858 renuntiant.
1041 1800 1146 1872 iqnarae
1155 1803 1262 1850 mentes!

763 1885 901 1952 cujusnam
911 1884 967 1935 rei?
978 1882 1096 1934 infelicis
1107 1895 1175 1954 puta
1185 1884 1262 1934 exitus

763 1975 789 2014 et
801 1976 910 2016 eventus
929 1963 1105 2016 consiliorum
1126 1976 1153 2014 et
1170 1965 1261 2014 amoris

762 2043 882 2095 Didonis.
896 2043 964 2096 Vide
977 2045 1047 2096 enim
1073 2063 1107 2095 ne
1122 2043 1156 2095 de
1169 2045 1261 2096 amoris

762 2122 867 2176 medela
873 2124 937 2176 deos
946 2123 1033 2175 aditos
1046 2140 1105 2174 csse
1119 2125 1261 2188 existimes:

761 2203 1261 2273 quodalienumessetalocoetmore;
1314 2245 1315 2277 ἢ

761 2281 795 2333 ab
811 2301 901 2334 amore
922 2282 1031 2334 solvunt
1052 2301 1132 2334 sacra
1143 2284 1261 2354 magiam

761 2361 796 2413 ad
809 2381 866 2433 quae
878 2363 947 2414 Dido
958 2365 1073 2418 recurrit
1082 2365 1133 2414 inf.
1142 2363 1196 2433 478
1205 2381 1261 2433 sqq.
1313 2409 1314 2420 ,

759 2441 792 2491 Εῑ
801 2440 834 2494 de
844 2441 885 2494 his
897 2442 975 2494 Silius
983 2443 1061 2506 VIII,
1071 2444 1107 2511 98
1121 2445 1191 2514 agit,
1205 2461 1262 2493 cum

758 2518 786 2571 h.
799 2521 817 2572 l.
829 2522 952 2593 exprimit
965 2521 1098 2574 similibus
1108 2523 1208 2574 verbis.
1230 2523 1262 2572 At
1313 2521 1314 2531 ¹

758 2613 849 2665 vates,
862 2603 923 2653 etin
932 2600 974 2652 bis
984 2602 1129 2672 extispices
1139 2603 1262 2661 memine-

758 2681 794 2731 ris
807 2680 943 2730 consultos
955 2697 1013 2732 esse
1026 2698 1110 2750 super
1121 2701 1191 2752 pace
1205 2683 1261 2734 deo·

758 2777 817 2810 rum
829 2758 1013 2829 exposcenda,
1026 2759 1106 2812 malis
1117 2763 1260 2827 ominibus,

757 2851 787 2889 ut
799 2841 977 2908 somniorum,
989 2852 1176 2909 ostentorum,
1189 2863 1262 2896 aver-

757 2921 900 2972 runcandis
913 2933 939 2972 et
957 2923 1054 2972 mentis
1071 2925 1145 2974 curis
1166 2939 1261 2976 acter—
1311 2927 1312 2936 ¹

756 3000 861 3051 roribus
873 3001 1013 3072 placandis
1024 3022 1031 3062 ;
1050 3014 1109 3054 tum
1121 3003 1158 3056 de
1173 3007 1262 3056 consi·

755 3079 852 3132 liorum
871 3092 1076 3151 coeptorumque
1090 3100 1221 3137 successu
1237 3098 1263 3137 et

755 3172 860 3212 eventu.
867 3160 1017 3229 Conjuncta
1024 3160 1083 3212 bac
1096 3182 1160 3215 cum
1169 3168 1260 3230 sacris,

756 3241 851 3311 quibus
870 3240 898 3292 id
922 3243 1010 3311 ipsum
1030 3241 1208 3312 efficeretur,
1234 3259 1261 3296 ut
1310 3269 1311 3282 ἢ

753 3321 864 3391 propitii
885 3322 954 3372 ostris
975 3333 1003 3373 et
1023 3323 1147 3374 consiliis
1174 3339 1260 3378 essent

753 3398 799 3450 dii.
814 3400 848 3451 ad
859 3399 915 3452 haec
927 3402 998 3453 refer
1010 3403 1109 3454 eodem
1123 3404 1185 3459 Silii
1202 3409 1260 3459 loco

751 3492 861 3532 narrata
873 3498 923 3531 vss.
944 3481 1105 3535 ard-125.
1131 3485 1260 3556 delubra,

752 3557 839 3608 aditus
848 3557 1023 3610 delubrorum
1036 3579 1097 3633 sup.
1110 3581 1136 3616 v.
1152 3565 1198 3618 56.
1212 3567 1261 3618 Ex-

752 3637 936 3690 clamationem
953 3637 1025 3691 banc
1043 3661 1076 3692 ex
1097 3659 1191 3714 poetae
1203 3667 1262 3718 per·

750 3735 817 3770 sona
826 3719 881 3786 jain
896 3717 960 3768 olim
973 3722 1100 3774 nonnulli
1113 3727 1261 3796 reprehen-
1308 3785 1309 3796 γ

749 3795 854 3848 derunt.
868 3796 949 3862 Quod
959 3811 1049 3850 tamen
1059 3801 1088 3851 in
1102 3806 1186 3875 epico
1198 3825 1260 3877 poe·

749 3888 777 3927 ta
799 3877 958 3947 reprehendi
988 3884 1097 3950 possit,
1123 3904 1185 3938 non
1207 3902 1260 3939 tam

704 4003 707 4016 ,
747 3955 815 4028 illud
827 3968 881 4021 est,
894 3958 916 4007 si
928 3975 959 4008 ex
970 3977 1019 4010 sua
1037 3980 1157 4032 persona
1178 3969 1261 4020 affec·

748 4045 805 4112 tum
815 4037 985 4110 interponat,
1000 4058 1103 4114 quam,
1123 4047 1148 4100 si
1161 4047 1196 4101 de
1213 4066 1260 4100 sua
