2694 4574
175 321 238 398 ΠΕ
262 325 481 395 CARMINE
504 319 969 391 EFICOVIRGILIANO.
1069 349 1090 414 9

0 527 1 530 Ἴ
66 451 185 520 honum
206 477 287 544 epos
311 453 446 538 efficiam
469 451 564 516 valde
582 474 706 516 vereor.
729 452 798 515 Alia
816 473 868 516 res
887 468 950 531 est,
973 449 1091 538 siquis

0 549 1 640 J
67 561 266 648 profiteatur,
290 559 433 646 exopici
457 558 607 623 canninis
629 557 775 644 partibus
797 557 899 621 bonas
920 554 1093 643 tragoedias

68 665 133 730 fieri
146 687 257 754 posse,
272 663 313 728 de
329 687 394 753 quo
405 662 474 752 jam
488 663 676 727 Aristoteles
689 663 754 750 egit
767 665 856 727 Poet.
873 684 899 726 c.
917 663 956 724 23
969 678 1003 725 et
1018 662 1070 728 26.

0 795 1 834 t
106 768 190 834 illud
207 771 332 834 interea
346 769 457 856 negari
471 768 601 856 nequit,
615 789 690 832 cum
704 767 752 846 id,
768 767 858 855 quod
872 767 1094 834 admirationis

67 875 190 964 majoris
208 875 277 939 vim
291 891 324 938 et
340 895 486 938 caussam
498 872 612 952 habet,
625 871 667 936 ad
678 873 946 937 animos-nostros
960 897 1094 940 moven-

69 981 123 1046 dos
141 997 232 1046 tauto
257 983 298 1045 sit
317 983 502 1069 potentius,
527 979 655 1044 heroica
675 995 863 1068 argumenta
884 1003 986 1068 genus
1011 983 1096 1069 epici

1 1111 2 1150 1
68 1086 212 1150 carminis
226 1085 467 1150 nobilissimum
478 1085 691 1165 constituere3
707 1085 855 1172 inprimis
867 1085 894 1149 si
904 1107 951 1149 ex
963 1084 1096 1151 heroicis

1 1245 2 1248 ,
68 1175 255 1277 tempoiibus
268 1193 408 1281 petitum
422 1192 539 1271 fuerit,
560 1191 680 1281 quibus
698 1191 829 1257 deorum
849 1196 1025 1259 interventu
1044 1212 1098 1258 res·

1 1311 2 1336 t
66 1314 118 1360 aut
131 1314 233 1384 gestae
245 1313 322 1362 sunt
340 1314 396 1362 aut
414 1299 483 1386 ge'ri
503 1297 652 1377 creditae;
674 1299 733 1362 etsi
753 1299 862 1362 minus
881 1297 967 1362 bene
986 1322 1004 1362 a
1025 1301 1096 1363 Bat-

1 1397 2 1474 ξ
66 1404 167 1467 tensio
182 1413 217 1467 et
234 1404 305 1467 aliis
322 1419 390 1468 tota
404 1405 489 1490 epici
507 1404 658 1469 carminis
678 1402 727 1466 vis
747 1401 789 1465 ab
809 1401 861 1466 his
882 1401 1020 1466 deorum
1040 1405 1098 1491 mia
1176 1441 1203 1463 v.

1 1490 2 1513 ¹
65 1507 204 1572 nisteriis
229 1505 349 1572 deduci
371 1509 479 1596 coepitss
503 1509 571 1573 Nec
596 1509 771 1597 quicquam
796 1507 961 1572 infelicius
980 1507 1099 1572 cedere

64 1629 185 1701 potest,
201 1636 301 1700 quam
316 1613 375 1677 ubi
386 1612 525 1678 deorum
536 1630 593 1677 aut
606 1614 778 1700 geniorum
789 1635 890 1700 opera
903 1614 951 1676 uti
964 1611 1100 1677 voluere

65 1735 170 1808 poetae
192 1721 232 1783 iis
250 1721 285 1783 in
305 1720 405 1786 rebus
426 1719 641 1808 exponendis,
667 1741 746 1808 quas
764 1743 833 1784 non
852 1719 914 1785 nisi
928 1718 1100 1785 hominum

67 1825 203 1889 consilio
218 1841 252 1889 et
265 1849 366 1890 manu
380 1841 485 1914 gestas
500 1847 570 1890 esse
582 1825 658 1890 satis
672 1826 850 1890 constabat.

108 1933 148 1992 V⁴
168 1930 322 2018 Reliqua,
340 1953 413 2020 quae
428 1929 470 1995 de
484 1931 627 1996 carmine
640 1931 733 2018 epico
747 1929 881 2017 praecipi
895 1931 1014 2010 solent,
1029 1952 1101 2018 para

68 2034 125 2096 tim
142 2057 190 2098 ex
205 2038 399 2099 narrationis
417 2034 509 2100 borioe
528 2037 652 2100 ratione
664 2058 704 2098 ac
719 2037 887 2120 praeceptis
892 2077 908 2112 ,0
921 2037 1039 2121 partim
1056 2057 1102 2098 ex

66 2142 202 2225 poeticae
215 2144 366 2205 oratzbnis
377 2144 491 2230 genio,
505 2157 665 2230 quatenus
680 2141 714 2201 in
728 2155 869 2226 utroque
883 2161 1009 2205 summa
1027 2163 1101 2226 perd

67 2245 225 2331 factaque
237 2247 318 2309 ratio
331 2247 502 2334 quaeritur,
518 2245 656 2332 repetita
667 2258 743 2307 sunt
757 2259 789 2306 et
802 2243 898 2306 facile
909 2245 1013 2330 repeti
1027 2266 1102 2330 pos-

69 2366 166 2428 sunt;
184 2373 214 2412 v.
234 2372 260 2414 c.
280 2374 353 2439 quae
366 2350 408 2414 de
423 2349 577 2438 episodiis
593 2363 707 2435 argute
720 2348 822 2434 magis
836 2369 935 2434 quam
948 2369 1024 2410 vere
1039 2346 1102 2411 dis-

69 2471 247 2546 putantum
261 2473 293 2520 et
303 2477 376 2544 quae
386 2454 430 2519 de
440 2455 572 2518 unitatis
581 2455 653 2542 lege
662 2452 907 2540 praecipiuntur.
921 2453 994 2515 Una
1006 2451 1105 2516 debet

1 2607 6 2616 ·
72 2582 144 2624 esse
159 2561 297 2624 actionis
311 2583 451 2638 summa,
471 2561 498 2623 si
517 2557 651 2647 quidem
665 2579 811 2620 summus
831 2557 864 2619 in
882 2554 947 2621 hoc
966 2555 1105 2620 admira*

70 2666 171 2729 tionis
186 2665 372 2754 injiciendae
386 2687 504 2753 genere
518 2664 657 2729 affectus
667 2653 854 2750 propositus
870 2678 918 2726 est
929 2680 1050 2750 poetae3
1062 2683 1105 2726 ne

71 2767 274 2834 distrahatur
290 2769 451 2834 audientis
469 2769 596 2832 animus
615 2768 874 2855 infringaturque
892 2766 975 2833 adeo
992 2789 1106 2831 sensus

70 2873 281 2963 affectusque
295 2875 344 2938 vis
365 2890 398 2939 et
417 2875 573 2953 intentio,
590 2873 617 2938 si
637 2871 679 2936 ad
697 2873 791 2960 plura
809 2889 971 2937 avocetur.
991 2875 1122 2962 Neque¹

70 2977 107 3040 in
128 2979 180 3044 his
201 2981 330 3044 animos
348 2980 571 3066 generosiores
586 2977 644 3042 diu
662 2976 802 3041 detineri
819 2976 927 3040 velim.
949 2977 1107 3064 Pleraque

73 3085 165 3146 enim
177 3100 255 3148 sunt
269 3085 360 3163 talia,
375 3101 426 3163 ut,
441 3083 504 3148 nisi
519 3084 591 3172 quis
606 3078 780 3146 tardissimi
794 3081 835 3145 sit
849 3081 985 3167 ingenii,
1000 3080 1107 3167 primo

70 3191 182 3254 statim
195 3214 309 3254 rerum
323 3190 454 3280 objectu
466 3214 503 3255 ea
516 3190 683 3277 percipiat.
693 3189 858 3270 Quorsum
871 3187 958 3250 enim
971 3209 1112 3273 operose=

1 3301 2 3354 ἶ
70 3295 175 3359 multa
196 3294 405 3360 conscribere
425 3310 481 3359 aut
501 3316 775 3372 commemorare,
798 3294 995 3372 minctum,
1017 3289 1108 3378 quod

1 3401 2 3462 ἶ
70 3416 307 3488 argumentum
319 3401 450 3489 epicum
459 3400 633 3478 contineat,
649 3396 768 3464 doceas
781 3419 850 3460 asse
862 3395 1107 3476 debereunum,

1 3533 2 3564 1
69 3519 104 3566 et
117 3503 324 3582 absolutum,
345 3519 378 3568 et
396 3505 479 3567 intra
493 3503 619 3593 justum
633 3502 789 3591 temporis
805 3502 946 3587 spatium
959 3523 1109 3588 compre-

1 3611 2 3616 ’
68 3605 410 3696 hensumiquorsum
423 3608 465 3672 de
478 3607 641 3674 nectendo
654 3624 686 3672 et
700 3605 909 3671 dissolvendo
928 3605 1108 3671 nodoh.e.
1187 3648 1189 3652 >

68 3709 113 3774 de
129 3711 381 3776 difficultatibus
395 3729 451 3776 aut
464 3714 574 3793 motis,
587 3730 643 3778 aut
658 3711 816 3801 objectis?
829 3709 871 3774 de
886 3710 1109 3798 episodiorum

67 3815 234 3882 affinitate
250 3834 284 3882 et
301 3841 387 3884 nexu
403 3841 479 3885 cum
498 3819 588 3907 epica
606 3817 811 3884 narratione?
831 3817 909 3880 Haee
928 3816 1110 3904 intelligere
