2690 4594
340 193 352 220 δ

330 241 566 360 AENEiDOS
589 295 743 358 LIBER
767 297 840 359 111.

1026 298 1109 398 ,ιιι

63 421 249 510 sternimur
261 436 380 508 optatae
392 421 518 507 gremio
529 407 656 484 telluris
668 418 710 483 ad
723 419 860 499 undam,

63 527 178 592 Sortiti
190 548 313 606 remos,
327 525 515 616 passimque
528 527 562 589 in
574 525 669 590 litore
683 527 771 592 sicco
1069 543 1112 587 ιω

66 633 216 720 Corpora
227 654 395 711 curamus,
409 633 513 696 fessos
526 653 626 720 sopor
637 632 756 718 inrigat
767 648 866 696 artus.

66 736 219 815 Necdum
231 737 346 801 orbem
359 735 507 810 medium
519 739 591 800 Nox
603 737 693 801 horis
705 753 776 801 acta
788 737 935 802 subibat:
970 816 974 823 Ι

67 842 168 908 Haud
180 843 288 932 segnis
301 859 402 908 strato
415 845 518 932 surgit
530 843 717 920 Palinurus,
731 860 764 907 et
776 845 884 909 omnis
950 909 953 912 ,

67 949 225 1038 Explorat
236 965 366 1028 ventae,
380 967 479 1039 atque
491 949 626 1014 auribus
637 973 713 1014 aera
725 949 849 1038 captat,

68 1055 183 1122 Sidera
194 1073 313 1120 cuncta
325 1073 417 1121 notat
428 1057 528 1123 tacito
540 1055 795 1135 labentiacoelo,
1007 1107 1009 1112 .
1074 1077 1116 1122 515

70 1167 260 1241 Arcturum,
274 1161 469 1253 pluviasque
483 1162 629 1252 Hyadas,
643 1163 860 1253 geminosque
873 1166 1028 1245 Triones,

69 1274 308 1359 Armatumque
320 1294 402 1336 auro
415 1271 637 1360 circumspicit
649 1272 783 1337 Oriona.

104 1449 156 1507 509.
166 1447 290 1512 Samium
301 1447 338 1493 ed
347 1449 373 1492 P.
385 1449 443 1493 Dan.
452 1449 485 1494 ad
492 1449 564 1494 undas
574 1449 634 1496 Ven
642 1451 735 1496 -511
741 1449 794 1514 s.s
804 1437 974 1514 occapmVoss.
969 1458 1119 1517 .repetitum,

71 1522 104 1566 art
114 1521 193 1564 Burm
200 1520 285 1576 ,ele
295 1521 379 1582 Georg.
392 1535 442 1582 ¹⁰9·
452 1523 545 1568 -5ra.
557 1530 608 1568 atra
618 1521 678 1567 alter
689 1522 773 1568 Hamb
786 1521 853 1568 horas
864 1533 915 1568 atra
925 1525 985 1581 Ven.
999 1525 1058 1573 liores
1066 1537 1121 1591 apta

72 1591 142 1636 Goth.
152 1608 202 1653 pu,
214 1606 262 1636 non
271 1590 333 1637 malo
344 1590 419 1654 lapsu
431 1591 524 1650 -514,
535 1593 627 1638 urbibus
637 1592 706 1639 Goth
721 1611 757 1656 pr.
752 1595 861 1640 .-5ι5
876 1599 1040 1659 notantSpror
1054 1604 1122 1645 tacita

72 1662 135 1708 Gud
148 1688 180 1698 -
194 1663 245 1708 516.
262 1662 444 1727 PliadasqueH.
461 1666 570 1712 codicum
579 1680 633 1728 pars
644 1665 707 1727 apud
718 1666 836 1724 Pieriam
853 1668 933 1713 Heius.
945 1671 1057 1714 etBurm.
1068 1687 1122 1717 cum

71 1735 134 1780 binis
151 1734 220 1780 Goth.
230 1751 329 1800 ,neque
344 1735 412 1782 aliter
423 1737 556 1783 Macrobius
571 1736 659 1800 legerat
674 1737 696 1779 V
713 1739 759 1782 Sat.
774 1753 794 1782 a.
810 1738 856 1785 Sed
867 1751 983 1801 repugnat
998 1740 1024 1785 id
1039 1755 1122 1788 metro.

73 1803 139 1860 Idem
148 1819 227 1850 versus
239 1820 290 1868 sup.
303 1805 344 1852 lib.
357 1807 367 1849 1
374 1804 438 1868 7,44
452 1823 505 1853 cum
515 1806 584 1854 simili
594 1809 713 1854 varietate.
723 1816 851 1872 septemque
862 1811 943 1854 triones
953 1825 989 1871 pr.
999 1811 1082 1857 Hamb.
1092 1838 1124 1848 ·-

74 1872 127 1938 517
138 1879 223 1922 cuicum
231 1881 311 1942 aspicit
320 1877 389 1924 Goth
400 1894 446 1926 sec.

73 2015 125 2085 487
137 2029 163 2068 et
172 1978 205 2070 al.
216 2017 282 2085 Qua
292 2033 449 2090 sequuntur,
457 2039 489 2074 ex
496 2020 547 2074 Od.
557 2041 573 2082 ι,

76 2096 126 2149 168
137 2113 177 2166 sq.
188 2097 363 2152 illustrantur.
374 2101 466 2152 Sortiti
475 2119 575 2166 remos,

73 2192 124 2242 per
136 2188 235 2227 sortem
251 2176 329 2230 divisi
344 2178 378 2230 ad
397 2177 486 2232 officia
498 2181 585 2231 remi·¹

73 2253 165 2326 gandi.
180 2255 250 2307 Seru.
264 2271 294 2309 ut
312 2259 380 2311 adeo
392 2277 455 2329 pars
473 2261 500 2310 in
514 2261 576 2311 navi

73 2334 111 2386 ad
123 2353 210 2387 remos
226 2351 409 2408 pernoctaret;
423 2352 487 2403 aut,
503 2339 577 2409 quod

72 2417 164 2466 verius
174 2435 231 2470 esse
242 2420 358 2471 arbitror
367 2441 373 2470 ι
383 2437 450 2484 nos,
463 2421 509 2490 qui
521 2438 578 2470 era·

73 2513 136 2547 mus
145 2497 230 2548 sortiti
239 2517 337 2564 remos,
350 2501 396 2570 qui
407 2498 476 2552 diem
489 2516 576 2551 remos
587 2503 589 2506 ’

73 2575 204 2646 agitando
225 2596 415 2650 exegeramus,
437 2579 580 2630 sternimur

73 2667 125 2706 etc.
151 2655 250 2727 irriqat.
282 2659 381 2729 supl,
403 2659 464 2730 692.
487 2659 577 2710 Venus

73 2734 192 2786 Ascania
219 2734 355 2824 placidam
383 2756 432 2808 per
462 2739 579 2789 membra

624 2023 647 2074 si
667 2021 740 2074 bene
771 2023 889 2074 memini.
913 2021 1004 2076 Media
1035 2037 1124 2078 autem

624 2114 720 2166 noete,
740 2100 849 2171 quando
868 2102 971 2155 scilicet
986 2122 1067 2166 aura,
1084 2100 1126 2156 iir-

623 2183 717 2252 primis
731 2182 759 2232 in
777 2180 864 2252 plagis
882 2182 1039 2248 maritimis,
1061 2186 1126 2236 oriri

624 2261 667 2313 rel
679 2260 777 2312 mutari
789 2259 875 2324 solet,
888 2272 983 2312 ventus
998 2275 1069 2315 recte
1082 2283 1127 2315 ex·

625 2340 748 2411 ploratur
763 2339 988 2412 agabernator03
1008 2353 1034 2392 et
1054 2341 1128 2392 auri·

627 2421 673 2472 bus
692 2437 785 2471 auram
805 2429 911 2488 captat,
931 2437 964 2472 ex
981 2420 1035 2472 leni
1059 2423 1127 2472 aeris

627 2510 719 2563 motu,
717 2505 721 2512 ’
738 2499 772 2548 ἰιι
801 2497 929 2549 fluctuum
953 2518 985 2552 ac
1007 2499 1128 2552 velorum

613 2579 748 2648 strepitu
778 2577 814 2626 At
842 2575 975 2629 Servius
1006 2578 1130 2630 naturale

627 2658 699 2710 euim
712 2668 766 2721 est,
780 2663 826 2722 ut',
837 2677 853 2707 a
863 2677 917 2730 qua
932 2670 1008 2730 parte
1010 2659 1130 2735 flaturus

627 2749 665 2790 est
679 2747 785 2802 venais,
806 2735 842 2787 ad
858 2756 917 2788 eam
936 2739 1008 2790 auris
1023 2739 1130 2790 admota

74 2812 194 2885 quietem
219 2815 330 2887 irriqat,
360 2816 502 2882 infundit,
531 2816 579 2867 ubi
623 2817 753 2890 fripidior
767 2814 830 2895 fiat.
856 2819 935 2869 tacito
959 2816 1042 2883 coelo,
1067 2821 1131 2888 quia

73 2892 149 2943 vide.
160 2893 194 2942 At
203 2911 274 2945 nune
284 2909 339 2962 est,
351 2897 490 2966 perfundit
499 2915 580 2949 mem-

72 2970 129 3022 bra
139 2988 242 3021 somno.

113 3049 166 3102 512
175 3079 210 3087 -
219 3049 280 3119 517.
293 3052 445 3121 Trajectum
457 3070 489 3104 ex
497 3051 579 3124 Epiro

76 3129 114 3182 ad
143 3127 225 3179 italiae
252 3129 314 3180 litus
333 3132 406 3198 justa
434 3134 579 3201 temporis,

77 3209 156 3281 quod
177 3208 221 3260 ille
241 3209 386 3280 poscebat,
406 3228 531 3262 mensura
551 3224 581 3262 ut

77 3290 231 3343 declararet
243 3302 341 3362 poeta:
354 3290 444 3344 media
457 3290 490 3344 de
502 3304 581 3344 nocte

77 3371 174 3422 classis
193 3370 312 3422 solvitur.
331 3369 452 3421 Necdum
467 3369 529 3421 Nax
543 3389 583 3422 su·

78 3450 156 3511 bibat
170 3451 257 3501 orbem
274 3449 406 3514 medium,
417 3462 510 3503 erecta
523 3464 583 3506 erat

80 3529 181 3581 catum
193 3527 243 3598 (cf.
263 3530 372 3581 Excurs.
386 3529 421 3581 ad
437 3531 476 3595 11,
490 3531 514 3584 8.
528 3531 581 3602 9),

80 3619 143 3660 acta
172 3607 261 3676 boris,
282 3611 411 3680 exquisite
431 3628 482 3680 pro
509 3609 583 3666 boris

81 3689 192 3742 exactis.
219 3688 305 3755 Quem
328 3691 428 3760 poetici
453 3693 582 3744 sermonis

82 3787 164 3820 usum
176 3769 227 3819 nisi
239 3780 344 3834 teneas,
356 3771 442 3838 possis
456 3769 582 3836 Noctem,

82 3853 141 3902 sire
154 3851 210 3917 ejus
223 3848 294 3921 bipes
305 3849 338 3900 ab
347 3841 512 3924 llorisactas,
524 3868 585 3902 sua·

84 3931 220 3981 virerum
243 3931 348 4000 specie,
367 3929 524 4000 intelligere.
550 3929 585 3979 At

85 4005 583 4084 Ηοιιεῂιιιςιιιιιειιιιιιιιιμιοιιιιςιιιιι,

328 4211 336 4238 l

628 2909 718 2949 noctu.
738 2899 772 2948 cf.
792 2896 864 2948 Serv.
881 2898 916 2949 ad
929 2909 1014 2947 totum
1026 2897 1053 2948 h.
1066 2917 1091 2948 v.
1104 2909 1131 2949 et

629 2987 723 3039 notat,
736 2976 807 3044 ioopq'i
815 2975 919 3048 pemiui
933 2977 1043 3040 triones,
1057 2988 1132 3028 utra-

630 3075 682 3126 que
694 3074 765 3106 ursa.
789 3055 841 3110 Sed
858 3054 891 3106 de
909 3053 962 3106 hoc
981 3068 1008 3107 et
1027 3056 1060 3107 de
1073 3068 1130 3107 toto

628 3153 708 3188 versu
722 3131 774 3187 516
786 3155 810 3186 v.
834 3153 892 3205 sup.
907 3133 941 3186 ad
958 3137 970 3186 1
986 3136 1043 3186 AEn.
1061 3136 1131 3204 744,

630 3215 678 3266 ubi
698 3215 770 3266 idem
787 3231 888 3266 versus.
903 3213 1044 3266 Armatam
1065 3234 1132 3266 aura

622 3294 757 3346 'Orionem
764 3331 773 3358 ,
785 3290 920 3362 χρυσάορα,
932 3297 1011 3364 quia,
1021 3307 1051 3345 ut
1062 3295 1133 3348 bene

631 3373 723 3436 sera,
745 3383 770 3422 et
788 3371 888 3425 balteus
910 3375 964 3445 ejus
982 3384 1008 3424 et
1026 3372 1133 3446 gladius

631 3447 1133 3522 clarissimisſsnqiturstellis.Commea-

631 3533 692 3586 tarii
707 3531 767 3582 loco
781 3533 814 3581 sit
833 3533 929 3583 Aratus
943 3551 959 3584 a
972 3533 1132 3590 Germanico

631 3629 738 3666 versus:
749 3611 856 3662 Primus
869 3611 897 3664 in
910 3611 1017 3684 obliquo
1030 3616 1135 3687 rapitur

630 3692 676 3747 sub
685 3701 788 3762 pectore
800 3690 883 3741 Tauri
894 3691 989 3744 Orion:
1001 3691 1133 3746 nonnulla

632 3771 716 3844 mapis
727 3771 816 3822 vicina
828 3771 930 3823 notabit
941 3770 1023 3824 Stella
1033 3774 1132 3837 viram,

613 3867 725 3923 'sparsoe
750 3869 834 3922 quum
855 3848 895 3919 (f.
918 3869 1063 3923 sparsaque
1087 3851 1133 3921 in)

634 3941 686 3983 toto
698 3929 938 4006 carporeflammoe.
953 3928 1018 3981 Tale
1034 3939 1132 3998 caput,

634 4011 789 4084 magnisque
820 4010 935 4064 hameris
967 4008 1004 4060 sic
1035 4005 1136 4060 balteus
