<?xml version="1.0" encoding="UTF-8"?>
<!DOCTYPE html PUBLIC "-//W3C//DTD XHTML 1.0 Transitional//EN"
    "http://www.w3.org/TR/xhtml1/DTD/xhtml1-transitional.dtd">
<html xmlns="http://www.w3.org/1999/xhtml" xml:lang="en" lang="en">
 <head>
  <title>
</title>
<meta http-equiv="Content-Type" content="text/html;charset=utf-8" />
  <meta name='ocr-system' content='tesseract 3.04.00' />
  <meta name='ocr-capabilities' content='ocr_page ocr_carea ocr_par ocr_line ocrx_word'/>
</head>
<body>
  <div class='ocr_page' id='page_1' title='image "./pvirgiliusmaroq00barbgoog_0374.png"; bbox 0 0 2718 4598; ppageno 0'>
   <div class='ocr_carea' id='block_1_1' title="bbox 236 267 1028 340">
    <p class='ocr_par' dir='ltr' id='par_1_1' title="bbox 236 267 1028 340">
     <span class='ocr_line' id='line_1_1' title="bbox 236 267 1028 340; baseline -0.006 0"><span class='ocrx_word' id='word_1_1' title='bbox 236 275 299 340; x_wconf 76' lang='lat'><strong>362</strong></span> <span class='ocrx_word' id='word_1_2' title='bbox 479 271 513 335; x_wconf 88' lang='lat' dir='ltr'><strong>P.</strong></span> <span class='ocrx_word' id='word_1_3' title='bbox 537 267 768 334; x_wconf 86' lang='lat' dir='ltr'><strong>VIRGlLIl</strong></span> <span class='ocrx_word' id='word_1_4' title='bbox 793 269 1028 336; x_wconf 83' lang='lat' dir='ltr'>MARONIS</span> 
     </span>
    </p>
   </div>
   <div class='ocr_carea' id='block_1_2' title="bbox 165 391 1286 1758">
    <p class='ocr_par' dir='ltr' id='par_1_2' title="bbox 231 391 1062 481">
     <span class='ocr_line' id='line_1_2' title="bbox 231 391 1062 481; baseline -0.002 -21"><span class='ocrx_word' id='word_1_5' title='bbox 231 399 273 460; x_wconf 89' lang='lat' dir='ltr'><strong>Et</strong></span> <span class='ocrx_word' id='word_1_6' title='bbox 285 410 405 461; x_wconf 80' lang='lat' dir='ltr'><strong>terram</strong></span> <span class='ocrx_word' id='word_1_7' title='bbox 417 392 493 460; x_wconf 82' lang='lat' dir='ltr'><strong>tubo</strong></span> <span class='ocrx_word' id='word_1_8' title='bbox 505 393 679 459; x_wconf 82' lang='lat' dir='ltr'><strong>maculant.</strong></span> <span class='ocrx_word' id='word_1_9' title='bbox 693 391 777 456; x_wconf 89' lang='lat' dir='ltr'>Mihi</span> <span class='ocrx_word' id='word_1_10' title='bbox 790 391 928 481; x_wconf 83' lang='lat' dir='ltr'><strong>frigidus</strong></span> <span class='ocrx_word' id='word_1_11' title='bbox 939 392 1062 458; x_wconf 88' lang='lat' dir='ltr'><strong>horror</strong></span> 
     </span>
    </p>

    <p class='ocr_par' dir='ltr' id='par_1_3' title="bbox 230 497 1286 672">
     <span class='ocr_line' id='line_1_3' title="bbox 230 497 1286 590; baseline -0.002 -26"><span class='ocrx_word' id='word_1_12' title='bbox 230 500 382 565; x_wconf 81' lang='lat' dir='ltr'><strong>Membra</strong></span> <span class='ocrx_word' id='word_1_13' title='bbox 395 500 514 589; x_wconf 86' lang='lat' dir='ltr'><strong>quatit,</strong></span> <span class='ocrx_word' id='word_1_14' title='bbox 528 497 723 588; x_wconf 85' lang='lat' dir='ltr'><strong>gelidusque</strong></span> <span class='ocrx_word' id='word_1_15' title='bbox 735 498 801 564; x_wconf 88' lang='lat' dir='ltr'><strong>coit</strong></span> <span class='ocrx_word' id='word_1_16' title='bbox 814 497 993 564; x_wconf 82' lang='lat' dir='ltr'><strong>formidine</strong></span> <span class='ocrx_word' id='word_1_17' title='bbox 1006 503 1155 590; x_wconf 77' lang='lat' dir='ltr'><strong>sanguis.</strong></span> <span class='ocrx_word' id='word_1_18' title='bbox 1258 517 1286 562; x_wconf 70' lang='grc' dir='ltr'>ιο</span> 
     </span>
     <span class='ocr_line' id='line_1_4' title="bbox 232 605 1013 672; baseline -0.001 -1"><span class='ocrx_word' id='word_1_19' title='bbox 232 609 357 671; x_wconf 87' lang='lat' dir='ltr'><strong>Rursus</strong></span> <span class='ocrx_word' id='word_1_20' title='bbox 370 622 408 670; x_wconf 90' lang='lat' dir='ltr'><strong>et</strong></span> <span class='ocrx_word' id='word_1_21' title='bbox 414 607 547 672; x_wconf 84' lang='lat' dir='ltr'><strong>alterius</strong></span> <span class='ocrx_word' id='word_1_22' title='bbox 558 607 687 671; x_wconf 90' lang='lat' dir='ltr'><strong>lentum</strong></span> <span class='ocrx_word' id='word_1_23' title='bbox 698 605 888 671; x_wconf 83' lang='lat' dir='ltr'><strong>convellere</strong></span> <span class='ocrx_word' id='word_1_24' title='bbox 900 607 1013 671; x_wconf 83' lang='lat' dir='ltr'>vimen</span> 
     </span>
    </p>

    <p class='ocr_par' dir='ltr' id='par_1_4' title="bbox 232 712 1041 802">
     <span class='ocr_line' id='line_1_5' title="bbox 232 712 1041 802; baseline -0.001 -26"><span class='ocrx_word' id='word_1_25' title='bbox 232 715 408 802; x_wconf 86' lang='lat' dir='ltr'><strong>Insequor,</strong></span> <span class='ocrx_word' id='word_1_26' title='bbox 422 730 455 778; x_wconf 90' lang='lat' dir='ltr'><strong>et</strong></span> <span class='ocrx_word' id='word_1_27' title='bbox 467 735 595 779; x_wconf 79' lang='lat' dir='ltr'>caussas</span> <span class='ocrx_word' id='word_1_28' title='bbox 607 713 740 801; x_wconf 87' lang='lat' dir='ltr'><strong>penitus</strong></span> <span class='ocrx_word' id='word_1_29' title='bbox 752 728 881 777; x_wconf 87' lang='lat' dir='ltr'><strong>tentare</strong></span> <span class='ocrx_word' id='word_1_30' title='bbox 893 712 1041 778; x_wconf 80' lang='lat' dir='ltr'><strong>latentis:</strong></span> 
     </span>
    </p>

    <p class='ocr_par' dir='ltr' id='par_1_5' title="bbox 232 813 1005 910">
     <span class='ocr_line' id='line_1_6' title="bbox 232 813 1005 910; baseline 0.003 -29"><span class='ocrx_word' id='word_1_31' title='bbox 232 820 311 882; x_wconf 86' lang='lat' dir='ltr'><strong>Ater</strong></span> <span class='ocrx_word' id='word_1_32' title='bbox 323 835 355 882; x_wconf 93' lang='lat' dir='ltr'><strong>et</strong></span> <span class='ocrx_word' id='word_1_33' title='bbox 366 819 500 885; x_wconf 85' lang='lat' dir='ltr'><strong>alterius</strong></span> <span class='ocrx_word' id='word_1_34' title='bbox 512 813 662 910; x_wconf 82' lang='lat' dir='ltr'><strong>sequitur</strong></span> <span class='ocrx_word' id='word_1_35' title='bbox 673 818 715 884; x_wconf 91' lang='lat' dir='ltr'><strong>de</strong></span> <span class='ocrx_word' id='word_1_36' title='bbox 729 820 851 886; x_wconf 83' lang='lat' dir='ltr'><strong>cortice</strong></span> <span class='ocrx_word' id='word_1_37' title='bbox 864 821 1005 908; x_wconf 85' lang='lat' dir='ltr'><strong>sanguis.</strong></span> 
     </span>
    </p>

    <p class='ocr_par' dir='ltr' id='par_1_6' title="bbox 230 925 1280 1232">
     <span class='ocr_line' id='line_1_7' title="bbox 230 925 1163 1016; baseline 0.003 -27"><span class='ocrx_word' id='word_1_38' title='bbox 230 925 336 989; x_wconf 88' lang='lat' dir='ltr'><strong>Multa</strong></span> <span class='ocrx_word' id='word_1_39' title='bbox 347 949 483 991; x_wconf 81' lang='lat' dir='ltr'><strong>movens</strong></span> <span class='ocrx_word' id='word_1_40' title='bbox 495 927 619 1006; x_wconf 85' lang='lat' dir='ltr'><strong>animo,</strong></span> <span class='ocrx_word' id='word_1_41' title='bbox 633 926 801 1016; x_wconf 72' lang='lat' dir='ltr'><strong>Nymphas</strong></span> <span class='ocrx_word' id='word_1_42' title='bbox 813 926 995 992; x_wconf 80' lang='lat' dir='ltr'><strong>venerabar</strong></span> <span class='ocrx_word' id='word_1_43' title='bbox 1005 929 1163 1015; x_wconf 81' lang='lat' dir='ltr'><strong>agrestis,</strong></span> 
     </span>
     <span class='ocr_line' id='line_1_8' title="bbox 230 1030 1280 1123; baseline -0.004 -27"><span class='ocrx_word' id='word_1_44' title='bbox 230 1030 477 1123; x_wconf 84' lang='lat' dir='ltr'><strong>Gradivumque</strong></span> <span class='ocrx_word' id='word_1_45' title='bbox 489 1049 630 1122; x_wconf 84' lang='lat' dir='ltr'><strong>patrem,</strong></span> <span class='ocrx_word' id='word_1_46' title='bbox 644 1034 767 1099; x_wconf 83' lang='lat' dir='ltr'><strong>Getieis</strong></span> <span class='ocrx_word' id='word_1_47' title='bbox 780 1034 838 1122; x_wconf 93' lang='lat' dir='ltr'><strong>qui</strong></span> <span class='ocrx_word' id='word_1_48' title='bbox 850 1032 1006 1122; x_wconf 80' lang='lat' dir='ltr'><strong>praeeidet</strong></span> <span class='ocrx_word' id='word_1_49' title='bbox 1016 1035 1124 1098; x_wconf 84' lang='lat' dir='ltr'><strong>arvis:</strong></span> <span class='ocrx_word' id='word_1_50' title='bbox 1254 1045 1280 1092; x_wconf 78' lang='lat'><strong>35</strong></span> 
     </span>
     <span class='ocr_line' id='line_1_9' title="bbox 230 1136 1138 1232; baseline 0.003 -32"><span class='ocrx_word' id='word_1_51' title='bbox 230 1138 305 1232; x_wconf 75' lang='lat' dir='ltr'><strong>liite</strong></span> <span class='ocrx_word' id='word_1_52' title='bbox 317 1138 535 1204; x_wconf 85' lang='lat' dir='ltr'><strong>secundarent</strong></span> <span class='ocrx_word' id='word_1_53' title='bbox 546 1141 650 1219; x_wconf 84' lang='lat' dir='ltr'><strong>visus,</strong></span> <span class='ocrx_word' id='word_1_54' title='bbox 665 1161 832 1229; x_wconf 90' lang='lat' dir='ltr'><strong>omenque</strong></span> <span class='ocrx_word' id='word_1_55' title='bbox 844 1140 1004 1204; x_wconf 78' lang='lat' dir='ltr'><strong>levarent.</strong></span> <span class='ocrx_word' id='word_1_56' title='bbox 1135 1136 1138 1141; x_wconf 68' lang='grc'><strong>’</strong></span> 
     </span>
    </p>

    <p class='ocr_par' dir='ltr' id='par_1_7' title="bbox 165 1242 967 1335">
     <span class='ocr_line' id='line_1_10' title="bbox 165 1242 967 1335; baseline -0.002 -25"><span class='ocrx_word' id='word_1_57' title='bbox 165 1249 168 1259; x_wconf 85' lang='grc'><em>“</em></span> <span class='ocrx_word' id='word_1_58' title='bbox 229 1245 342 1310; x_wconf 81' lang='lat' dir='ltr'><strong>Tertia</strong></span> <span class='ocrx_word' id='word_1_59' title='bbox 354 1242 413 1309; x_wconf 85' lang='lat' dir='ltr'><strong>sed</strong></span> <span class='ocrx_word' id='word_1_60' title='bbox 424 1261 600 1334; x_wconf 86' lang='lat' dir='ltr'>postquam</span> <span class='ocrx_word' id='word_1_61' title='bbox 612 1244 736 1335; x_wconf 86' lang='lat' dir='ltr'><strong>majore</strong></span> <span class='ocrx_word' id='word_1_62' title='bbox 749 1244 878 1309; x_wconf 86' lang='lat' dir='ltr'><strong>hastilia</strong></span> <span class='ocrx_word' id='word_1_63' title='bbox 891 1245 967 1309; x_wconf 90' lang='lat' dir='ltr'><strong>nisu</strong></span> 
     </span>
    </p>

    <p class='ocr_par' dir='ltr' id='par_1_8' title="bbox 229 1349 1116 1546">
     <span class='ocr_line' id='line_1_11' title="bbox 230 1349 1116 1442; baseline -0.002 -26"><span class='ocrx_word' id='word_1_64' title='bbox 230 1349 432 1438; x_wconf 78' lang='lat' dir='ltr'><strong>Adgredior3</strong></span> <span class='ocrx_word' id='word_1_65' title='bbox 445 1351 651 1442; x_wconf 77' lang='lat' dir='ltr'><strong>genibusque</strong></span> <span class='ocrx_word' id='word_1_66' title='bbox 662 1350 809 1418; x_wconf 82' lang='lat' dir='ltr'><strong>adversae</strong></span> <span class='ocrx_word' id='word_1_67' title='bbox 823 1350 977 1416; x_wconf 89' lang='lat' dir='ltr'><strong>obluctor</strong></span> <span class='ocrx_word' id='word_1_68' title='bbox 987 1373 1116 1416; x_wconf 82' lang='lat' dir='ltr'><strong>arenae:</strong></span> 
     </span>
     <span class='ocr_line' id='line_1_12' title="bbox 229 1455 1048 1546; baseline -0.002 -24"><span class='ocrx_word' id='word_1_69' title='bbox 229 1458 389 1546; x_wconf 84' lang='lat' dir='ltr'><strong>Eloquar,</strong></span> <span class='ocrx_word' id='word_1_70' title='bbox 404 1479 445 1520; x_wconf 88' lang='lat' dir='ltr'><strong>an</strong></span> <span class='ocrx_word' id='word_1_71' title='bbox 458 1457 595 1522; x_wconf 80' lang='lat' dir='ltr'><strong>sileam?</strong></span> <span class='ocrx_word' id='word_1_72' title='bbox 606 1459 747 1546; x_wconf 75' lang='lat' dir='ltr'><strong>gemitus</strong></span> <span class='ocrx_word' id='word_1_73' title='bbox 760 1455 968 1523; x_wconf 83' lang='lat' dir='ltr'>lacrimabilis</span> <span class='ocrx_word' id='word_1_74' title='bbox 980 1457 1048 1520; x_wconf 89' lang='lat' dir='ltr'><strong>imo</strong></span> 
     </span>
    </p>

    <p class='ocr_par' dir='ltr' id='par_1_9' title="bbox 228 1557 1280 1758">
     <span class='ocr_line' id='line_1_13' title="bbox 229 1557 1280 1644; baseline 0 -14"><span class='ocrx_word' id='word_1_75' title='bbox 229 1562 372 1630; x_wconf 88' lang='lat' dir='ltr'><strong>Auditur</strong></span> <span class='ocrx_word' id='word_1_76' title='bbox 383 1563 527 1644; x_wconf 85' lang='lat' dir='ltr'><strong>tumulo,</strong></span> <span class='ocrx_word' id='word_1_77' title='bbox 541 1580 573 1628; x_wconf 90' lang='lat' dir='ltr'><strong>et</strong></span> <span class='ocrx_word' id='word_1_78' title='bbox 585 1586 648 1627; x_wconf 85' lang='lat' dir='ltr'><strong>vox</strong></span> <span class='ocrx_word' id='word_1_79' title='bbox 661 1561 791 1628; x_wconf 87' lang='lat' dir='ltr'><strong>reddita</strong></span> <span class='ocrx_word' id='word_1_80' title='bbox 803 1563 910 1627; x_wconf 86' lang='lat' dir='ltr'><strong>fertur</strong></span> <span class='ocrx_word' id='word_1_81' title='bbox 920 1562 963 1626; x_wconf 84' lang='lat' dir='ltr'><strong>ad</strong></span> <span class='ocrx_word' id='word_1_82' title='bbox 974 1557 1080 1626; x_wconf 45' lang='lat' dir='ltr'><strong>auris&#39;:</strong></span> <span class='ocrx_word' id='word_1_83' title='bbox 1256 1575 1280 1630; x_wconf 70' lang='lat' dir='ltr'><strong>lv</strong></span> 
     </span>
     <span class='ocr_line' id='line_1_14' title="bbox 228 1667 1142 1758; baseline -0.003 -25"><span class='ocrx_word' id='word_1_84' title='bbox 228 1667 318 1752; x_wconf 89' lang='lat' dir='ltr'><strong>Quid</strong></span> <span class='ocrx_word' id='word_1_85' title='bbox 330 1669 501 1747; x_wconf 87' lang='lat' dir='ltr'><strong>miserum,</strong></span> <span class='ocrx_word' id='word_1_86' title='bbox 515 1671 631 1746; x_wconf 85' lang='lat' dir='ltr'><strong>AEnea,</strong></span> <span class='ocrx_word' id='word_1_87' title='bbox 645 1667 789 1732; x_wconf 77' lang='lat' dir='ltr'><strong>laceras?</strong></span> <span class='ocrx_word' id='word_1_88' title='bbox 795 1667 865 1758; x_wconf 89' lang='lat' dir='ltr'><strong>jam</strong></span> <span class='ocrx_word' id='word_1_89' title='bbox 877 1688 976 1754; x_wconf 83' lang='lat' dir='ltr'><strong>perce</strong></span> <span class='ocrx_word' id='word_1_90' title='bbox 988 1667 1142 1754; x_wconf 82' lang='lat' dir='ltr'><strong>sepult03</strong></span> 
     </span>
    </p>
   </div>
   <div class='ocr_carea' id='block_1_3' title="bbox 228 1841 1284 2531">
    <p class='ocr_par' dir='ltr' id='par_1_10' title="bbox 228 1841 1284 2531">
     <span class='ocr_line' id='line_1_15' title="bbox 261 1841 1282 1908; baseline -0.007 -14"><span class='ocrx_word' id='word_1_91' title='bbox 261 1847 298 1894; x_wconf 86' lang='lat'><strong>33.</strong></span> <span class='ocrx_word' id='word_1_92' title='bbox 313 1845 380 1891; x_wconf 79' lang='lat' dir='ltr'><strong>Alter</strong></span> <span class='ocrx_word' id='word_1_93' title='bbox 388 1845 457 1892; x_wconf 85' lang='lat' dir='ltr'>codd.</span> <span class='ocrx_word' id='word_1_94' title='bbox 470 1844 579 1908; x_wconf 89' lang='lat' dir='ltr'><strong>plerique</strong></span> <span class='ocrx_word' id='word_1_95' title='bbox 589 1846 651 1891; x_wconf 86' lang='lat' dir='ltr'><strong>Pier.</strong></span> <span class='ocrx_word' id='word_1_96' title='bbox 668 1856 691 1890; x_wconf 89' lang='lat' dir='ltr'><strong>et</strong></span> <span class='ocrx_word' id='word_1_97' title='bbox 706 1845 787 1891; x_wconf 84' lang='lat' dir='ltr'><strong>lleina.</strong></span> <span class='ocrx_word' id='word_1_98' title='bbox 799 1847 870 1892; x_wconf 84' lang='lat' dir='ltr'><strong>etiam</strong></span> <span class='ocrx_word' id='word_1_99' title='bbox 882 1843 936 1891; x_wconf 87' lang='lat' dir='ltr'><strong>edd.</strong></span> <span class='ocrx_word' id='word_1_100' title='bbox 948 1879 954 1900; x_wconf 94' lang='lat'><strong><em>‚</em></strong></span> <span class='ocrx_word' id='word_1_101' title='bbox 968 1841 1069 1900; x_wconf 78' lang='lat' dir='ltr'><strong>aollenni</strong></span> <span class='ocrx_word' id='word_1_102' title='bbox 1080 1843 1161 1906; x_wconf 77' lang='lat' dir='ltr'><strong>lapsu.</strong></span> <span class='ocrx_word' id='word_1_103' title='bbox 1176 1843 1282 1907; x_wconf 76' lang='lat' dir='ltr'><strong>Alterque</strong></span> 
     </span>
     <span class='ocr_line' id='line_1_16' title="bbox 229 1914 1283 1978; baseline -0.003 -13"><span class='ocrx_word' id='word_1_104' title='bbox 229 1917 323 1965; x_wconf 71' lang='lat' dir='ltr'><strong>alterius</strong></span> <span class='ocrx_word' id='word_1_105' title='bbox 334 1917 422 1963; x_wconf 76' lang='lat' dir='ltr'><strong>zulich.</strong></span> <span class='ocrx_word' id='word_1_106' title='bbox 438 1918 526 1962; x_wconf 81' lang='lat' dir='ltr'><strong>Rursus</strong></span> <span class='ocrx_word' id='word_1_107' title='bbox 542 1925 565 1962; x_wconf 84' lang='lat' dir='ltr'><strong>et</strong></span> <span class='ocrx_word' id='word_1_108' title='bbox 581 1915 675 1962; x_wconf 77' lang='lat' dir='ltr'><strong>alterius</strong></span> <span class='ocrx_word' id='word_1_109' title='bbox 691 1917 817 1978; x_wconf 85' lang='lat' dir='ltr'><strong>llamburg.</strong></span> <span class='ocrx_word' id='word_1_110' title='bbox 832 1933 867 1978; x_wconf 91' lang='lat' dir='ltr'><strong>pr.</strong></span> <span class='ocrx_word' id='word_1_111' title='bbox 886 1931 898 1961; x_wconf 86' lang='lat' dir='ltr'><strong>a</strong></span> <span class='ocrx_word' id='word_1_112' title='bbox 915 1932 945 1961; x_wconf 89' lang='lat' dir='ltr'><strong>m.</strong></span> <span class='ocrx_word' id='word_1_113' title='bbox 963 1932 998 1978; x_wconf 86' lang='lat' dir='ltr'><strong>pr.</strong></span> <span class='ocrx_word' id='word_1_114' title='bbox 1015 1914 1108 1962; x_wconf 82' lang='lat' dir='ltr'><strong>alteret</strong></span> <span class='ocrx_word' id='word_1_115' title='bbox 1121 1933 1145 1961; x_wconf 84' lang='lat' dir='ltr'><strong>a.</strong></span> <span class='ocrx_word' id='word_1_116' title='bbox 1162 1932 1217 1962; x_wconf 86' lang='grc' dir='ltr'>ιιιιι.</span> <span class='ocrx_word' id='word_1_117' title='bbox 1228 1932 1283 1962; x_wconf 80' lang='lat' dir='ltr'><strong>a.-</strong></span> 
     </span>
     <span class='ocr_line' id='line_1_17' title="bbox 230 1987 1283 2054; baseline -0.005 -17"><span class='ocrx_word' id='word_1_118' title='bbox 230 1990 270 2038; x_wconf 82' lang='lat'><strong>35.</strong></span> <span class='ocrx_word' id='word_1_119' title='bbox 283 1990 448 2053; x_wconf 79' lang='lat' dir='ltr'><strong>Gradioomque</strong></span> <span class='ocrx_word' id='word_1_120' title='bbox 460 1987 520 2033; x_wconf 88' lang='lat' dir='ltr'><strong>Gud.</strong></span> <span class='ocrx_word' id='word_1_121' title='bbox 533 2005 546 2034; x_wconf 84' lang='grc' dir='ltr'><strong>ιι</strong></span> <span class='ocrx_word' id='word_1_122' title='bbox 558 2004 589 2033; x_wconf 86' lang='grc' dir='ltr'>ιιι.</span> <span class='ocrx_word' id='word_1_123' title='bbox 600 2005 636 2052; x_wconf 89' lang='lat' dir='ltr'><strong>pr.</strong></span> <span class='ocrx_word' id='word_1_124' title='bbox 652 1991 718 2053; x_wconf 90' lang='lat' dir='ltr'><strong>quod</strong></span> <span class='ocrx_word' id='word_1_125' title='bbox 734 1989 864 2054; x_wconf 72' lang='lat' dir='ltr'><strong>preferant.</strong></span> <span class='ocrx_word' id='word_1_126' title='bbox 879 1987 965 2034; x_wconf 83' lang='lat' dir='ltr'><strong>Mirum</strong></span> <span class='ocrx_word' id='word_1_127' title='bbox 977 1999 1056 2034; x_wconf 87' lang='lat' dir='ltr'><strong>autem</strong></span> <span class='ocrx_word' id='word_1_128' title='bbox 1067 1991 1093 2034; x_wconf 88' lang='lat' dir='ltr'><strong>in</strong></span> <span class='ocrx_word' id='word_1_129' title='bbox 1105 1987 1152 2034; x_wconf 86' lang='lat' dir='ltr'><strong>bac</strong></span> <span class='ocrx_word' id='word_1_130' title='bbox 1161 2003 1221 2033; x_wconf 80' lang='lat' dir='ltr'><strong>voce</strong></span> <span class='ocrx_word' id='word_1_131' title='bbox 1235 1987 1283 2049; x_wconf 93' lang='lat' dir='ltr'><strong>pri-</strong></span> 
     </span>
     <span class='ocr_line' id='line_1_18' title="bbox 229 2057 1282 2125; baseline -0.005 -18"><span class='ocrx_word' id='word_1_132' title='bbox 229 2077 292 2107; x_wconf 75' lang='lat' dir='ltr'><strong>mam</strong></span> <span class='ocrx_word' id='word_1_133' title='bbox 301 2062 409 2123; x_wconf 86' lang='lat' dir='ltr'><strong>produci.</strong></span> <span class='ocrx_word' id='word_1_134' title='bbox 420 2061 500 2108; x_wconf 80' lang='lat' dir='ltr'><strong>Brevis</strong></span> <span class='ocrx_word' id='word_1_135' title='bbox 513 2073 547 2106; x_wconf 77' lang='lat' dir='ltr'><strong>eat</strong></span> <span class='ocrx_word' id='word_1_136' title='bbox 559 2061 622 2123; x_wconf 82' lang='lat' dir='ltr'><strong>apud</strong></span> <span class='ocrx_word' id='word_1_137' title='bbox 636 2062 719 2110; x_wconf 87' lang='lat' dir='ltr'><strong>Silium</strong></span> <span class='ocrx_word' id='word_1_138' title='bbox 731 2062 782 2116; x_wconf 87' lang='lat' dir='ltr'><strong>XV,</strong></span> <span class='ocrx_word' id='word_1_139' title='bbox 797 2061 831 2106; x_wconf 83' lang='lat'><strong>15.</strong></span> <span class='ocrx_word' id='word_1_140' title='bbox 843 2059 1033 2125; x_wconf 64' lang='lat' dir='ltr'><strong>grandaevumque</strong></span> <span class='ocrx_word' id='word_1_141' title='bbox 1044 2061 1101 2106; x_wconf 90' lang='lat' dir='ltr'><strong>duo.</strong></span> <span class='ocrx_word' id='word_1_142' title='bbox 1115 2062 1188 2104; x_wconf 72' lang='lat' dir='ltr'><strong>armss</strong></span> <span class='ocrx_word' id='word_1_143' title='bbox 1202 2057 1282 2104; x_wconf 82' lang='lat' dir='ltr'><strong>Hamb.</strong></span> 
     </span>
     <span class='ocr_line' id='line_1_19' title="bbox 228 2129 1284 2192; baseline -0.005 -15"><span class='ocrx_word' id='word_1_144' title='bbox 228 2147 276 2177; x_wconf 76' lang='lat' dir='ltr'><strong>aec.</strong></span> <span class='ocrx_word' id='word_1_145' title='bbox 287 2133 332 2177; x_wconf 83' lang='lat' dir='ltr'><strong>on&#39;s</strong></span> <span class='ocrx_word' id='word_1_146' title='bbox 343 2131 435 2192; x_wconf 88' lang='lat' dir='ltr'><strong>Menag.</strong></span> <span class='ocrx_word' id='word_1_147' title='bbox 445 2129 562 2192; x_wconf 58' lang='lat' dir='ltr'><strong>lin-36.</strong></span> <span class='ocrx_word' id='word_1_148' title='bbox 575 2132 709 2180; x_wconf 71' lang='lat' dir='ltr'><strong>mundam</strong></span> <span class='ocrx_word' id='word_1_149' title='bbox 717 2141 741 2178; x_wconf 85' lang='lat' dir='ltr'><strong>et</strong></span> <span class='ocrx_word' id='word_1_150' title='bbox 752 2129 836 2176; x_wconf 74' lang='lat' dir='ltr'><strong>levam</strong></span> <span class='ocrx_word' id='word_1_151' title='bbox 844 2131 987 2176; x_wconf 78' lang='lat' dir='ltr'><strong>Wittiau.¹et</strong></span> <span class='ocrx_word' id='word_1_152' title='bbox 998 2130 1068 2178; x_wconf 80' lang='lat' dir='ltr'><strong>Gotb.</strong></span> <span class='ocrx_word' id='word_1_153' title='bbox 1079 2145 1126 2178; x_wconf 79' lang='lat' dir='ltr'><strong>aec.</strong></span> <span class='ocrx_word' id='word_1_154' title='bbox 1136 2154 1170 2164; x_wconf 98' lang='lat'><em>-</em></span> <span class='ocrx_word' id='word_1_155' title='bbox 1180 2129 1219 2190; x_wconf 87' lang='lat'><strong>37.</strong></span> <span class='ocrx_word' id='word_1_156' title='bbox 1230 2130 1284 2172; x_wconf 62' lang='lat' dir='ltr'><strong>Tm</strong></span> 
     </span>
     <span class='ocr_line' id='line_1_20' title="bbox 230 2201 1282 2268; baseline -0.006 -20"><span class='ocrx_word' id='word_1_157' title='bbox 230 2203 261 2248; x_wconf 83' lang='lat' dir='ltr'><strong>tr&#39;u</strong></span> <span class='ocrx_word' id='word_1_158' title='bbox 272 2203 343 2248; x_wconf 73' lang='lat' dir='ltr'><strong>Cario.</strong></span> <span class='ocrx_word' id='word_1_159' title='bbox 353 2219 375 2248; x_wconf 84' lang='lat' dir='ltr'><strong>v.</strong></span> <span class='ocrx_word' id='word_1_160' title='bbox 385 2203 446 2248; x_wconf 86' lang='lat' dir='ltr'><strong>Pier.</strong></span> <span class='ocrx_word' id='word_1_161' title='bbox 457 2214 480 2248; x_wconf 84' lang='lat' dir='ltr'><strong>et</strong></span> <span class='ocrx_word' id='word_1_162' title='bbox 487 2203 567 2249; x_wconf 74' lang='lat' dir='ltr'><strong>Heius.</strong></span> <span class='ocrx_word' id='word_1_163' title='bbox 575 2207 657 2268; x_wconf 79' lang='lat' dir='ltr'><strong>mojori</strong></span> <span class='ocrx_word' id='word_1_164' title='bbox 664 2203 731 2252; x_wconf 77' lang='lat' dir='ltr'><strong>beiti.</strong></span> <span class='ocrx_word' id='word_1_165' title='bbox 741 2207 792 2248; x_wconf 81' lang='lat' dir='ltr'><strong>ni&#39;su</strong></span> <span class='ocrx_word' id='word_1_166' title='bbox 801 2203 880 2248; x_wconf 84' lang='lat' dir='ltr'><strong>lleim.</strong></span> <span class='ocrx_word' id='word_1_167' title='bbox 889 2218 918 2248; x_wconf 82' lang='lat' dir='ltr'><strong>ex</strong></span> <span class='ocrx_word' id='word_1_168' title='bbox 927 2201 997 2248; x_wconf 84' lang='lat' dir='ltr'><strong>codd.</strong></span> <span class='ocrx_word' id='word_1_169' title='bbox 1006 2214 1029 2249; x_wconf 90' lang='lat' dir='ltr'><strong>et</strong></span> <span class='ocrx_word' id='word_1_170' title='bbox 1038 2201 1093 2248; x_wconf 88' lang='lat' dir='ltr'><strong>edd.</strong></span> <span class='ocrx_word' id='word_1_171' title='bbox 1102 2212 1161 2248; x_wconf 78' lang='lat' dir='ltr'><strong>vett.</strong></span> <span class='ocrx_word' id='word_1_172' title='bbox 1168 2201 1282 2262; x_wconf 75' lang='lat' dir='ltr'><strong>reposuit.</strong></span> 
     </span>
     <span class='ocr_line' id='line_1_21' title="bbox 228 2267 1283 2335; baseline 0 -20"><span class='ocrx_word' id='word_1_173' title='bbox 228 2270 307 2334; x_wconf 84' lang='lat' dir='ltr'><strong>Vulgo</strong></span> <span class='ocrx_word' id='word_1_174' title='bbox 315 2275 379 2316; x_wconf 68' lang='lat' dir='ltr'><strong>nun.</strong></span> <span class='ocrx_word' id='word_1_175' title='bbox 392 2271 423 2318; x_wconf 84' lang='lat' dir='ltr'><strong>cl.</strong></span> <span class='ocrx_word' id='word_1_176' title='bbox 435 2273 497 2318; x_wconf 85' lang='lat' dir='ltr'><strong>Pier.</strong></span> <span class='ocrx_word' id='word_1_177' title='bbox 505 2271 580 2319; x_wconf 83' lang='lat'><strong>-38.</strong></span> <span class='ocrx_word' id='word_1_178' title='bbox 593 2289 678 2320; x_wconf 75' lang='lat' dir='ltr'><strong>averse</strong></span> <span class='ocrx_word' id='word_1_179' title='bbox 689 2274 749 2320; x_wconf 88' lang='lat' dir='ltr'><strong>alter</strong></span> <span class='ocrx_word' id='word_1_180' title='bbox 757 2271 868 2319; x_wconf 81' lang='lat' dir='ltr'><strong>llottend.</strong></span> <span class='ocrx_word' id='word_1_181' title='bbox 878 2296 909 2307; x_wconf 93' lang='lat'>-</span> <span class='ocrx_word' id='word_1_182' title='bbox 921 2270 957 2332; x_wconf 92' lang='grc'><strong>39</strong></span> <span class='ocrx_word' id='word_1_183' title='bbox 968 2269 1073 2335; x_wconf 80' lang='lat' dir='ltr'><strong>alloquar</strong></span> <span class='ocrx_word' id='word_1_184' title='bbox 1081 2271 1143 2317; x_wconf 86' lang='lat' dir='ltr'><strong>Ven.</strong></span> <span class='ocrx_word' id='word_1_185' title='bbox 1151 2267 1230 2324; x_wconf 70' lang='lat' dir='ltr'><strong>-do</strong></span> <span class='ocrx_word' id='word_1_186' title='bbox 1241 2283 1283 2311; x_wconf 81' lang='lat' dir='ltr'><strong>au·</strong></span> 
     </span>
     <span class='ocr_line' id='line_1_22' title="bbox 228 2339 1284 2404; baseline -0.003 -18"><span class='ocrx_word' id='word_1_187' title='bbox 228 2341 314 2387; x_wconf 73' lang='lat' dir='ltr'><strong>ditare</strong></span> <span class='ocrx_word' id='word_1_188' title='bbox 329 2352 375 2389; x_wconf 78' lang='lat' dir='ltr'><strong>vet.</strong></span> <span class='ocrx_word' id='word_1_189' title='bbox 394 2341 446 2387; x_wconf 82' lang='lat' dir='ltr'><strong>cod.</strong></span> <span class='ocrx_word' id='word_1_190' title='bbox 463 2339 572 2389; x_wconf 83' lang='lat' dir='ltr'><strong>laudatur</strong></span> <span class='ocrx_word' id='word_1_191' title='bbox 589 2347 614 2389; x_wconf 91' lang='lat' dir='ltr'><strong>in</strong></span> <span class='ocrx_word' id='word_1_192' title='bbox 630 2347 754 2392; x_wconf 76' lang='lat' dir='ltr'><strong>Servianis.</strong></span> <span class='ocrx_word' id='word_1_193' title='bbox 770 2353 792 2389; x_wconf 84' lang='lat' dir='ltr'><strong>et</strong></span> <span class='ocrx_word' id='word_1_194' title='bbox 810 2343 876 2390; x_wconf 82' lang='lat' dir='ltr'><strong>deest</strong></span> <span class='ocrx_word' id='word_1_195' title='bbox 892 2342 984 2404; x_wconf 85' lang='lat' dir='ltr'><strong>Menag.</strong></span> <span class='ocrx_word' id='word_1_196' title='bbox 996 2359 1032 2404; x_wconf 88' lang='lat' dir='ltr'><strong>pr.</strong></span> <span class='ocrx_word' id='word_1_197' title='bbox 1049 2342 1081 2388; x_wconf 79' lang='lat' dir='ltr'><strong>ad</strong></span> <span class='ocrx_word' id='word_1_198' title='bbox 1094 2357 1166 2386; x_wconf 77' lang='lat' dir='ltr'><strong>auras</strong></span> <span class='ocrx_word' id='word_1_199' title='bbox 1181 2350 1284 2403; x_wconf 86' lang='lat' dir='ltr'><strong>quatuor</strong></span> 
     </span>
     <span class='ocr_line' id='line_1_23' title="bbox 228 2407 1284 2478; baseline -0.006 -18"><span class='ocrx_word' id='word_1_200' title='bbox 228 2415 371 2468; x_wconf 79' lang='lat' dir='ltr'><strong>Burmann,</strong></span> <span class='ocrx_word' id='word_1_201' title='bbox 387 2424 414 2458; x_wconf 89' lang='lat' dir='ltr'><strong>ut</strong></span> <span class='ocrx_word' id='word_1_202' title='bbox 429 2427 489 2475; x_wconf 76' lang='lat' dir='ltr'><strong>saepe</strong></span> <span class='ocrx_word' id='word_1_203' title='bbox 506 2413 575 2472; x_wconf 80' lang='lat' dir='ltr'><strong>alibi,</strong></span> <span class='ocrx_word' id='word_1_204' title='bbox 593 2419 625 2463; x_wconf 76' lang='lat' dir='ltr'><strong>tie</strong></span> <span class='ocrx_word' id='word_1_205' title='bbox 643 2416 685 2462; x_wconf 84' lang='lat' dir='ltr'><strong>int.</strong></span> <span class='ocrx_word' id='word_1_206' title='bbox 702 2415 740 2478; x_wconf 85' lang='grc'><strong>93.</strong></span> <span class='ocrx_word' id='word_1_207' title='bbox 750 2413 829 2472; x_wconf 70' lang='grc' dir='ltr'>-ἀι-</span> <span class='ocrx_word' id='word_1_208' title='bbox 842 2412 960 2478; x_wconf 78' lang='lat' dir='ltr'><strong>sepulchro</strong></span> <span class='ocrx_word' id='word_1_209' title='bbox 975 2412 1044 2459; x_wconf 84' lang='lat' dir='ltr'><strong>codd.</strong></span> <span class='ocrx_word' id='word_1_210' title='bbox 1061 2423 1084 2458; x_wconf 91' lang='lat' dir='ltr'><strong>et</strong></span> <span class='ocrx_word' id='word_1_211' title='bbox 1100 2413 1208 2457; x_wconf 75' lang='lat' dir='ltr'><strong>Donatus</strong></span> <span class='ocrx_word' id='word_1_212' title='bbox 1220 2407 1284 2472; x_wconf 83' lang='lat' dir='ltr'><strong>apud</strong></span> 
     </span>
     <span class='ocr_line' id='line_1_24' title="bbox 229 2483 344 2531; baseline -0.009 -3"><span class='ocrx_word' id='word_1_213' title='bbox 229 2483 344 2531; x_wconf 71' lang='lat' dir='ltr'><strong>Pretium.</strong></span> 
     </span>
    </p>
   </div>
   <div class='ocr_carea' id='block_1_4' title="bbox 227 2631 1282 3344">
    <p class='ocr_par' dir='ltr' id='par_1_11' title="bbox 227 2631 1282 3101">
     <span class='ocr_line' id='line_1_25' title="bbox 229 2631 1280 2708; baseline 0.004 -23"><span class='ocrx_word' id='word_1_214' title='bbox 229 2635 396 2704; x_wconf 67' lang='lat' dir='ltr'><strong>sangninem,</strong></span> <span class='ocrx_word' id='word_1_215' title='bbox 421 2649 471 2702; x_wconf 91' lang='lat' dir='ltr'><strong>pro</strong></span> <span class='ocrx_word' id='word_1_216' title='bbox 498 2651 579 2687; x_wconf 81' lang='lat' dir='ltr'><strong>succo</strong></span> <span class='ocrx_word' id='word_1_217' title='bbox 612 2638 727 2700; x_wconf 85' lang='lat' dir='ltr'><strong>scilicet;</strong></span> <span class='ocrx_word' id='word_1_218' title='bbox 777 2639 810 2690; x_wconf 88' lang='lat' dir='ltr'><strong>H.</strong></span> <span class='ocrx_word' id='word_1_219' title='bbox 821 2640 848 2690; x_wconf 89' lang='lat' dir='ltr'><strong>in</strong></span> <span class='ocrx_word' id='word_1_220' title='bbox 858 2635 1050 2708; x_wconf 67' lang='lat' dir='ltr'><strong>Gerbpollon.</strong></span> <span class='ocrx_word' id='word_1_221' title='bbox 1059 2631 1166 2706; x_wconf 77' lang='lat' dir='ltr'><strong>Argll,</strong></span> <span class='ocrx_word' id='word_1_222' title='bbox 1179 2632 1232 2700; x_wconf 77' lang='grc'><strong>479</strong></span> <span class='ocrx_word' id='word_1_223' title='bbox 1240 2648 1280 2700; x_wconf 80' lang='lat' dir='ltr'><strong>sq·</strong></span> 
     </span>
     <span class='ocr_line' id='line_1_26' title="bbox 230 2711 1282 2790; baseline -0.003 -28"><span class='ocrx_word' id='word_1_224' title='bbox 230 2713 338 2784; x_wconf 86' lang='lat' dir='ltr'><strong>proprie</strong></span> <span class='ocrx_word' id='word_1_225' title='bbox 353 2712 460 2782; x_wconf 82' lang='lat' dir='ltr'><strong>sanguis</strong></span> <span class='ocrx_word' id='word_1_226' title='bbox 478 2712 603 2783; x_wconf 85' lang='lat' dir='ltr'><strong>liquitur,</strong></span> <span class='ocrx_word' id='word_1_227' title='bbox 619 2713 727 2781; x_wconf 69' lang='lat' dir='ltr'><strong>elueret,</strong></span> <span class='ocrx_word' id='word_1_228' title='bbox 777 2717 804 2769; x_wconf 81' lang='lat' dir='ltr'><strong>st</strong></span> <span class='ocrx_word' id='word_1_229' title='bbox 824 2716 890 2790; x_wconf 87' lang='lat' dir='ltr'><strong>qnid</strong></span> <span class='ocrx_word' id='word_1_230' title='bbox 907 2717 1003 2768; x_wconf 85' lang='lat' dir='ltr'><strong>mirum</strong></span> <span class='ocrx_word' id='word_1_231' title='bbox 1020 2712 1107 2766; x_wconf 80' lang='lat' dir='ltr'><strong>videri</strong></span> <span class='ocrx_word' id='word_1_232' title='bbox 1128 2711 1225 2772; x_wconf 86' lang='lat' dir='ltr'><strong>debet,</strong></span> <span class='ocrx_word' id='word_1_233' title='bbox 1247 2712 1282 2760; x_wconf 84' lang='lat' dir='ltr'><strong>sit</strong></span> 
     </span>
     <span class='ocr_line' id='line_1_27' title="bbox 228 2787 1281 2867; baseline 0.006 -23"><span class='ocrx_word' id='word_1_234' title='bbox 228 2790 531 2863; x_wconf 81' lang='lat' dir='ltr'><strong>dissolvituringuttas.</strong></span> <span class='ocrx_word' id='word_1_235' title='bbox 550 2793 598 2846; x_wconf 84' lang='lat' dir='ltr'><strong>Ge.</strong></span> <span class='ocrx_word' id='word_1_236' title='bbox 611 2795 649 2859; x_wconf 88' lang='lat' dir='ltr'><strong>ll,</strong></span> <span class='ocrx_word' id='word_1_237' title='bbox 670 2797 727 2864; x_wconf 85' lang='lat'><strong>187.</strong></span> <span class='ocrx_word' id='word_1_238' title='bbox 777 2798 847 2850; x_wconf 82' lang='lat' dir='ltr'><strong>forte</strong></span> <span class='ocrx_word' id='word_1_239' title='bbox 874 2797 941 2861; x_wconf 83' lang='lat' dir='ltr'><strong>boo,</strong></span> <span class='ocrx_word' id='word_1_240' title='bbox 967 2793 1042 2867; x_wconf 89' lang='lat' dir='ltr'><strong>quod</strong></span> <span class='ocrx_word' id='word_1_241' title='bbox 1066 2791 1165 2844; x_wconf 77' lang='lat' dir='ltr'><strong>nostris</strong></span> <span class='ocrx_word' id='word_1_242' title='bbox 1190 2787 1281 2840; x_wconf 68' lang='lat' dir='ltr'><strong>adhuc</strong></span> 
     </span>
     <span class='ocr_line' id='line_1_28' title="bbox 229 2869 1280 2950; baseline -0.001 -29"><span class='ocrx_word' id='word_1_243' title='bbox 229 2869 373 2944; x_wconf 82' lang='lat' dir='ltr'><strong>liquuntur</strong></span> <span class='ocrx_word' id='word_1_244' title='bbox 387 2888 476 2922; x_wconf 80' lang='lat' dir='ltr'><strong>amnes</strong></span> <span class='ocrx_word' id='word_1_245' title='bbox 496 2871 617 2942; x_wconf 82' lang='lat' dir='ltr'><strong>rupibus,</strong></span> <span class='ocrx_word' id='word_1_246' title='bbox 633 2871 727 2925; x_wconf 90' lang='lat' dir='ltr'><strong>lluunt.</strong></span> <span class='ocrx_word' id='word_1_247' title='bbox 778 2877 945 2950; x_wconf 82' lang='lat' dir='ltr'><strong>temporibus</strong></span> <span class='ocrx_word' id='word_1_248' title='bbox 967 2877 1083 2938; x_wconf 65' lang='lat' dir='ltr'><strong>Tamus,</strong></span> <span class='ocrx_word' id='word_1_249' title='bbox 1102 2871 1280 2938; x_wconf 82' lang='lat' dir='ltr'><strong>Ariostusque</strong></span> 
     </span>
     <span class='ocr_line' id='line_1_29' title="bbox 227 2948 1282 3028; baseline -0.002 -27"><span class='ocrx_word' id='word_1_250' title='bbox 227 2950 261 3001; x_wconf 84' lang='lat' dir='ltr'><strong>Et</strong></span> <span class='ocrx_word' id='word_1_251' title='bbox 280 2967 358 3000; x_wconf 84' lang='lat' dir='ltr'><strong>mox:</strong></span> <span class='ocrx_word' id='word_1_252' title='bbox 379 2958 474 3002; x_wconf 85' lang='lat' dir='ltr'><strong>terram</strong></span> <span class='ocrx_word' id='word_1_253' title='bbox 494 2952 554 3003; x_wconf 83' lang='lat' dir='ltr'><strong>tubo</strong></span> <span class='ocrx_word' id='word_1_254' title='bbox 575 2951 727 3020; x_wconf 81' lang='lat' dir='ltr'><strong>maculant,</strong></span> <span class='ocrx_word' id='word_1_255' title='bbox 778 2975 839 3010; x_wconf 78' lang='lat' dir='ltr'><strong>cum</strong></span> <span class='ocrx_word' id='word_1_256' title='bbox 850 2956 985 3028; x_wconf 84' lang='lat' dir='ltr'><strong>Speneero</strong></span> <span class='ocrx_word' id='word_1_257' title='bbox 998 2953 1093 3008; x_wconf 76' lang='lat' dir='ltr'><strong>eedem</strong></span> <span class='ocrx_word' id='word_1_258' title='bbox 1108 2949 1203 3004; x_wconf 75' lang='lat' dir='ltr'><strong>tabula</strong></span> <span class='ocrx_word' id='word_1_259' title='bbox 1221 2948 1282 3002; x_wconf 84' lang='lat' dir='ltr'><strong>feli·</strong></span> 
     </span>
     <span class='ocr_line' id='line_1_30' title="bbox 229 3029 977 3101; baseline 0.008 -21"><span class='ocrx_word' id='word_1_260' title='bbox 229 3041 330 3100; x_wconf 86' lang='lat' dir='ltr'><strong>quanto</strong></span> <span class='ocrx_word' id='word_1_261' title='bbox 338 3029 472 3093; x_wconf 79' lang='lat' dir='ltr'><strong>ornatius,</strong></span> <span class='ocrx_word' id='word_1_262' title='bbox 485 3048 580 3101; x_wconf 86' lang='lat' dir='ltr'><strong>quam,</strong></span> <span class='ocrx_word' id='word_1_263' title='bbox 591 3031 692 3084; x_wconf 81' lang='lat' dir='ltr'><strong>eadunt</strong></span> <span class='ocrx_word' id='word_1_264' title='bbox 699 3036 728 3086; x_wconf 92' lang='lat' dir='ltr'><strong>in</strong></span> <span class='ocrx_word' id='word_1_265' title='bbox 777 3039 843 3089; x_wconf 81' lang='lat' dir='ltr'><strong>citer</strong></span> <span class='ocrx_word' id='word_1_266' title='bbox 854 3039 896 3088; x_wconf 82' lang='lat' dir='ltr'><strong>osi</strong></span> <span class='ocrx_word' id='word_1_267' title='bbox 908 3049 977 3089; x_wconf 80' lang='lat' dir='ltr'><strong>eunt.</strong></span> 
     </span>
    </p>

    <p class='ocr_par' dir='ltr' id='par_1_12' title="bbox 227 3110 1279 3344">
     <span class='ocr_line' id='line_1_31' title="bbox 227 3110 1278 3182; baseline 0.006 -22"><span class='ocrx_word' id='word_1_268' title='bbox 227 3112 341 3160; x_wconf 83' lang='lat' dir='ltr'><strong>terram!</strong></span> <span class='ocrx_word' id='word_1_269' title='bbox 355 3119 434 3178; x_wconf 86' lang='lat' dir='ltr'><strong>atque</strong></span> <span class='ocrx_word' id='word_1_270' title='bbox 447 3110 486 3160; x_wconf 80' lang='lat' dir='ltr'><strong>sie</strong></span> <span class='ocrx_word' id='word_1_271' title='bbox 496 3127 588 3180; x_wconf 88' lang='lat' dir='ltr'><strong>porro.</strong></span> <span class='ocrx_word' id='word_1_272' title='bbox 599 3112 662 3164; x_wconf 81' lang='lat' dir='ltr'><strong>Mox</strong></span> <span class='ocrx_word' id='word_1_273' title='bbox 672 3123 728 3165; x_wconf 79' lang='lat' dir='ltr'><strong>ten·</strong></span> <span class='ocrx_word' id='word_1_274' title='bbox 812 3116 934 3182; x_wconf 73' lang='lat'><strong>34—36.</strong></span> <span class='ocrx_word' id='word_1_275' title='bbox 953 3112 1039 3166; x_wconf 84' lang='lat' dir='ltr'><strong>Valde</strong></span> <span class='ocrx_word' id='word_1_276' title='bbox 1058 3112 1148 3164; x_wconf 85' lang='lat' dir='ltr'><strong>animo</strong></span> <span class='ocrx_word' id='word_1_277' title='bbox 1164 3119 1278 3161; x_wconf 64' lang='lat' dir='ltr'><strong>esmant</strong></span> 
     </span>
     <span class='ocr_line' id='line_1_32' title="bbox 228 3187 1279 3265; baseline 0 -26"><span class='ocrx_word' id='word_1_278' title='bbox 228 3198 283 3239; x_wconf 76' lang='lat' dir='ltr'><strong>tare</strong></span> <span class='ocrx_word' id='word_1_279' title='bbox 291 3199 330 3240; x_wconf 83' lang='lat' dir='ltr'><strong>est</strong></span> <span class='ocrx_word' id='word_1_280' title='bbox 338 3188 484 3259; x_wconf 82' lang='lat' dir='ltr'><strong>explorare.</strong></span> <span class='ocrx_word' id='word_1_281' title='bbox 493 3188 616 3242; x_wconf 87' lang='lat' dir='ltr'><strong>Ceterum</strong></span> <span class='ocrx_word' id='word_1_282' title='bbox 624 3192 727 3260; x_wconf 83' lang='lat' dir='ltr'><strong>fabula,</strong></span> <span class='ocrx_word' id='word_1_283' title='bbox 777 3211 858 3265; x_wconf 78' lang='lat' dir='ltr'><strong>super</strong></span> <span class='ocrx_word' id='word_1_284' title='bbox 868 3193 985 3265; x_wconf 89' lang='lat' dir='ltr'><strong>prodigii</strong></span> <span class='ocrx_word' id='word_1_285' title='bbox 992 3192 1093 3243; x_wconf 68' lang='lat' dir='ltr'><strong>enuntia</strong></span> <span class='ocrx_word' id='word_1_286' title='bbox 1104 3187 1189 3242; x_wconf 83' lang='lat' dir='ltr'><strong>adoro</strong></span> <span class='ocrx_word' id='word_1_287' title='bbox 1199 3189 1279 3258; x_wconf 74' lang='lat' dir='ltr'><strong>Nym·</strong></span> 
     </span>
     <span class='ocr_line' id='line_1_33' title="bbox 228 3267 1278 3344; baseline -0.002 -26"><span class='ocrx_word' id='word_1_288' title='bbox 228 3285 310 3338; x_wconf 85' lang='lat' dir='ltr'><strong>quam</strong></span> <span class='ocrx_word' id='word_1_289' title='bbox 329 3267 455 3340; x_wconf 75' lang='lat' dir='ltr'><strong>Virgilius</strong></span> <span class='ocrx_word' id='word_1_290' title='bbox 474 3281 500 3320; x_wconf 86' lang='lat' dir='ltr'><strong>et</strong></span> <span class='ocrx_word' id='word_1_291' title='bbox 519 3270 618 3340; x_wconf 84' lang='lat' dir='ltr'><strong>ipsam,</strong></span> <span class='ocrx_word' id='word_1_292' title='bbox 640 3284 669 3322; x_wconf 91' lang='lat' dir='ltr'><strong>ut</strong></span> <span class='ocrx_word' id='word_1_293' title='bbox 686 3283 727 3323; x_wconf 91' lang='lat' dir='ltr'><strong>tot</strong></span> <span class='ocrx_word' id='word_1_294' title='bbox 774 3273 842 3344; x_wconf 85' lang='lat' dir='ltr'><strong>phas</strong></span> <span class='ocrx_word' id='word_1_295' title='bbox 855 3269 1055 3342; x_wconf 74' lang='lat' dir='ltr'><strong>Hamadryades</strong></span> <span class='ocrx_word' id='word_1_296' title='bbox 1069 3282 1097 3322; x_wconf 89' lang='lat' dir='ltr'><strong>et</strong></span> <span class='ocrx_word' id='word_1_297' title='bbox 1107 3269 1223 3320; x_wconf 85' lang='lat' dir='ltr'><strong>Martem</strong></span> <span class='ocrx_word' id='word_1_298' title='bbox 1234 3267 1278 3316; x_wconf 88' lang='lat' dir='ltr'><strong>ln·</strong></span> 
     </span>
    </p>
   </div>
   <div class='ocr_carea' id='block_1_5' title="bbox 228 3347 1337 3426">
    <p class='ocr_par' dir='ltr' id='par_1_13' title="bbox 228 3347 1337 3426">
     <span class='ocr_line' id='line_1_34' title="bbox 228 3347 1337 3426; baseline -0.005 -26"><span class='ocrx_word' id='word_1_299' title='bbox 228 3347 295 3412; x_wconf 82' lang='lat' dir='ltr'><strong>elia,</strong></span> <span class='ocrx_word' id='word_1_300' title='bbox 315 3367 330 3398; x_wconf 87' lang='lat' dir='ltr'><strong>a</strong></span> <span class='ocrx_word' id='word_1_301' title='bbox 351 3348 438 3418; x_wconf 91' lang='lat' dir='ltr'><strong>poetis</strong></span> <span class='ocrx_word' id='word_1_302' title='bbox 460 3348 566 3420; x_wconf 70' lang='lat' dir='ltr'><strong>cyclicis</strong></span> <span class='ocrx_word' id='word_1_303' title='bbox 591 3353 725 3422; x_wconf 77' lang='lat' dir='ltr'><strong>accepisse</strong></span> <span class='ocrx_word' id='word_1_304' title='bbox 774 3353 906 3426; x_wconf 75' lang='lat' dir='ltr'><strong>digerem,</strong></span> <span class='ocrx_word' id='word_1_305' title='bbox 929 3364 960 3403; x_wconf 89' lang='lat' dir='ltr'><strong>ut</strong></span> <span class='ocrx_word' id='word_1_306' title='bbox 978 3350 1078 3402; x_wconf 88' lang='lat' dir='ltr'><strong>malum</strong></span> <span class='ocrx_word' id='word_1_307' title='bbox 1100 3365 1181 3400; x_wconf 85' lang='lat' dir='ltr'><strong>omen</strong></span> <span class='ocrx_word' id='word_1_308' title='bbox 1200 3363 1278 3399; x_wconf 79' lang='lat' dir='ltr'><strong>aver·</strong></span> <span class='ocrx_word' id='word_1_309' title='bbox 1336 3353 1337 3356; x_wconf 78' lang='grc'>’</span> 
     </span>
    </p>
   </div>
   <div class='ocr_carea' id='block_1_6' title="bbox 223 3425 1279 3660">
    <p class='ocr_par' dir='ltr' id='par_1_14' title="bbox 223 3425 1279 3660">
     <span class='ocr_line' id='line_1_35' title="bbox 223 3425 1278 3501; baseline 0 -23"><span class='ocrx_word' id='word_1_310' title='bbox 223 3425 347 3492; x_wconf 69' lang='lat' dir='ltr'><strong>videtur,</strong></span> <span class='ocrx_word' id='word_1_311' title='bbox 357 3429 419 3478; x_wconf 79' lang='lat' dir='ltr'><strong>satis</strong></span> <span class='ocrx_word' id='word_1_312' title='bbox 429 3428 577 3498; x_wconf 87' lang='lat' dir='ltr'><strong>probabilis</strong></span> <span class='ocrx_word' id='word_1_313' title='bbox 586 3430 727 3483; x_wconf 82' lang='lat' dir='ltr'><strong>videride·</strong></span> <span class='ocrx_word' id='word_1_314' title='bbox 774 3443 841 3484; x_wconf 88' lang='lat' dir='ltr'><strong>tant.</strong></span> <span class='ocrx_word' id='word_1_315' title='bbox 855 3431 923 3483; x_wconf 75' lang='grc' dir='ltr'>ιιίιιιι</span> <span class='ocrx_word' id='word_1_316' title='bbox 938 3447 988 3501; x_wconf 91' lang='lat' dir='ltr'><strong>pro</strong></span> <span class='ocrx_word' id='word_1_317' title='bbox 1004 3430 1092 3480; x_wconf 84' lang='lat' dir='ltr'><strong>visum</strong></span> <span class='ocrx_word' id='word_1_318' title='bbox 1103 3426 1131 3478; x_wconf 91' lang='lat' dir='ltr'><strong>b.</strong></span> <span class='ocrx_word' id='word_1_319' title='bbox 1150 3448 1174 3480; x_wconf 88' lang='lat' dir='ltr'><strong>e.</strong></span> <span class='ocrx_word' id='word_1_320' title='bbox 1188 3439 1278 3478; x_wconf 79' lang='lat' dir='ltr'><strong>osteu-</strong></span> 
     </span>
     <span class='ocr_line' id='line_1_36' title="bbox 223 3505 1278 3580; baseline -0.002 -22"><span class='ocrx_word' id='word_1_321' title='bbox 223 3505 288 3558; x_wconf 83' lang='lat' dir='ltr'><strong>buit</strong></span> <span class='ocrx_word' id='word_1_322' title='bbox 306 3505 369 3558; x_wconf 86' lang='lat' dir='ltr'><strong>olim</strong></span> <span class='ocrx_word' id='word_1_323' title='bbox 385 3508 433 3572; x_wconf 85' lang='lat' dir='ltr'><strong>iis,</strong></span> <span class='ocrx_word' id='word_1_324' title='bbox 447 3509 493 3578; x_wconf 91' lang='lat' dir='ltr'><strong>qui</strong></span> <span class='ocrx_word' id='word_1_325' title='bbox 506 3511 534 3560; x_wconf 86' lang='lat' dir='ltr'><strong>in</strong></span> <span class='ocrx_word' id='word_1_326' title='bbox 546 3510 655 3562; x_wconf 81' lang='lat' dir='ltr'><strong>arbores</strong></span> <span class='ocrx_word' id='word_1_327' title='bbox 667 3529 726 3562; x_wconf 88' lang='lat' dir='ltr'><strong>mu·</strong></span> <span class='ocrx_word' id='word_1_328' title='bbox 774 3523 846 3575; x_wconf 85' lang='lat' dir='ltr'><strong>tum,</strong></span> <span class='ocrx_word' id='word_1_329' title='bbox 857 3520 1026 3580; x_wconf 86' lang='lat' dir='ltr'><strong>portentum,</strong></span> <span class='ocrx_word' id='word_1_330' title='bbox 1037 3506 1113 3578; x_wconf 86' lang='lat' dir='ltr'><strong>quod</strong></span> <span class='ocrx_word' id='word_1_331' title='bbox 1120 3505 1278 3570; x_wconf 82' lang='lat' dir='ltr'><strong>seeundum,</strong></span> 
     </span>
     <span class='ocr_line' id='line_1_37' title="bbox 223 3585 1279 3660; baseline -0.001 -21"><span class='ocrx_word' id='word_1_332' title='bbox 223 3585 279 3636; x_wconf 68' lang='lat' dir='ltr'><strong>(ari</strong></span> <span class='ocrx_word' id='word_1_333' title='bbox 288 3585 405 3655; x_wconf 78' lang='lat' dir='ltr'><strong>puellos,</strong></span> <span class='ocrx_word' id='word_1_334' title='bbox 417 3587 554 3658; x_wconf 74' lang='lat' dir='ltr'><strong>Nymphas</strong></span> <span class='ocrx_word' id='word_1_335' title='bbox 563 3588 725 3660; x_wconf 78' lang='lat' dir='ltr'><strong>Hamadrya·</strong></span> <span class='ocrx_word' id='word_1_336' title='bbox 773 3592 838 3645; x_wconf 78' lang='lat' dir='ltr'><strong>felix</strong></span> <span class='ocrx_word' id='word_1_337' title='bbox 849 3609 906 3643; x_wconf 76' lang='lat' dir='ltr'><strong>esee</strong></span> <span class='ocrx_word' id='word_1_338' title='bbox 918 3603 944 3643; x_wconf 87' lang='lat' dir='ltr'><strong>et</strong></span> <span class='ocrx_word' id='word_1_339' title='bbox 954 3588 1037 3640; x_wconf 83' lang='lat' dir='ltr'><strong>levari</strong></span> <span class='ocrx_word' id='word_1_340' title='bbox 1042 3627 1052 3653; x_wconf 89' lang='lat'><strong>,</strong></span> <span class='ocrx_word' id='word_1_341' title='bbox 1065 3590 1093 3639; x_wconf 94' lang='lat' dir='ltr'><strong>in</strong></span> <span class='ocrx_word' id='word_1_342' title='bbox 1102 3587 1206 3639; x_wconf 85' lang='lat' dir='ltr'><strong>bonurn</strong></span> <span class='ocrx_word' id='word_1_343' title='bbox 1215 3605 1279 3639; x_wconf 88' lang='lat' dir='ltr'><strong>con·</strong></span> 
     </span>
    </p>
   </div>
   <div class='ocr_carea' id='block_1_7' title="bbox 225 3664 1335 3820">
    <p class='ocr_par' dir='ltr' id='par_1_15' title="bbox 225 3664 1335 3820">
     <span class='ocr_line' id='line_1_38' title="bbox 226 3664 1335 3738; baseline 0.003 -23"><span class='ocrx_word' id='word_1_344' title='bbox 226 3664 354 3716; x_wconf 72' lang='lat' dir='ltr'><strong>daucum</strong></span> <span class='ocrx_word' id='word_1_345' title='bbox 375 3665 514 3720; x_wconf 84' lang='lat' dir='ltr'><strong>arboribus</strong></span> <span class='ocrx_word' id='word_1_346' title='bbox 533 3669 623 3732; x_wconf 80' lang='lat' dir='ltr'><strong>nesci,</strong></span> <span class='ocrx_word' id='word_1_347' title='bbox 642 3669 723 3721; x_wconf 74' lang='lat' dir='ltr'><strong>sarrit</strong></span> <span class='ocrx_word' id='word_1_348' title='bbox 772 3673 839 3724; x_wconf 82' lang='lat' dir='ltr'><strong>verti</strong></span> <span class='ocrx_word' id='word_1_349' title='bbox 855 3671 925 3738; x_wconf 82' lang='lat' dir='ltr'><strong>vult,</strong></span> <span class='ocrx_word' id='word_1_350' title='bbox 938 3682 972 3722; x_wconf 89' lang='lat' dir='ltr'><strong>-ut</strong></span> <span class='ocrx_word' id='word_1_351' title='bbox 987 3669 1057 3722; x_wconf 86' lang='lat' dir='ltr'><strong>bene</strong></span> <span class='ocrx_word' id='word_1_352' title='bbox 1073 3669 1146 3721; x_wconf 81' lang='lat' dir='ltr'><strong>Serv.</strong></span> <span class='ocrx_word' id='word_1_353' title='bbox 1164 3669 1229 3719; x_wconf 85' lang='lat' dir='ltr'><strong>Mox</strong></span> <span class='ocrx_word' id='word_1_354' title='bbox 1242 3667 1275 3719; x_wconf 83' lang='grc'><strong>38</strong></span> <span class='ocrx_word' id='word_1_355' title='bbox 1334 3719 1335 3731; x_wconf 53' lang='lat'><strong>,</strong></span> 
     </span>
     <span class='ocr_line' id='line_1_39' title="bbox 225 3743 1334 3820; baseline 0.001 -22"><span class='ocrx_word' id='word_1_356' title='bbox 225 3743 369 3798; x_wconf 82' lang='lat' dir='ltr'><strong>arboribus</strong></span> <span class='ocrx_word' id='word_1_357' title='bbox 377 3747 580 3815; x_wconf 81' lang='lat' dir='ltr'><strong>succisisguttes</strong></span> <span class='ocrx_word' id='word_1_358' title='bbox 588 3749 723 3820; x_wconf 72' lang='lat' dir='ltr'><strong>sanguinis</strong></span> <span class='ocrx_word' id='word_1_359' title='bbox 773 3748 907 3816; x_wconf 73' lang='lat' dir='ltr'><strong>obluctor,</strong></span> <span class='ocrx_word' id='word_1_360' title='bbox 921 3751 1062 3812; x_wconf 67' lang='grc' dir='ltr'><strong>ἐπιβαίη,</strong></span> <span class='ocrx_word' id='word_1_361' title='bbox 1075 3762 1106 3802; x_wconf 89' lang='lat' dir='ltr'><strong>ut</strong></span> <span class='ocrx_word' id='word_1_362' title='bbox 1118 3751 1277 3814; x_wconf 86' lang='lat' dir='ltr'><strong>Burm.,-aut</strong></span> <span class='ocrx_word' id='word_1_363' title='bbox 1333 3803 1334 3808; x_wconf 65' lang='lat'><strong>,</strong></span> 
     </span>
    </p>
   </div>
   <div class='ocr_carea' id='block_1_8' title="bbox 226 3825 903 3900">
    <p class='ocr_par' dir='ltr' id='par_1_16' title="bbox 226 3825 903 3900">
     <span class='ocr_line' id='line_1_40' title="bbox 226 3825 903 3900; baseline 0.007 -23"><span class='ocrx_word' id='word_1_364' title='bbox 226 3844 350 3890; x_wconf 84' lang='lat' dir='ltr'><strong>manare,</strong></span> <span class='ocrx_word' id='word_1_365' title='bbox 362 3825 495 3898; x_wconf 86' lang='lat' dir='ltr'><strong>legissent.</strong></span> <span class='ocrx_word' id='word_1_366' title='bbox 511 3826 546 3876; x_wconf 82' lang='lat' dir='ltr'><strong>of.</strong></span> <span class='ocrx_word' id='word_1_367' title='bbox 564 3825 637 3878; x_wconf 87' lang='lat' dir='ltr'><strong>Serv.</strong></span> <span class='ocrx_word' id='word_1_368' title='bbox 651 3827 686 3880; x_wconf 85' lang='lat' dir='ltr'><strong>ad</strong></span> <span class='ocrx_word' id='word_1_369' title='bbox 696 3848 722 3881; x_wconf 82' lang='lat' dir='ltr'><strong>v.</strong></span> <span class='ocrx_word' id='word_1_370' title='bbox 773 3832 903 3900; x_wconf 63' lang='lat' dir='ltr'><strong>amfrida.</strong></span> 
     </span>
    </p>
   </div>
   <div class='ocr_carea' id='block_1_9' title="bbox 227 3903 1274 3998">
    <p class='ocr_par' dir='ltr' id='par_1_17' title="bbox 227 3903 1274 3998">
     <span class='ocr_line' id='line_1_41' title="bbox 227 3903 1274 3998; baseline -0.001 -40"><span class='ocrx_word' id='word_1_371' title='bbox 227 3905 270 3973; x_wconf 69' lang='lat'><strong>46.</strong></span> <span class='ocrx_word' id='word_1_372' title='bbox 283 3903 411 3977; x_wconf 82' lang='lat' dir='ltr'><strong>Exempla</strong></span> <span class='ocrx_word' id='word_1_373' title='bbox 418 3915 479 3956; x_wconf 87' lang='lat' dir='ltr'><strong>sunt</strong></span> <span class='ocrx_word' id='word_1_374' title='bbox 487 3903 561 3976; x_wconf 83' lang='lat' dir='ltr'><strong>apud</strong></span> <span class='ocrx_word' id='word_1_375' title='bbox 568 3904 721 3963; x_wconf 86' lang='lat' dir='ltr'><strong>Callimaoh.</strong></span> <span class='ocrx_word' id='word_1_376' title='bbox 808 3907 930 3998; x_wconf 54' lang='lat'><strong>41745.</strong></span> <span class='ocrx_word' id='word_1_377' title='bbox 952 3911 1015 3962; x_wconf 73' lang='lat' dir='ltr'><strong>J‘am</strong></span> <span class='ocrx_word' id='word_1_378' title='bbox 1032 3907 1143 3972; x_wconf 78' lang='lat' dir='ltr'><strong>tandem</strong></span> <span class='ocrx_word' id='word_1_379' title='bbox 1160 3926 1241 3980; x_wconf 82' lang='lat' dir='ltr'><strong>parce</strong></span> <span class='ocrx_word' id='word_1_380' title='bbox 1256 3925 1274 3959; x_wconf 84' lang='grc' dir='ltr'>ι.</span> 
     </span>
    </p>
   </div>
   <div class='ocr_carea' id='block_1_10' title="bbox 0 0 1364 4598">
    <p class='ocr_par' dir='ltr' id='par_1_18' title="bbox 0 0 1364 4598">
     <span class='ocr_line' id='line_1_42' title="bbox 0 0 1364 4598; baseline 0 0"><span class='ocrx_word' id='word_1_381' title='bbox 0 0 1364 4598; x_wconf 95' lang='lat' dir='ltr'><strong> </strong></span> 
     </span>
    </p>
   </div>
  </div>
 </body>
</html>
