2694 4574
237 290 277 368 42
556 279 886 365 ursoursrrto
909 279 950 346 u

233 431 298 497 que
312 403 348 472 T
342 408 472 492 rosanus
491 405 672 495 loquimur,
694 407 896 471 narrationes
908 404 1070 493 majorum
1081 406 1280 474 auctoritate

231 529 381 600 acceptas
395 529 428 576 et
441 535 459 576 a
473 512 582 599 poetis
596 511 878 600 scriptoribusque
897 526 1026 574 ornatas
1045 511 1279 598 intelligimus;

232 635 266 683 et
278 619 433 705 praeelare
447 619 605 683 hactenus
622 618 800 682 Thessalus
813 617 1023 704 Hippocratis
1034 617 1057 679 f.
1072 619 1117 702 (ι)
1133 620 1175 674 ον’
1185 617 1279 690 μῦθος

232 719 271 778 τὲ
291 721 410 802 Τροῒκὶ,
430 720 498 780 ὶλλ’
515 712 598 801 ipra·
628 724 739 811 itaque
761 745 880 787 vanam
903 720 1163 810 disputationem
1187 723 1277 786 insti·
1336 771 1337 778 κ

230 829 332 892 tuisse
345 827 450 892 videri
468 846 608 917 possunt
625 829 798 892 Cluverius
813 844 847 892 et
864 827 1059 906 bochartus,
1079 829 1138 917 qui
1158 851 1199 892 ex
1217 828 1278 892 ista

231 935 426 1022 opinionum
449 934 636 1000 diversitate
659 934 801 1022 probare
818 934 1012 1013 voluerunt,
1037 937 1174 998 AEneam
1194 957 1278 998 nun·

230 1041 330 1127 quam
347 1038 390 1103 ad
406 1040 532 1105 ltaliam
545 1041 729 1106 accessisse.
751 1040 880 1106 Acriter
892 1041 969 1104 satis
983 1062 1099 1104 eorum
1113 1041 1276 1127 impetum

130 1133 135 1141 Ξ
229 1144 355 1209 retudit
373 1146 515 1234 Ryckius
534 1148 568 1209 in
588 1145 664 1211 diss.
684 1143 816 1210 laudata
833 1148 893 1230 (a),
909 1143 969 1210 sed
982 1146 1184 1232 argumentis
1199 1168 1277 1232 pro·
1336 1171 1337 1211 ;

229 1251 355 1314 miscue
365 1252 487 1316 effusis
506 1268 539 1316 et
553 1251 679 1340 judicio
698 1274 816 1339 parum
834 1249 956 1314 subtili.
976 1253 1045 1318 Nec
1059 1251 1148 1316 enim
1162 1251 1274 1330 aliter,
1336 1309 1337 1314 ,

230 1379 330 1444 quam
342 1373 378 1419 ut
391 1379 463 1422 eam
477 1358 598 1421 famam
609 1373 733 1422 certam
744 1379 783 1422 ac
796 1372 1004 1421 constantem
1017 1356 1200 1421 obtinuisse
1216 1354 1275 1419 do·

229 1485 316 1541 ceas,
332 1465 469 1551 quaestio
489 1465 543 1538 illa
562 1464 605 1528 de
621 1460 713 1528 Italia
731 1463 773 1527 ab
791 1465 893 1528 AEnea
905 1463 993 1532 adita
1008 1463 1155 1551 expediri
1170 1479 1203 1526 et
1222 1462 1278 1525 fir·
1336 1479 1337 1544 l

227 1569 311 1634 mari
322 1585 447 1656 potest3
463 1586 635 1634 esttamen
648 1569 721 1632 talis
736 1569 823 1633 fama
839 1570 874 1634 in
889 1570 979 1634 omni
993 1569 1172 1633 remotiore
1190 1569 1277 1632 anti·

228 1675 352 1762 quitate
373 1674 539 1763 usquead
561 1698 599 1740 ea
618 1692 783 1762 tempora,
806 1674 927 1763 quibus
947 1697 999 1740 res
1023 1674 1145 1762 scripto
1168 1675 1276 1739 consi-
1336 1649 1337 1696 Ξ

227 1801 328 1895 gnare
348 1795 493 1866 coeptum
506 1797 571 1859 est,
594 1802 655 1867 pro
674 1778 740 1842 fide
754 1803 792 1844 ac
806 1779 977 1866 probabile
989 1797 1133 1859 ratione
1153 1779 1189 1842 in
1209 1803 1337 1870 qua
1336 1785 1337 1850 i

227 1883 436 1971 acquiescere
455 1901 488 1948 et
509 1907 609 1972 quam
630 1885 725 1972 sequi
744 1895 880 1950 necesse
899 1902 967 1966 est;
984 1905 1045 1950 nec
1064 1885 1127 1948 fuit
1147 1900 1205 1947 aut
1226 1901 1276 1948 est

227 1989 451 2076 antiquiorum
465 2006 653 2077 temporum
668 1989 735 2052 ulla
748 1989 811 2052 alia
827 1987 979 2073 historia,
998 2012 1097 2078 quam
1113 1945 1337 2077 ωγῑὴίοει,Ξ

228 2116 287 2156 seu
300 2095 386 2158 fama
397 2117 436 2160 ac
449 2095 636 2158 narratione
650 2095 812 2183 majorum
826 2111 974 2182 accepta,
991 2119 1068 2160 mox
1081 2095 1184 2160 literis
1197 2117 1275 2159 con·
1336 2081 1337 2142 l

227 2201 365 2286 signata,
379 2200 472 2300 cpjus
484 2199 568 2264 adeo
581 2199 683 2264 fidem
697 2223 740 2263 ue
754 2201 781 2263 is
795 2198 945 2288 quidem,
962 2201 1020 2288 qui
1031 2201 1158 2288 primus
1170 2201 1275 2264 literis

227 2305 410 2384 mandavit,
425 2322 579 2392 praestare
591 2321 701 2393 potest
712 2306 775 2368 nisi
789 2305 962 2382 hactenus,
977 2304 1068 2394 quod
1082 2304 1224 2370 candide
1236 2329 1273 2369 ac
1336 2307 1337 2376 ἴ

226 2409 400 2498 diligenter
413 2412 533 2474 famam
547 2427 694 2474 veterem
706 2411 858 2497 exposuit
871 2428 928 2475 aut
942 2413 976 2474 in
992 2411 1182 2476 diversitate
1198 2433 1271 2474 nar·
1336 2447 1337 2480 ;

225 2517 362 2580 rationis
374 2537 454 2579 sano
466 2538 542 2580 cum
551 2515 678 2604 judicio
693 2514 851 2581 dilectum
864 2517 952 2582 fecit.

221 2617 342 2683 Jam
357 2637 466 2707 poetae
477 2644 520 2684 ne
541 2621 602 2685 ista
616 2619 753 2710 quidem
769 2644 883 2686 rerum
897 2619 980 2688 fides
999 2645 1037 2687 ac
1059 2621 1310 2710 probabilitas
1336 2643 1337 2694 i

226 2726 323 2790 nimis
338 2725 489 2813 religiose
504 2743 554 2790 est
567 2725 730 2792 sectanda.
747 2725 779 2792 si
793 2743 904 2792 tamen
919 2728 975 2792 ille
985 2729 1061 2792 satis
1076 2744 1190 2791 tenere
1202 2727 1271 2790 ani·
1336 2753 1337 2826 g

225 2853 297 2895 mos
315 2831 402 2910 vult,
417 2855 479 2897 nec
493 2834 712 2912 committere,
737 2849 774 2897 ut
794 2834 906 2921 paullo
922 2831 1086 2897 doctiores
1100 2830 1270 2896 auditores

225 2955 488 3003 commentorum
510 2941 641 3006 licentia
663 2938 891 3017 offendantur,
913 2960 952 3004 ea
970 2938 1112 3002 narratio
1135 2938 1200 3024 ipsi
1220 2957 1272 3000 se-

225 3041 357 3131 quenda
377 3049 438 3124 es't,
463 3068 536 3134 quae
558 3045 747 3110 celebritate
769 3061 802 3109 et
825 3045 970 3110 claritate
993 3044 1035 3108 ad
1058 3043 1270 3132 popularium

224 3149 351 3214 animos
376 3151 549 3215 maximam
576 3151 644 3214 vim
666 3150 788 3216 babere
815 3167 934 3239 potest.
961 3151 1030 3216 Etsi
1053 3152 1164 3237 itaque
1185 3149 1272 3212 iuter

225 3254 356 3348 ¹Graecos
379 3257 554 3344 scriptores
576 3278 715 3342 magnus
737 3272 806 3319 erat
825 3279 863 3320 ea
884 3257 925 3322 de
943 3280 978 3321 re
994 3255 1177 3332 dissensus,
1194 3275 1270 3318 cum

224 3375 334 3424 tamen
349 3363 488 3426 Romani
503 3363 678 3449 scriptores
703 3360 745 3425 de
766 3362 987 3451 Trojanorum
1009 3364 1042 3424 in
1064 3360 1191 3424 Italiam
1213 3357 1269 3422 ad÷

224 3480 326 3527 ventu
337 3465 496 3556 Albaeque
509 3469 634 3554 Longae
647 3466 829 3554 originibus
841 3467 882 3532 ab
897 3470 996 3532 AEnea
1007 3467 1145 3556 ejusque
1157 3486 1273 3552 proge-

257 3741 340 3810 (1)1n
353 3743 512 3810 Πρεσβευτικῷ
529 3744 563 3794 ad
579 3744 720 3797 Athenien·
767 3740 1272 3818 EpistolasHippocratversufinpag.

224 3840 282 3886 ses,
295 3841 328 3873 ne
340 3821 391 3872 Cos
404 3840 522 3893 unquam
535 3824 568 3874 ab
578 3827 609 3876 iis
623 3840 720 3878 everte·
768 3828 827 3897 949.
841 3827 917 3878 Lind.

225 3914 310 3962 retur3
323 3901 380 3954 fetu
391 3899 504 3952 rhetoris
515 3902 639 3971 alicujus,
652 3906 720 3959 inter
803 3905 842 3976 (r)
852 3908 949 3960 lterum
959 3902 1050 3959 Wood
1058 3921 1120 3973 pag.
1130 3915 1181 3968 ²²7
1193 3917 1232 3968 sq.
