2694 4574
337 235 573 314 assinos
597 246 751 314 monn
775 244 800 312 1.

1050 246 1093 312 63

54 372 233 438 Posthabita
246 372 389 437 coluisse
401 372 512 451 Sam03
526 371 581 438 hie
594 373 680 449 illius
693 395 799 452 arma,

54 481 105 544 Hic
118 501 235 545 currus
248 479 328 559 fuit3
340 478 556 566 hooregnum
570 477 630 542 dea
644 478 802 566 gentibus¹
811 499 896 560 esse,

54 587 153 675 Siqua
164 586 233 649 fata
245 585 369 663 sinant,
380 567 449 674 jam
462 601 532 647 tum
545 584 719 673 tenditque
732 585 900 671 fovetque.

82 778 114 823 16.
125 776 161 823 nd
176 777 267 824 hiatum
284 779 309 822 in
327 777 373 822 hoc
388 794 459 824 versu
477 777 662 840 impugnandum
673 769 792 823 deminem
804 763 874 822 video
891 774 1016 836 quicquam
1035 781 1104 816 aun·-

55 846 110 905 lisso,
122 863 149 898 ut
157 851 245 896 mirum
255 850 296 905 sit,
309 866 352 894 cur
364 848 394 894 ad
405 848 463 896 alios
477 849 630 896 offenderint.
640 870 671 886 -·-
684 865 719 911 17.
730 852 794 914 requi
799 846 868 892 Goth.
880 861 915 908 pr.
925 869 957 881 —
969 843 1006 890 18.*
1015 843 1097 888 Sinunt
1163 876 1165 879 .

55 1014 209 1084 pollutione,
231 1035 289 1088 quae
309 1036 393 1088 graeeo
412 1019 450 1070 ita
471 1019 548 1072 reddi

56 1108 151 1164 posset,
170 1096 242 1146 ‚luno
261 1096 312 1146 fuit
326 1097 414 1162 culte,
433 1099 478 1150 aut
496 1100 548 1149 coli

57 1174 155 1226 credita.
166 1175 238 1226 Nam
248 1179 414 1246 comparatio
425 1177 472 1228 illa
484 1177 550 1229 deo·

57 1271 106 1303 rum
119 1251 193 1324 apud
207 1266 311 1306 exteras
328 1268 419 1326 gentes
436 1257 489 1307 ooli
505 1275 550 1308 so·

57 1332 154 1383 litorum
168 1353 266 1403 parum
284 1333 360 1386 docte
378 1355 393 1386 a
410 1335 506 1388 Graecis
523 1349 549 1388 et

57 1413 173 1464 Romanis
192 1413 267 1465 facta
287 1427 350 1466 est:
377 1416 414 1466 ita
435 1415 469 1467 ab
491 1416 550 1468 aliis

57 1490 104 1542 hae
119 1493 179 1562 ipsa
199 1494 342 1544 Poenorum
357 1493 408 1546 dea
422 1513 483 1545 cum
498 1497 551 1546 Ve-

58 1589 110 1622 nere
126 1585 286 1642 oomparata
303 1585 350 1624 est.
370 1572 424 1624 vid.
445 1573 549 1626 Selden.

58 1649 85 1701 de
98 1651 153 1702 Diis
166 1651 252 1722 Syris,
267 1651 339 1724 Synt.
351 1654 391 1719 ll,
403 1672 425 1704 e.
437 1671 461 1704 a.
495 1679 497 1686 ·

91 1729 125 1780 16.
141 1731 195 1782 Hie
210 1729 284 1783 illius
298 1749 390 1796 arma,
408 1730 553 1784 liic'eurius

54 1810 120 1878 suit,
141 1810 240 1876 dueta,
257 1825 341 1882 puto,
357 1814 396 1864 rei
412 1815 500 1884 imago
517 1813 551 1866 ab

59 1893 166 1962 antiquis
187 1891 338 1958 heroibus,
361 1895 407 1961 qui
430 1893 551 1944 curribus

58 1973 120 2021 recti
140 1971 175 2022 ad
191 1991 311 2044 pugnam
328 1971 551 2044 egrediebantur,

58 2049 162 2104 reduces
181 2066 272 2104 autern
291 2069 337 2104 eos
354 2053 381 2102 in
398 2050 459 2102 looo
479 2063 551 2104 tecto

58 2131 222 2184 collocabant
252 2151 283 2184 ac
314 2131 490 2203 reponebant.
525 2149 551 2182 v.

58 2211 127 2262 lliad.
146 2213 185 2276 θ,
209 2212 270 2278 441·.
291 2231 319 2274 ι,
347 2212 396 2282 194
409 2233 415 2262 2
429 2211 554 2263 traducta

11 2357 12 2362 1
59 2289 116 2356 illa,
127 2305 157 2342 ut
168 2291 233 2356 alia,
247 2291 283 2343 ad
295 2291 374 2356 deos,
387 2292 484 2362 quibus
494 2308 554 2341 our-

58 2388 100 2420 rus
118 2372 157 2422 sni
176 2373 348 2442 essent,'qui
367 2373 406 2440 in,
414 2372 447 2421 iis
471 2370 553 2435 locis,

60 2467 112 2519 qun.
123 2452 293 2521 potissimum
305 2451 508 2521 frequentarent
518 2449 555 2500 dii

61 2541 84 2580 et
93 2529 221 2598 colerent,
235 2549 383 2601 quorumve
396 2529 507 2581 tutelam
516 2529 556 2579 illi

60 2607 198 2674 haherent,
217 2623 421 2680 reponerentur.
432 2611 483 2661 Pro
494 2610 555 2660 tali-

59 2689 104 2740 bus
112 2690 177 2742 locis
187 2690 323 2742 habentur
332 2693 419 2761 poetis
428 2709 464 2742 eoo
475 2689 555 2740 urbes

61 2788 139 2841 eaque
151 2771 265 2841 templa,
280 2789 339 2841 quse
351 2770 498 2823 celebriore
511 2769 557 2820 ali·

61 2867 110 2918 qua
129 2851 258 2922 religione
281 2853 405 2902 eminent.
429 2850 555 2922 Egregius

62 2927 125 2980 lianc
133 2932 159 2981 in
172 2949 232 2982 renr
241 2931 317 2980 loeus
330 2929 405 2981 lliad.
415 2950 439 2996 r,
450 2945 480 2980 21
496 2945 555 2998 sqq.

62 3008 94 3059 de
106 3011 173 3082 AEgis
189 3013 318 3082 Neptuno
335 3012 427 3062 sacris.
443 3010 556 3060 lunonis

63 3101 143 3140 autem
151 3109 245 3142 currus
256 3111 270 3142 e
280 3091 366 3142 nobili
377 3091 486 3142 Homeri
496 3089 557 3139 loeo

61 3167 131 3218 lliad.
144 3190 167 3236 t,
185 3187 238 3240 720
254 3183 313 3241 sqq.
328 3168 419 3240 (adde
432 3169 526 3241 Odyss.
538 3189 556 3220 t.

61 3246 212 3318 38r)notus
227 3263 276 3301 est.
288 3252 452 3300 Burmannus
465 3247 558 3300 laudat

62 3326 115 3377 Val.
124 3329 211 3384 Flauo.
224 3330 257 3379 V.
272 3331 330 3396 184,
339 3329 386 3380 ubi
395 3329 557 3400 Argonautis

61 3406 153 3460 Phasin
165 3411 301 3483 ingressis,
310 3408 392 3482 sinaut
398 3407 492 3460 aetltere
497 3407 558 3480 ple·

62 3507 96 3538 na
117 3508 220 3542 corusco
244 3485 362 3561 Pallas,
375 3497 404 3540 et
421 3487 558 3559 alipedum

61 3569 278 3640 Junojugast'stit
286 3564 559 3640 equorum‚tanquat'n

63 3647 99 3698 dii
124 3651 155 3700 iis
181 3649 386 3719 studentesqao'
408 3660 559 3719 presentes.

61 3728 165 3780 Poetioa
182 3741 273 3780 tamen
291 3730 381 3798 potius
394 3744 481 3798 quarn
497 3746 561 3780 vera

62 3805 239 3878 descriptione
252 3810 292 3860 uti
301 3805 386 3859 videri
402 3807 482 3859 dehet
496 3824 561 3877 poe-

63 3898 99 3936 ta.
135 3888 204 3940 Nam
230 3886 483 3958 Carthaginienses,
505 3904 561 3938 non

65 3968 164 4034 currui,
181 3966 229 4021 sed
242 3967 315 4021 leoni
328 3965 501 4034 insidentem,
519 3983 561 4020 ex·

597 1021 724 1090 pressisse
749 1027 931 1070 memorantur
963 1011 1098 1064 coelestem

597 1117 672 1150 suam
681 1098 771 1152 deam:
783 1098 817 1149 cf.
829 1095 970 1166 Apuleium
981 1089 1098 1154 Met.Vl,

597 1179 719 1230 6.'Porro
732 1195 807 1228 arrna
816 1177 831 1227 J
834 1177 916 1226 unoni
929 1173 1100 1233 tribuuntur,

597 1275 666 1324 non,
680 1270 810 1328 quatenus
823 1257 892 1307 iuter
904 1253 1021 1323 reliquos
1034 1249 1101 1300 deos

598 1337 716 1410 deasque
730 1350 832 1390 armata
844 1335 942 1406 praeliis
958 1346 1018 1384 ante
1031 1328 1101 1379 Tro·

597 1418 653 1486 jam
660 1419 792 1480 interfuit,
800 1431 830 1470 ut
837 1415 912 1467 Iliad.
921 1436 943 1479 v,
956 1429 998 1482 70,
1007 1423 1032 1462 et
1040 1411 1100 1462 AEn.

600 1497 640 1561 ll,
656 1497 724 1563 614,
738 1496 893 1562 Junoserro
905 1491 1040 1542 accincta:
1055 1487 1103 1539 de·

577 1581 580 1589 ¹
600 1575 665 1627 bent
679 1578 749 1628 enim
761 1593 836 1626 anna
848 1572 875 1624 h.
887 1572 905 1624 l.
920 1588 978 1622 esse
991 1564 1102 1636 aliquod

600 1658 740 1726 proprium
751 1674 783 1708 ao
791 1665 967 1724 perpetuum;
980 1647 1026 1699 sed
1040 1664 1103 1716 qua·

601 1746 678 1798 tenus
702 1734 772 1802 dea,
799 1732 911 1784 deorum
934 1747 1029 1791 more,
1056 1727 1103 1796 qui

602 1831 683 1864 curru
707 1811 852 1872 incedunt3
881 1811 932 1861 nisi
958 1808 1103 1878 insigniore

602 1893 692 1964 aliquo
712 1892 794 1944 modo
815 1891 849 1942 de
871 1891 978 1940 Junone
1001 1894 1104 1937 anneta

602 1971 774 2044 cogitandum
787 1984 842 2037 est,
853 1967 1008 2040 qualis”Hpu
1020 1963 1105 2015 innoe-

599 2052 646 2116 pu‘u
670 2052 722 2102 fuit
749 2047 824 2101 Elide
853 2048 942 2112 culta,
970 2043 1102 2116 Lyttophr.¹

602 2133 677 2184 Cass·
702 2131 763 2182 610.
788 2129 858 2191 858,
879 2140 904 2177 et
925 2125 1008 2174 tants
1029 2123 1056 2173 h.
1080 2119 1104 2172 e.

603 2230 680 2263 curru
693 2222 771 2260 vecta
787 2206 916 2278 Olympiae
934 2223 977 2273 ap.
992 2205 1104 2254 Pausan.

603 2293 641 2356 V,
665 2288 695 2341 ¹5
714 2307 741 2358 p.
763 2286 824 2353 414.
846 2286 929 2336 Hasta
947 2283 971 2334 ei
989 2281 1106 2353 quodam

603 2369 685 2422 modo
702 2369 815 2439 propria
828 2366 895 2430 luit,
913 2365 993 2415 etiam
1010 2381 1040 2414 ex
1056 2362 1107 2412 La·

604 2453 722 2502 tinorum
744 2447 882 2518 religione.
903 2447 974 2496 Nota
994 2441 1107 2498 Sabino-¹

605 2549 664 2581 rum
677 2531 750 2580 Juno
769 2525 873 2578 Curitis.
889 2523 924 2574 oi.
943 2521 1038 2574 Corda.
1054 2519 1107 2572 Sed

606 2611 705 2682 optime
727 2607 833 2659 Servius
854 2628 859 2656 :
880 2605 924 2656 Sic
944 2613 1034 2654 autem
1057 2617 1108 2660 esse

605 2691 685 2743 etium
700 2688 727 2738 ἱη
737 2686 816 2738 saeris
830 2684 981 2735 Tiburtibus
990 2690 1091 2733 constat
1098 2717 1107 2745 ,

605 2769 652 2820 ubi
669 2767 706 2818 sie
720 2773 881 2836 precantur:
901 2763 974 2814 Jnuo
990 2759 1107 2824 curulis,

606 2860 651 2900 tuo
675 2863 755 2895 curru
782 2841 919 2914 clipeoque
944 2851 1015 2892 tuere
1041 2857 1110 2890 meos

605 2915 686 2979 ouriu’
711 2921 834 2976 vernulus
856 2940 925 2972 sone.
954 2918 996 2969 Ad
1021 2918 1109 2970 tutele

607 3025 715 3078 quoque
725 3005 864 3080 'notionem
875 3018 981 3051 currum
995 3009 1021 3060 et
1034 3015 1110 3048 arma

606 3086 633 3136 h.
656 3085 673 3136 l.
698 3095 839 3154 spectare,
859 3080 1011 3150 suspicatur
1031 3077 1109 3126 Mits-
1130 3147 1133 3151 Ι

607 3163 734 3217 eherliclr.
752 3162 786 3215 ad
803 3161 895 3212 Horat.
914 3161 941 3222 1,
959 3155 1046 3208 Carni.
1065 3157 1109 3230 30,

606 3263 647 3316 pr.
663 3245 764 3294 Locum
780 3241 865 3291 nostri
881 3249 967 3310 pootae
982 3236 1112 3305 expressit

607 3324 733 3387 Ovidius,
745 3325 817 3373 Fast.
830 3322 882 3382 Vl,
895 3316 944 3384 45,
962 3314 1110 3378 Poeniteot,

607 3404 680 3478 quod
691 3421 744 3454 non
756 3399 818 3472 fovi
839 3395 1006 3468 Carthaginis
1023 3413 1112 3460 arces,

610 3485 700 3554 Quum
715 3499 773 3531 moa
785 3479 839 3530 sint
848 3475 894 3528 illo
903 3493 995 3528 currus
1003 3485 1030 3524 et
1037 3493 1113 3526 arma
1152 3495 1154 3498 ·

612 3564 679 3615 loeo.

608 3667 613 3676 =
648 3660 687 3714 17.
705 3643 744 3694 18.
756 3639 927 3710 Carthagine,
937 3639 1026 3689 Rornae
1035 3648 1114 3687 aemu·

609 3723 652 3789 la,
667 3721 794 3793 praeclare
808 3721 891 3770 utitur
900 3729 982 3788 poeta
992 3715 1019 3766 h.
1034 3715 1066 3777 l.;
1084 3726 1114 3765 nt

610 3823 643 3855 ea
664 3802 737 3863 urbs¹
748 3819 859 3874 regnum
876 3798 1014 3871 gentium,
1033 3806 1115 3863 caput

609 3885 716 3954 imperii
735 3895 883 3945 terrarum,
903 3880 954 3936 sit,
971 3879 1041 3927 Juno
1057 3875 1116 3942 jum

612 3973 666 4016 turn
676 4000 685 4029 ‚
697 3965 786 4032 prison
797 3961 841 4014 illo
853 3961 938 4012 AEneae
951 3966 1040 4022 aetate,
1051 3963 1112 4004 ante
