2694 4574
246 321 286 386 32
402 377 404 384 ,
582 289 946 398 nisourstmor

243 440 389 518 arduam,
399 436 741 520 etmirabilem.Qu0d
751 439 893 503 narratio
904 439 958 502 illa
968 453 1001 503 et
1011 436 1288 532 delectati0,quae
1335 491 1336 494 ,

243 545 322 612 iude
334 543 506 632 accipitur,
520 566 597 607 cum
615 544 755 608 utilitate
767 542 808 607 ad
823 567 937 609 omnes
949 543 1124 610 hominum
1135 545 1288 626 ordines,

244 651 461 738 inprimisque
469 647 510 712 ad
519 637 706 736 principum
715 650 842 714 animos
853 650 1028 740 conjuncta
1037 669 1099 730 est,
1111 651 1177 716 hoe
1188 653 1289 740 epicae

246 759 425 823 narrationi
439 781 501 844 per
519 779 554 822 se
573 771 831 822 consentaneum
846 777 910 837 est;
926 761 995 848 ipsa
1010 762 1098 824 enim
1111 762 1160 824 rei
1175 778 1291 824 natura

245 867 289 930 ita
306 865 383 942 fert,
408 881 446 926 ut
461 887 656 952 magnorum
670 865 817 928 virorum
831 865 915 929 facta
931 888 1048 952 magna
1064 883 1096 930 et
1112 865 1287 954 praeclara,

189 983 192 988 '
246 975 316 1038 sine
338 995 484 1051 summo,
505 971 547 1036 ad
568 971 742 1036 hominum
763 973 905 1051 animos,
930 995 1038 1036 mores
1059 995 1097 1036 ac
1116 973 1288 1049 virtutem,

221 1120 223 1124 -
244 1071 369 1156 fructu,
386 1077 506 1164 exponi
525 1092 557 1140 et
569 1079 694 1144 narrari
710 1095 891 1166 nequeant,
911 1078 1016 1142 multo
1032 1080 1149 1166 magis,
1168 1078 1196 1142 si
1214 1100 1290 1142 cum

246 1185 482 1250 sententiarum
508 1184 685 1272 splendore
709 1201 742 1249 et
766 1185 922 1250 orationis
946 1202 1063 1249 ornatu
1082 1186 1232 1249 instituta
1251 1185 1292 1248 sit

244 1294 399 1358 narratio.
410 1294 502 1356 Vana
513 1308 562 1356 est
572 1291 745 1371 hactenus,
759 1308 791 1357 et
801 1294 886 1357 intra
898 1292 1076 1357 verborum
1085 1293 1242 1380 ambages
1255 1315 1292 1356 ac

243 1399 340 1464 tricas
353 1419 472 1485 vagans
482 1396 671 1485 disputatio,
682 1398 778 1461 sit-ne
789 1421 880 1462 mera
892 1396 1042 1486 voluptas
1055 1421 1093 1462 ac
1103 1397 1291 1476 delectatio,

244 1527 286 1567 an
296 1504 418 1568 utilitas
424 1504 534 1590 aliqua
546 1504 716 1590 proposita
728 1519 800 1566 tum
812 1504 936 1590 poetis,
950 1520 1021 1565 tum
1030 1502 1101 1566 aliis
1112 1503 1293 1590 ingeniosa·

245 1633 320 1674 rum
335 1610 455 1673 artium
469 1608 670 1674 auctoribus.
684 1609 770 1672 Fieri
792 1608 916 1673 scilicet
933 1608 1025 1672 nullo
1044 1606 1145 1671 modo
1165 1624 1290 1695 potest,

245 1712 1291 1803 quominusvoluptasperingeniifacultatemparata,utilitatem

245 1819 287 1884 ad
300 1818 583 1902 aliorumingenia
595 1815 731 1894 haheat;
745 1817 914 1881 enimvero
924 1818 1075 1906 voluptas
1088 1818 1165 1881 satis
1176 1841 1293 1905 magna

246 1927 257 2009 (
272 1924 452 2012 perfectam
468 1920 584 1984 dicunt
598 1920 703 1984 nostri
717 1917 870 1985 homines
884 1927 895 2006 )
910 1929 1067 1986 essenon
1084 1940 1210 2010 potest,
1229 1923 1292 1987 nisi

248 2053 323 2096 cum
340 2027 485 2105 honesti,
508 2024 657 2113 pulchri,
680 2048 718 2089 ac
741 2027 811 2090 veri
832 2049 931 2126 sensu
959 2028 1014 2091 illa
1040 2028 1215 2118 conjuncta
1238 2031 1291 2093 sit.

247 2133 442 2201 Delectandi
454 2131 591 2220 quidem
604 2129 697 2194 modi
708 2153 746 2196 ac
758 2153 922 2198 mensurae
934 2149 1011 2198 sunt
1021 2132 1172 2198 infinitae:
1182 2132 1292 2199 delec-

246 2243 406 2307 tationem
418 2261 580 2303 summam
592 2235 676 2300 nihil
690 2237 802 2317 affert,
816 2238 878 2302 nisi
892 2237 984 2326 quod
1000 2238 1066 2303 suis
1079 2239 1225 2303 numeris
1236 2239 1292 2302 ab·

176 2339 180 2346 ⁸
246 2345 458 2412 solutumest.
468 2341 607 2407 Decedit
618 2334 703 2405 adeo
718 2342 880 2429 voluptati
890 2367 930 2406 ex
939 2342 1098 2422 AEneidis,
1112 2366 1172 2407 seu
1180 2343 1292 2408 Iliadis

246 2453 389 2518 lectione
399 2447 582 2536 capiendae,
592 2469 691 2510 omne
702 2445 735 2508 id
745 2447 835 2534 quod
846 2449 880 2510 in
890 2448 1045 2512 alterutra
1054 2449 1179 2528 sensui,
1191 2471 1292 2537 quern

247 2557 405 2633 diximus,
419 2576 486 2617 non
500 2552 576 2616 satis
589 2551 676 2616 facit.
688 2553 810 2615 Contra
823 2552 914 2638 signa
928 2554 1104 2641 Apollinis,
1115 2555 1170 2617 vel
1181 2555 1293 2617 Vene-

247 2663 306 2738 ris,
323 2659 480 2750 quoniam
488 2658 582 2721 illum
591 2679 741 2737 sensum,
754 2658 853 2722 etiam
865 2681 964 2746 supra
973 2676 1097 2724 naturae
1105 2659 1292 2739 modulum,

202 2811 205 2820 ·
248 2791 287 2833 ea
301 2766 442 2854 explent,
456 2764 624 2851 voluptate
636 2785 764 2827 summa
776 2763 936 2844 afficiunt,
946 2788 1034 2854 quae,
1048 2788 1110 2829 nec
1124 2766 1235 2830 minus
1249 2766 1292 2830 ad

248 2873 350 2938 animi
364 2891 472 2934 mores
488 2885 521 2933 et
534 2868 675 2934 affectus
690 2868 939 2958 componendos
952 2871 1020 2934 vim
1037 2869 1160 2935 hahere
1180 2870 1291 2935 debet.

248 2978 341 3044 Adeo
357 3000 435 3041 vera
451 2974 602 3062 voluptas
621 2997 698 3040 cum
715 2998 794 3039 vera
810 2976 949 3040 utilitate
965 2976 1141 3065 conjuncta
1158 2993 1224 3057 est;
1246 2980 1294 3042 uti

249 3101 362 3151 contra
384 3082 532 3170 speciosa
553 3080 664 3168 aliqua
683 3081 883 3168 praestantia,
906 3080 1014 3171 autin
1032 3083 1144 3170 aliquo
1163 3099 1293 3148 tantum

174 3221 175 3227 ¹
250 3213 368 3280 genere
381 3188 574 3265 constituta,
591 3187 643 3250 vel
658 3187 692 3248 iu
704 3185 861 3274 adjuncto
876 3185 987 3276 aliquo
1000 3188 1141 3267 inclusa,
1162 3190 1292 3277 specio·

249 3317 318 3362 sam
328 3312 465 3373 tantum,
477 3308 534 3356 aut
544 3313 583 3354 ex
592 3307 685 3378 parte
696 3281 847 3355 haustam
859 3292 1063 3380 voluptatem
1071 3294 1181 3374 affert,
1193 3293 1292 3358 adeo-

249 3425 315 3491 que
327 3401 427 3467 etiam
437 3397 613 3462 utilitatem
624 3395 743 3460 iisdem
755 3395 876 3460 finibus
891 3397 1181 3485 circumscriptam.

291 3507 380 3572 XVI.
396 3503 596 3568 Dissimilem
608 3519 720 3566 tamen
733 3503 869 3567 omnino
883 3504 1138 3569 Homericomm
1150 3503 1294 3569 heroum

250 3614 343 3677 aiunt
357 3631 427 3673 esse
444 3611 594 3688 AEneam;
611 3608 803 3673 inferiorem
815 3606 941 3673 Achille
954 3624 986 3672 et
998 3607 1130 3698 Ulysse3
1142 3611 1215 3674 sola
1223 3614 1295 3695 pie·

250 3731 318 3782 tate
330 3717 496 3802 insignem.
513 3710 602 3796 Quid
615 3713 734 3799 igitur?
748 3714 775 3777 si
787 3715 904 3778 AEneas
922 3714 1004 3777 alter
1021 3731 1106 3778 esset
1126 3713 1297 3779 Achilles?

249 3820 332 3883 alter
349 3818 503 3908 Ulysses?
521 3840 635 3883 annon
652 3820 851 3912 exscriptum
874 3818 985 3910 potius
1005 3836 1037 3886 et
1056 3820 1166 3886 servili
1186 3821 1295 3886 imita-
