2724 4580
219 243 278 310 166
398 242 432 303 P.
457 236 959 316 V1.RGILIIMARONIS,'
985 255 1066 302 erc.

213 365 376 434 Omnibus
388 380 552 429 errantem
564 363 659 428 terris
671 381 704 428 et
715 362 872 428 fluetibus
885 378 989 428 aestas.

246 535 298 598 756.
318 532 433 579 Fluctibus
442 531 584 578 —0mnibus
596 541 663 577 testas
672 531 720 576 alii.
733 547 759 576 ac
768 527 879 592 fluctibus
888 531 981 593 Menag.
999 533 1101 594 ettterrr's
1119 538 1142 574 et
1154 530 1269 590 fluctibus
1351 519 1352 522 Ἰ

217 605 306 668 aliquot
319 604 374 650 libri
389 604 451 667 apud
467 605 582 659 Pierium,
599 603 675 664 quod.
692 605 782 665 iuquit,
794 605 933 648 senteutiam
945 603 1024 648 reddit
1034 602 1177 646 uberiorem.
1192 602 1220 646 Et
1232 605 1266 647 sic
1342 597 1352 660 J

178 685 184 690 '
216 691 311 737 quoque
323 677 371 720 MS.
382 676 498 721 Bersmau.
509 685 532 720 et
543 674 581 720 ed.
591 674 691 736 Cuuing.
706 676 734 718 ln
747 673 816 720 Goth.
834 690 870 736 pr.
885 673 1023 736 subjicitur:
1038 674 1130 718 Funera
1141 671 1266 716 Dardaniae
1351 671 1352 674 ’

217 754 295 790 narrat
300 746 414 808 fletusque
423 743 527 789 secundo.

216 899 261 948 111.
275 916 314 967 pr.
329 896 452 948 Ceterum
471 897 581 949 Humius
601 917 624 948 c.
641 897 714 949 XXII
763 897 849 948 AEneae
879 898 1032 949 narratione
1065 911 1150 945 novus
1181 892 1263 964 plane

217 977 300 1030 Elem.
314 977 370 1028 crit.
384 975 555 1046 reprehendit
566 977 627 1028 libri
640 977 714 1028 clau-
763 996 851 1029 rerum
883 977 950 1029 ordo
979 978 1112 1046 exsurgit,
1142 973 1264 1043 adeoque

207 1056 303 1107 sulam
313 1094 322 1120 ,
336 1075 395 1106 cum
408 1058 467 1125 ipsa
484 1057 639 1124 πραγμαπιίαι
652 1058 714 1108 nul·
763 1058 963 1130 memorabilem
979 1054 1206 1128 interquiescendi
1226 1054 1265 1104 lo·

217 1134 344 1200 lambio,
365 1134 400 1186 ud
412 1135 484 1204 quod
500 1135 547 1188 illa
567 1137 649 1188 incidi
664 1155 714 1207 po-
764 1157 824 1190 cum
837 1138 951 1207 subjicit.
963 1139 1002 1190 De
1013 1137 1138 1190 clausulis
1152 1148 1178 1188 et
1190 1152 1267 1186 exor-
1351 1158 1352 1170 π

219 1216 316 1277 tuerit,
355 1227 518 1266 momentum
552 1216 712 1287 suppeditet.
764 1218 813 1269 diis
837 1216 966 1268 librorum
986 1217 1104 1269 AEneidis
1123 1234 1178 1267 nou
1194 1214 1263 1266 male
1351 1221 1352 1272 l

218 1295 350 1344 Monitum
361 1292 428 1357 hoc,
447 1306 477 1344 ut
495 1294 573 1364 plura
584 1315 599 1348 a
611 1313 713 1348 summo
764 1297 945 1368 disputantem
956 1297 1034 1350 video
1046 1298 1101 1348 los.
1115 1289 1265 1366 Trappium

218 1373 295 1438 viro,
313 1371 434 1425 subtilius
446 1392 526 1444 quam
536 1377 633 1426 verius.
647 1374 714 1426 Cum
765 1375 799 1427 ad
810 1373 836 1428 h.
852 1376 870 1427 l.
