2718 4598
252 373 315 441 290
502 346 1045 418 numerumnunerum

251 475 413 544 Lainbere
425 475 556 540 flamma
569 495 693 552 comas,
708 490 741 538 et
754 473 879 540 circum
891 491 1040 564 tempora
1049 481 1150 566 pasci.
1344 473 1345 546 l

246 589 318 652 llos
330 583 441 674 pavidi
453 582 619 673 trepidare
631 598 736 662 metu,
751 583 943 673 crinemque
956 585 1152 674 flagrantem
1244 603 1298 651 ,685

236 697 424 772 Excutere,
439 711 472 757 et
484 709 612 758 sanctos
625 692 830 779 restinguere
843 691 990 758 lontibus
1003 695 1106 784 ignee.

165 786 173 807 l
248 805 290 865 At
301 816 395 889 peter
406 799 563 865 Anchises
576 798 691 862 oculos
703 795 745 861 ad
758 795 866 862 sidera
876 799 971 863 laetus

248 908 386 985 Extulit,
400 922 434 969 et
445 905 528 970 coelo
543 905 667 994 palmas
681 927 757 969 cum
769 927 851 970 voce
864 903 1021 970 tetendit:

248 1017 267 1079 J
271 1014 403 1102 uppiter
414 1013 639 1100 omnipotenS,
653 1010 808 1098 precibus
823 1013 849 1077 si
861 1011 1003 1078 flecteris
1016 1013 1105 1093 ullis,
1127 1048 1133 1057 ·

246 1120 388 1210 Adspice
400 1141 478 1198 noe,
491 1117 556 1182 hoc
568 1134 714 1198 tantum;
728 1133 774 1197 et,
788 1119 815 1182 si
827 1119 949 1206 pietate
963 1143 1146 1200 meremur,
1253 1137 1295 1198 690

248 1231 297 1293 Da
309 1223 430 1291 deinde
443 1224 614 1304 auxilium,
628 1240 735 1311 peter,
749 1241 849 1324 atque
861 1225 933 1290 haec
944 1227 1057 1291 omina
1068 1227 1175 1292 firma.

248 1440 324 1486 detur.
337 1438 368 1484 ef.
380 1440 459 1484 Burni.
472 1445 589 1500 tractuque
606 1435 677 1484 lectio
695 1450 768 1484 erata
787 1439 865 1484 Burni.
884 1441 1001 1501 reposita,
1014 1441 1044 1488 de
1056 1457 1102 1504 qua
1114 1439 1187 1488 latius
1206 1443 1253 1503 egit
1270 1437 1298 1485 ad

247 1511 309 1555 Grac.
322 1510 409 1573 Cyneg.
423 1505 468 1554 362
477 1541 484 1564 ,
497 1523 550 1552 cum
568 1508 631 1552 enim
649 1507 722 1554 semel
741 1517 826 1554 tructus
839 1510 987 1570 flemmarum
1003 1511 1130 1568 arrideret,
1143 1513 1235 1576 ubique
1252 1511 1298 1556 lere

245 1581 373 1627 obtrudere
392 1596 445 1626 eum
457 1579 608 1625 volebatur
624 1592 702 1626 tamen
719 1589 805 1626 tractus
810 1582 913 1642 flammai
929 1585 999 1628 etiam
1015 1583 1044 1627 ab
1054 1583 1078 1628 h.
1096 1583 1112 1627 l.
1131 1581 1285 1628 alienissimus
1291 1598 1298 1636 ;

245 1655 344 1699 emicare
354 1655 419 1710 enim
429 1650 482 1697 talis
492 1650 599 1706 flamma,
610 1667 700 1708 errare,
712 1652 832 1708 lambere,
845 1664 935 1698 tantum
948 1653 1030 1699 debuit
1035 1671 1042 1709 ;
1055 1666 1125 1717 atque
1138 1653 1185 1699 hoc
1202 1666 1237 1700 est
1249 1662 1298 1698 tan-

243 1740 310 1788 qere,
322 1734 409 1780 metus,
419 1723 484 1786 qnod
496 1722 552 1768 libri
561 1723 649 1769 habent
657 1723 766 1786 plerique
777 1740 870 1780 omnes,
879 1727 948 1771 etiarn
957 1725 1043 1772 Medic.
1054 1738 1078 1772 et
1089 1727 1173 1788 fragm.
1181 1727 1258 1770 Varie.
1265 1723 1299 1768 Ad

246 1805 356 1852 tractum,
366 1799 407 1860 qui
419 1808 454 1842 est
465 1795 562 1840 flammae
571 1810 614 1857 per
625 1794 721 1858 longum
731 1797 832 1858 epatium
844 1797 934 1852 ductu,
947 1797 1036 1845 referre
1048 1797 1133 1843 melius
1145 1799 1220 1858 possis
1232 1811 1297 1850 mor,

244 1882 296 1928 quae
308 1866 338 1912 de
349 1865 422 1912 etellae
437 1864 505 1928 lapsu
516 1865 569 1926 693.
583 1880 634 1927 sqq.
647 1865 723 1927 Major
736 1865 862 1912 difficultas
878 1868 902 1911 in
914 1864 978 1912 molli
984 1899 991 1920 ,
1004 1865 1070 1928 quod
1082 1878 1152 1910 antea
1164 1865 1298 1928 legebatur,
1344 1871 1345 1904 ἶ

246 1951 269 1984 et
281 1953 335 1982 sane
348 1936 611 1982 accommodatissimum
629 1948 663 1982 est
674 1934 707 1996 uqi
721 1945 794 1993 tactu,
806 1952 850 1983 nec
863 1949 941 1982 tamen
959 1939 1005 1982 nisi
1021 1935 1081 1982 forte
1098 1939 1123 1981 in
1135 1936 1300 1982 recentissimis
1344 1965 1345 1976 2

245 2006 314 2060 codd.
327 2018 350 2052 et
358 2008 384 2052 in
392 2017 448 2052 vett.
460 2003 528 2060 edd„
540 2019 598 2066 quat
609 2004 720 2066 equidem
737 2005 815 2053 evolvi
824 2006 951 2062 ,omnibus
964 2021 1087 2060 occurrere
1099 2006 1203 2052 videtur.
1216 2006 1300 2050 Contra
1344 2059 1345 2064 q

245 2075 360 2139 quicquid
376 2087 410 2121 est
421 2069 543 2130 codicum,
556 2085 579 2120 et
597 2076 622 2119 in
638 2073 675 2119 his
687 2075 857 2137 antiquissimi,
867 2073 955 2118 Medic.
968 2090 1021 2119 cum
1032 2075 1114 2136 fragm.
1127 2076 1219 2130 Vatic,
1228 2071 1299 2118 mollis
1344 2083 1345 2116 l

244 2146 356 2201 habent„
366 2143 471 2192 Parthas.
487 2156 510 2191 et
520 2145 557 2190 ed.
569 2143 629 2190 Ven.
642 2160 695 2190 cum
711 2159 751 2190 sex
764 2139 843 2190 lleins.
856 2155 879 2190 et
888 2146 985 2207 antiquo
996 2160 1045 2189 uno
1057 2144 1122 2206 apud
1132 2146 1194 2190 Pier.
1207 2143 1284 2191 molles
1291 2162 1300 2198 ,-
1344 2127 1345 2206 l

244 2215 364 2280 quomodo
372 2217 443 2278 igitur
455 2213 528 2261 molle
538 2215 614 2260 deseri
625 2217 709 2276 poscit,
719 2229 768 2259 non
779 2213 855 2260 video.
866 2215 926 2260 Sane
936 2226 986 2259 tum
996 2225 1019 2259 et
1028 2211 1103 2260 mollis
1112 2227 1189 2260 comas
1199 2211 1300 2260 cimeliis
1344 2215 1345 2260 l

239 2289 335 2348 flamma
344 2289 413 2350 jungi
426 2299 516 2350 potest;
527 2287 625 2348 flamma
635 2283 709 2332 mollis
726 2298 760 2332 est
769 2283 840 2342 levis,
856 2298 882 2330 ut
897 2283 969 2332 mollis
980 2301 1086 2341 somnus,
1103 2282 1142 2332 vel
1158 2283 1264 2340 mobilis,
1275 2296 1301 2328 nt
1344 2271 1345 2340 l

243 2359 328 2420 Georg.
341 2359 377 2414 ll,
388 2355 517 2418 389m011u
526 2355 610 2402 oscilla.
623 2359 657 2402 lta
670 2354 723 2402 levis
734 2371 794 2420 apex
804 2368 828 2402 et
838 2354 911 2402 nullis
915 2356 1011 2416 flamma
1024 2353 1068 2401 sibi
1082 2354 1238 2416 respondent.
1251 2355 1300 2398 Ve-

244 2445 297 2474 rum
310 2440 333 2474 et
343 2443 413 2473 comoe
422 2426 499 2474 molles
508 2431 532 2474 in
546 2443 621 2490 puero
632 2439 695 2474 recte
706 2428 823 2473 dicuntur.
836 2453 867 2462 -
876 2427 929 2474 685.
941 2424 1023 2490 trepidi
1029 2422 1101 2471 Wall.
1117 2442 1189 2471 manu
1204 2427 1299 2470 crinem·
1344 2425 1345 2450 l

243 2515 288 2564 que
298 2501 388 2561 Hugen.
399 2525 429 2534 —
438 2499 491 2546 686.
502 2515 578 2545 sacros
590 2498 659 2546 Goth.
672 2513 718 2546 sec.
731 2497 829 2545 Mentel.
843 2514 888 2545 sec.
902 2512 925 2544 et
935 2497 972 2544 ed.
981 2499 1057 2554 Dan,
1071 2515 1099 2544 ex
1109 2497 1254 2559 compendio
1271 2495 1300 2539 li-

243 2581 354 2616 terarum.
365 2587 387 2616 v.
399 2571 477 2616 Burm.
489 2571 592 2617 Macroh.
603 2572 647 2627 lll,
660 2572 682 2618 3.
695 2579 796 2626 sanctos,
807 2586 895 2626 sacros,
907 2574 961 2633 quia
974 2571 1081 2615 diuinitus
1090 2572 1240 2634 contigerunt.
1248 2581 1300 2612 exs-
1344 2575 1345 2670 q

244 2631 343 2704 linquere
352 2649 391 2702 qu.
404 2639 488 2686 Moret.
502 2653 525 2687 et
534 2643 600 2687 Voss.
613 2667 644 2676 —
653 2641 707 2703 687.
725 2642 757 2686 Et
763 2658 789 2703 p.
801 2643 883 2686 Franc.
893 2665 925 2676 --
933 2639 986 2686 688.
999 2643 1034 2684 Ac
1046 2638 1099 2686 coeli
1107 2638 1220 2685 Rottend.
1233 2655 1268 2700 pr.
1278 2643 1300 2679 et
1344 2671 1345 2684 i

227 2708 331 2775 palmas
347 2710 404 2756 coelo
418 2711 507 2757 Zulich.
520 2713 552 2758 ad
566 2710 648 2758 coelum
666 2711 756 2780 aliquot
773 2713 835 2758 Pier.
852 2712 884 2758 ad
898 2709 965 2758 culos
982 2727 1005 2774 p.
1023 2711 1136 2756 Rottend.
1149 2725 1213 2765 sec,
1232 2706 1296 2752 male.

244 2783 307 2830 coni.
317 2785 395 2828 Burm.
407 2809 439 2818 -
448 2781 501 2845 690.
521 2783 561 2830 lus
572 2800 616 2846 pro
633 2783 673 2830 lroc
684 2784 787 2840 Medic,
800 2783 841 2829 sed
853 2800 866 2828 a
880 2799 910 2828 m.
930 2799 966 2844 pr.
979 2797 1020 2828 nos
1035 2791 1125 2827 tantum
1139 2791 1163 2826 et
1177 2784 1199 2826 si
1213 2779 1296 2843 quidp.

244 2855 335 2916 liugen.
347 2881 380 2890 -
388 2854 441 2916 691.
457 2855 585 2902 Turbaturn
602 2855 641 2900 hic
659 2855 750 2916 aliquid
763 2853 820 2899 olim
838 2868 887 2900 esse
907 2853 1005 2908 debuit,
1020 2854 1039 2898 si
1051 2853 1168 2913 Pompou.
1189 2849 1298 2896 Sabinum

243 2926 363 2986 inspicias:
373 2923 461 2970 Probus
470 2929 504 2970 ait
512 2939 602 2988 terque
613 2926 662 2971 haec
672 2926 750 2970 omina
762 2923 842 2979 firma,
855 2925 901 2968 uisi
908 2926 967 2968 enim
975 2925 1075 2986 petiisset
1083 2924 1173 2976 omino,
1185 2932 1298 2984 nmquam

243 2994 372 3056 cottſsmori
379 3004 478 3059 optasset
486 2997 529 3054 (an
540 2995 585 3041 hor
596 2994 626 3040 ad
637 2994 764 3042 lectionem
775 2996 849 3040 omina
859 2995 980 3054 spectavit,
986 3007 1033 3053 pro
1041 3006 1090 3054 quo
1100 2993 1126 3034 in
1136 2988 1218 3036 multis
1227 2989 1296 3035 omnia
1344 3007 1345 3064 q

242 3175 300 3240 vl,
321 3175 374 3228 636
393 3175 474 3247 inque
496 3192 571 3228 coma
591 3175 744 3230 Flammeus
791 3164 873 3228 docte
884 3195 934 3246 pro
947 3173 1144 3246 fonte‚etlroc
1155 3191 1207 3244 pro
1220 3189 1294 3242 aqua.
1344 3163 1345 3178 ¹

243 3255 308 3306 arsit
328 3270 404 3325 apex.
428 3257 503 3306 Hanc
518 3258 649 3309 rationem
671 3256 744 3308 dam·
792 3258 893 3310 Ornate
910 3267 1004 3308 'autem
1029 3253 1104 3306 dicta
1125 3253 1241 3324 singule.
1263 3251 1296 3302 ci.

242 3351 307 3384 nere
324 3331 449 3402 equidem
465 3335 561 3396 nolim;
582 3347 607 3386 et
624 3337 662 3386 sic
682 3334 744 3388 levis
792 3337 970 3388 imitationem
1003 3333 1104 3386 Valerii
1140 3333 1231 3385 Flacci
1262 3333 1297 3394 1,

241 3410 311 3463 bene
319 3412 352 3464 de
362 3411 475 3464 flamma.
487 3413 575 3464 Burm.
584 3425 673 3466 tamen
683 3431 744 3465 cum
794 3415 845 3486 570
857 3433 916 3486 sqq.

243 3490 334 3542 Servio
346 3493 448 3562 apicem
460 3495 569 3563 proprie
587 3493 689 3562 dictum
701 3511 743 3543 ae·
828 3497 889 3565 690.
903 3495 1014 3565 Adspice
1026 3513 1091 3559 nos,
1109 3513 1162 3565 pro
1178 3493 1297 3563 vulgari,

239 3571 324 3638 cipit,
344 3587 380 3620 sc.
400 3569 435 3621 de
453 3570 525 3640 pileo
540 3571 665 3643 Phrygio,
680 3573 741 3642 qui,
791 3576 905 3645 ¹respice,
922 3587 952 3625 ut
972 3577 1092 3626 animum
1110 3574 1146 3626 ad
1166 3575 1298 3642 Trojanos

243 3659 273 3696 ut
288 3649 379 3716 pueri,
400 3665 457 3700 esse
474 3649 596 3702 debuerit
609 3650 684 3702 levis:
700 3653 743 3701 vix
793 3653 930 3716 advertat;
951 3672 1015 3705 nam
1029 3652 1119 3704 adhuc
1138 3669 1249 3704 eversus
1266 3650 1297 3702 ab

242 3728 306 3776 satis
328 3727 405 3776 scite!
418 3727 535 3801 flamma
556 3730 609 3780 visa
630 3726 743 3785 lambere
792 3735 823 3784 iis
834 3750 891 3784 esse
900 3731 1051 3784 videbatur.
1064 3731 1115 3782 hoc
1128 3743 1296 3796 tantum‚sc.

244 3815 315 3856 tactu
323 3843 333 3870 ,
346 3816 471 3856 contactu
490 3807 543 3874 (cf.
554 3808 617 3858 Ver.
632 3809 741 3880 Lech),
791 3812 870 3882 plura
883 3831 898 3864 a
910 3824 936 3863 te
952 3829 1007 3861 non
1019 3823 1094 3881 peto.
1111 3813 1161 3862 inf.
1176 3811 1228 3874 IX,
1248 3808 1298 3862 636

189 3910 190 3913 “
243 3885 323 3936 itaut
340 3885 543 3948 innoxiaesset,
558 3903 607 3955 pro
625 3887 740 3938 innoxie.
787 3889 1230 3960 'HortantumAscanius.-691.
1247 3887 1298 3938 ltoec

238 3963 481 4042 'Lamberetascss
494 3982 543 4033 pro
555 3965 648 4018 ardere
661 3985 742 4036 quam
789 3969 880 4022 omnia
888 3965 992 4038 finita,
1013 3969 1167 4020 secundum
1185 3984 1297 4039 augura·

242 4048 349 4098 ornate!
368 4045 478 4116 exiguis
491 4046 739 4117 neturufontibus,
789 4046 1041 4121 lerndiseiplinanr,
1068 4050 1103 4098 cf.
1132 4048 1161 4100 h.
1184 4048 1202 4099 1.
1225 4045 1295 4098 Serv.
