2694 4574
217 275 237 352 4
545 269 870 353 nrsoursrrro
892 277 909 338 1

217 394 316 459 citare
329 391 444 456 animis
459 393 596 480 possint.
615 396 757 460 Omnino
772 398 859 460 enim
874 397 1087 485 praecipiendi
1101 399 1192 466 hisce
1207 400 1248 466 de

216 502 314 566 rebus
342 501 464 567 utiliter
491 518 523 565 et
549 525 625 566 curn
652 503 762 568 fructu
786 501 828 566 ad
850 501 1096 568 adolescentum
1123 508 1251 588 animos

216 628 319 695 genus
340 623 390 670 est
408 631 511 671 unum
531 623 564 671 et
583 607 719 672 fortasse
737 608 857 686 solum,
882 624 919 671 ut
939 632 1007 673 non
1027 611 1182 677 universo
1209 611 1252 676 de

217 736 336 801 genere
360 715 462 778 multa
486 697 893 801 subtiliter‘disputentur,
917 739 1033 780 verum
1057 734 1095 781 ut
1120 715 1155 783 in
1181 719 1253 806 ipsa

215 820 483 906 interpretatione
494 837 600 907 poetae
614 820 648 884 in
660 819 795 908 singulis
809 821 903 900 locis,
916 821 1029 902 rebus,
1049 826 1199 910 personis
1213 848 1253 890 ac

216 925 384 1010 sententiis
399 939 436 990 ea
449 944 645 992 moneantur
656 925 828 992 salubriter
840 949 878 992 ac
891 925 1105 1008 brevissimis,
1122 953 1197 1020 quae
1212 954 1253 995 ex

215 1054 251 1095 re
269 1033 421 1118 praesenti
435 1049 468 1096 et
482 1033 584 1098 oculis
605 1032 750 1122 subjecta
768 1032 947 1097 claritatem
966 1055 1058 1099 suam
1075 1034 1200 1101 habent
1219 1054 1254 1101 et

214 1137 393 1201 veritatem.
410 1137 608 1203 Adolescens
623 1136 771 1226 quidem,
793 1139 850 1226 qui
864 1155 931 1202 tam
944 1139 1058 1203 beatus
1075 1141 1191 1219 luerit,
1214 1159 1253 1206 ut

216 1244 397 1308 Homerum
412 1261 445 1308 et
457 1244 630 1332 Virgilium
641 1243 827 1331 interpretis
839 1243 974 1333 alicujus
988 1266 1087 1332 opera
1099 1246 1133 1308 in
1147 1244 1250 1325 hunc,

216 1369 315 1435 quem
326 1347 406 1428 dixi,
421 1348 558 1421 modurn
574 1347 721 1412 instituta
736 1364 920 1412 enarratum
937 1347 1091 1430 audierit,
1106 1349 1253 1437 disputa-

214 1453 320 1518 tiones
334 1453 404 1518 illas
417 1451 597 1518 oestlteticas
613 1451 745 1542 (quidni
764 1453 852 1516 enim
869 1451 933 1517 hoc
951 1455 1085 1518 nornine
1101 1471 1250 1536 utamur,

215 1541 291 1621 cuin
305 1560 352 1623 rei
366 1557 574 1647 designandae
587 1557 784 1622 vocabulum
802 1555 891 1620 aliud
912 1555 1070 1621 idoneum
1088 1580 1156 1624 non
1174 1579 1253 1645 sup-

214 1664 340 1749 petati)
362 1664 447 1727 forte
468 1687 535 1728 non
550 1664 742 1728 sine-fructu
757 1663 867 1750 aliquo
886 1661 1032 1748 posthaec
1054 1646 1251 1751 cognoscet;

214 1764 273 1830 sed
287 1769 380 1832 initio
390 1792 409 1832 a
420 1770 475 1833 tali
489 1769 629 1832 lectione
641 1768 727 1832 facto
742 1767 769 1830 si
783 1767 855 1854 quis
867 1764 909 1829 ad
922 1782 1036 1852 poetas
1049 1787 1251 1854 cognoscen-

216 1870 279 1936 dos
289 1895 426 1960 pergere
439 1874 593 1952 voluerit,
615 1895 656 1936 an
675 1872 702 1936 is
717 1895 756 1934 ex
769 1870 881 1935 subtili
899 1871 953 1934 illa
972 1870 1195 1958 disputatione
1208 1871 1252 1936 ad

213 1975 443 2065 intelligendos
462 1994 495 2041 et
510 1974 706 2066 judicandos
726 1991 839 2061 poetas
859 1974 999 2038 multum
1017 1976 1197 2062 profecisse
1216 1997 1253 2040 se

214 2082 437 2153 intellecturus
458 2081 513 2159 sit,
535 2078 713 2145 admodum
728 2077 859 2156 dubito,
879 2102 955 2158 nec,
975 2081 1028 2144 cui
1047 2079 1129 2143 illud
1143 2080 1251 2145 conti-

215 2187 326 2273 gisset,
343 2208 542 2274 quemquam
559 2183 637 2252 vidi.
654 2183 732 2262 Sed,
753 2199 790 2246 ut
807 2185 968 2270 perversis
985 2184 1157 2249 hominurn
1172 2207 1250 2249 nos-

214 2306 341 2360 trorum
358 2289 473 2354 studiis
493 2292 695 2366 occurratur,
717 2286 863 2352 simodo
882 2289 1009 2352 occurri
1027 2304 1154 2376 potest,
1174 2290 1254 2354 satis

214 2391 286 2460 haec
300 2393 385 2458 dicta
397 2415 468 2458 esse
481 2393 630 2459 arbitror.
1289 2479 1296 2485 ἱ

261 2500 287 2560 Ι.
316 2498 396 2579 Quae
420 2498 474 2563 hic
497 2523 517 2563 a
537 2523 591 2568 me
611 2495 805 2586 exponenda
825 2512 916 2577 sunt,
938 2520 1043 2586 pauca
1065 2496 1200 2585 quidem
1220 2516 1255 2563 et

216 2607 416 2685 summatim,
431 2606 473 2692 ad
486 2607 701 2695 Virgilianum
707 2625 838 2669 cannen
848 2623 924 2671 sunt
935 2601 1115 2670 referenda.
1131 2606 1181 2671 Ad
1191 2606 1254 2672 hu·

212 2711 267 2800 jus
281 2712 440 2776 rationem
450 2709 694 2799 intelligendam
705 2712 781 2775 satis
790 2727 837 2774 est
846 2727 968 2790 tenere,
981 2733 1111 2776 caurien
1125 2714 1255 2796 ept'oum

202 2811 366 2891 ¹universe
381 2819 464 2883 nihil
476 2817 661 2896 aliudesse,
682 2839 781 2908 quam
796 2820 1013 2882 narrationem
1028 2816 1175 2882 omnibus
1191 2841 1252 2882 nn·
1265 2887 1271 2899 .

216 2928 311 2989 nactas
321 2925 502 2990 absolutam
515 2948 555 2988 ac
565 2923 762 3009 pennatam,
772 2943 831 2986 seu
845 2925 1041 2986 narrationis
1052 2945 1153 3010 genus
1162 2944 1251 3006 prce-

216 3033 446 3095 stanttssimnm
462 3043 496 3091 et
507 3029 547 3090 iis
559 3025 750 3101 virtutibus,
766 3050 839 3116 qum
851 3025 925 3090 huic
933 3029 1046 3114 generi
1058 3029 1161 3088 inesse
1175 3047 1250 3111 pos-

215 3149 309 3207 sunt,
319 3134 538 3208 cumulatum
552 3133 706 3198 camu'nis
724 3134 835 3219 itaque
849 3133 935 3216 epici
946 3145 1097 3196 nanuum
1107 3133 1252 3216 positam

214 3259 282 3300 estc
296 3241 330 3300 in
341 3241 390 3301 rei
398 3259 525 3324 magara
535 3251 569 3301 et
579 3235 710 3309 arduae,
721 3257 839 3324 magno
851 3259 925 3300 cum
940 3239 1050 3300 animo
1065 3251 1097 3299 et
1115 3235 1252 3300 consilto

214 3355 526 3432 susceptoeetgestae,
535 3343 717 3404 nuncnune
728 3337 776 3406 ad
784 3337 1031 3405 admirationem
1039 3337 1250 3428 efficiendam

215 3439 370 3510 tirsu'ta'ta.
392 3443 564 3532 Ejusmodi
587 3445 674 3507 enim
692 3443 833 3507 narratio
856 3444 1119 3530 praestantissima
1139 3458 1188 3505 est
1209 3465 1251 3506 ex

216 3565 286 3613 toto
300 3549 364 3614 hoc
377 3571 488 3612 rerum
502 3571 631 3636 genere.
650 3545 880 3612 Admiratione
893 3549 1008 3612 animis
1025 3527 1250 3635 injecta-*quae-

215 3654 299 3716 ritur
311 3651 364 3742 hic
378 3675 430 3732 ea,
446 3675 519 3742 quae
533 3653 623 3716 omni
637 3651 771 3718 carmini
784 3654 952 3740 proposita
966 3667 1031 3730 est,
1052 3650 1163 3716 sedin
1182 3649 1249 3714 alio

215 3759 335 3844 genere
349 3755 389 3821 ab
403 3757 473 3823 aliis
492 3759 611 3822 caussis
631 3756 861 3844 proficiscitur,
880 3756 1050 3821 delectatio
1056 3782 1068 3832 ;
1090 3776 1163 3843 quae
1184 3756 1248 3818 uti-

217 3885 298 3950 que,
310 3862 338 3926 ai
352 3862 494 3956 ingenuo
509 3879 542 3927 et
554 3861 681 3929 liberali
695 3863 803 3927 animo
822 3861 919 3950 digna
938 3883 1008 3925 esse
1028 3858 1142 3942 debet,
1162 3881 1248 3924 are-
