2718 4598
349 275 584 342 AENEIDOS
608 223 761 342 LlllER
785 277 833 340 ll.

68 405 233 470 Fulminis
247 399 380 466 adflavit
392 402 513 479 ventis,
527 416 560 464 et
572 401 708 488 contigit
720 389 797 488 igni.

68 500 165 576 Talia
177 507 344 599 perstabat
354 529 556 584 memoranS,
570 505 719 594 fixusque
731 503 893 569 manebat.

68 621 138 681 Nos
152 632 280 688 contra,
296 614 394 676 effusi
406 613 561 692 lacrimiS,
576 612 785 700 conjunxque
798 613 935 690 Creiisa,

69 723 313 809 Ascaniusque,
328 719 502 808 omnisque
516 716 648 797 domus,
663 741 704 781 ne
717 735 845 781 vertere
857 740 971 782 secum

70 833 199 894 Cuncta
210 844 316 916 pater,
331 827 465 916 fatoque
478 825 632 912 urguenti
645 822 835 888 incumbere
848 824 957 887 vellet.

70 935 236 1022 Abnegat,
251 935 451 1020 inceptoque
465 947 497 994 et
510 929 643 994 sedibus
658 929 761 994 haeret
774 931 807 993 in
820 929 935 994 isdem.
957 995 962 1006 ‚

71 1045 199 1106 Rursus
211 1041 246 1102 in
257 1061 348 1103 arma
360 1039 463 1116 feror,
478 1053 687 1126 mortemque
700 1037 903 1101 miserrimus
917 1054 1006 1126 opto,
1075 1044 1120 1098 655

71 1151 157 1212 Nam
170 1144 261 1236 quod
274 1144 450 1210 consilium
462 1160 519 1206 aut
531 1166 605 1232 quae
614 1143 682 1231 jam
695 1143 828 1223 fortuna
840 1142 999 1207 dabatur?

72 1257 173 1317 Mene
188 1251 308 1314 efferre
322 1247 458 1336 pedem,
472 1249 615 1336 genitor,
626 1265 660 1313 ,te
673 1271 770 1334 posse
782 1249 897 1314 relicto

69 1357 236 1447 Sperasti?
247 1371 443 1443 tantumque
457 1354 549 1416 nefas
560 1353 668 1440 patrio
682 1354 801 1417 excidit
814 1357 893 1418 ore?

70 1465 104 1529 Si
116 1463 200 1527 nihil
213 1485 252 1525 ex
263 1476 354 1524 tanta
365 1459 497 1547 Superis
510 1459 617 1546 placet
630 1458 712 1522 urbe
724 1459 881 1548 relinqui,

1017 299 1021 310 ¹
1053 277 1115 365 287

1073 517 1118 564 650

110 1620 165 1682 649.
183 1623 231 1684 ique
245 1618 342 1664 Oudart.
360 1619 401 1664 secl
418 1617 512 1662 alteram
529 1616 627 1662 formam
641 1617 752 1678 Virgilius
765 1619 879 1678 sequitur.
897 1620 958 1664 conf.
984 1622 1062 1666 Burm.
1088 1651 1119 1661 .-

69 1693 125 1738 651.
143 1691 192 1743 Nos
207 1691 292 1734 circum
308 1687 421 1733 Montalb.
436 1686 515 1749 effusis
530 1684 627 1730 lacrimis
640 1689 745 1748 quinque
760 1687 822 1748 apud
839 1689 931 1742 Burm,
946 1679 1118 1754 quod'vulqare

71 1772 140 1808 esset.
155 1759 225 1822 effusi
240 1757 345 1803 lacrimas
356 1757 464 1803 liottend.
480 1772 525 1802 sec.
541 1765 564 1800 et
578 1757 631 1800 llxc.
644 1759 784 1811 Burmann,
796 1758 913 1817 graecismo
924 1758 1004 1819 paullo
1016 1761 1118 1808 duriore.

70 1858 102 1868 -
111 1833 165 1878 652.
178 1841 275 1876 euertere
286 1831 379 1891 Meurig.
391 1845 427 1890 pr.
447 1841 471 1874 et
482 1845 522 1890 qu.
535 1829 619 1873 Moret.
636 1839 662 1872 ut
674 1826 737 1872 alibi.
750 1845 771 1872 v.
787 1829 865 1873 Burm.
876 1855 906 1864 —
918 1830 971 1877 653.
988 1829 1119 1879 circumiere

70 1900 248 1957 zulich.-654.
256 1915 300 1962 que
307 1899 372 1944 abest
379 1897 535 1944 walt-656.
546 1907 624 1961 etquae
633 1897 757 1959 Moretpr.
762 1900 811 1960 jum
820 1898 884 1944 deest
889 1900 985 1946 Mentel.
992 1919 1027 1964 pr.
1036 1904 1119 1947 flamb-

70 1989 108 2034 pr.
117 1989 130 2016 a
138 1988 168 2024 m.
177 1989 212 2034 pr.
222 1983 245 2016 et
252 1970 318 2016 Leid.
328 2005 334 2026 ,
347 1982 370 2014 ct
376 1969 483 2031 placebat
490 1969 566 2014 hiatus
574 1971 677 2022 Heinsio;
684 1968 725 2014 sed
730 1970 790 2014 benc
798 1971 982 2029 Burmmonuit,
990 1977 1122 2019 necessario

69 2043 95 2087 h.
104 2043 120 2087 l.
129 2044 328 2104 requirijamaut
337 2039 468 2102 mihiquaef.
480 2038 569 2100 aliquot
577 2041 636 2084 Pier.
644 2064 675 2074 —
682 2031 734 2100 6'57.
746 2039 880 2102 Mencferre
892 2041 980 2086 thich.
990 2057 1012 2088 ct
1019 2045 1127 2104 pullott,¹

70 2123 94 2159 et
99 2114 166 2177 ferre
175 2114 271 2168 Medic,
279 2113 344 2175 quod
354 2112 649 2174 etadscripsitPompouius
656 2111 741 2156 Sab-
748 2112 800 2171 659.
808 2125 837 2155 ex
845 2121 890 2158 tota
897 2114 994 2178 Oudart.
1007 2131 1059 2159 arn.
1072 2129 1127 2160 sec.¹

70 2272 170 2317 annos,
184 2266 228 2304 ut:
247 2253 345 2304 morari
358 2262 484 2315 mortem,
493 2250 572 2321 fata,

73 2333 191 2397 Orcum,
218 2333 344 2384 animam.
373 2331 499 2401 Exempla
528 2330 574 2381 dat

71 2414 161 2462 Burm.
183 2408 312 2482 fulminis
341 2410 452 2486 utisiauit
474 2410 572 2474 ventis,

71 2509 124 2561 pro
145 2490 270 2554 fulmine,
287 2488 508 2560 quandoquidem
528 2508 574 2540 aer

70 2571 193 2624 fulminis
202 2572 277 2639 jactu
285 2571 414 2640 impulsus
423 2582 449 2621 et
458 2572 574 2621 rarefac-

71 2664 116 2700 tus
140 2649 293 2702 intercludit
314 2651 456 2720 spiritum3
479 2649 572 2700 saltem

69 2742 161 2780 motus
183 2742 209 2780 et
229 2731 343 2799 impetus
363 2731 429 2781 aeris
448 2748 508 2780 cum
520 2730 573 2780 ful·

623 2252 706 2315 torio,
718 2252 787 2302 forte
803 2250 917 2301 dubites.
930 2251 1017 2319 Major
1026 2253 1118 2322 utique

623 2350 710 2382 rerum
716 2332 881 2400 fortunaeque
888 2334 1024 2382 conversio
1033 2335 1060 2382 in
1066 2333 1118 2391 hoc

623 2430 684 2482 rege
708 2414 839 2474 cernitur,
863 2429 943 2480 quam
967 2413 994 2461 in
1017 2414 1120 2466 familia

622 2493 719 2562 privati
727 2491 855 2555 hominis,
866 2493 961 2542 AEneae.
968 2492 1022 2544 Nos
1029 2505 1120 2545 contra

623 2590 699 2622 orare
711 2589 765 2621 non
778 2570 927 2622 desistimus
944 2571 1027 2641 effusi
1044 2572 1131 2624 lacri·'

622 2653 685 2716 mis,
699 2653 827 2722 exquisite
840 2671 889 2721 pro
904 2653 931 2708 i'n
944 2650 1072 2706 lacrimas.
1087 2673 1120 2706 ne
1146 2653 1147 2656 ¹

621 2743 751 2784 verteres.
768 2731 794 2782 h.
813 2731 830 2781 l.
845 2745 974 2796 evertere,
990 2734 1120 2803 perdere,

69 2811 145 2860 mine
157 2811 286 2860 sentitur:
306 2821 378 2861 recte
396 2811 465 2861 enim
483 2824 573 2862 mouet
616 2812 842 2884 fatoqueurpenti
850 2812 1016 2878 imcumbere,
1026 2815 1118 2866 vellet:

69 2890 212 2956 Mejeretto
223 2891 250 2938 in
258 2889 352 2953 Dubii-s
360 2908 386 2958 p.
396 2887 444 2952 56,
454 2901 572 2941 nostram

69 2966 248 3020 subtilitatem
271 2970 408 3039 physicam
433 2970 461 3018 in
484 2981 572 3021 vetere

69 3063 156 3122 poeta
174 3049 263 3101 locum
279 3068 334 3099 non
350 3049 465 3100 habere:
484 3067 576 3099 verum

69 3130 190 3181 docebat
208 3131 267 3199 ipsa
284 3148 341 3194 res,
363 3146 423 3179 cum
437 3131 510 3180 aeris,
527 3131 577 3178 im-

70 3210 156 3280 pulsu
177 3210 278 3261 Fulmen
298 3209 407 3270 cadere3
429 3209 492 3260 hinc
511 3222 575 3259 noto

68 3309 124 3342 usu
139 3290 268 3360 loquendi
278 3290 350 3341 dicta
362 3287 574 3358 aurofulminis;

71 3371 147 3423 unde
155 3373 242 3442 ipsum
248 3372 347 3447 adflme
354 3369 472 3420 ductum.
482 3401 516 3408 —
524 3369 576 3422 650

61 3449 149 3522 fixus.
170 3451 264 3503 affixus
277 3453 352 3516 loco,
366 3468 419 3501 non
437 3450 575 3502 discedens

71 3533 165 3584 domo.
180 3533 215 3583 cf,
226 3533 287 3600 699.

110 3610 408 3682 651-654.Lugubris
418 3621 514 3661 sancet
525 3610 575 3658 mi-

71 3687 191 3744 seranda
207 3709 295 3742 rerum
313 3692 412 3755 faciae,
430 3691 453 3740 si
474 3689 577 3760 singula

72 3775 190 3844 cogites;
204 3771 251 3822 sed
262 3789 295 3820 an
305 3772 438 3821 Wartono
449 3769 577 3820 assentia-

73 3855 127 3917 ris,
141 3853 187 3922 qui
199 3850 361 3901 Lebrunium
369 3849 462 3901 melius
472 3849 524 3900 hoc
535 3867 576 3899 ar·

72 3932 318 4004 gumentopicturae
325 3928 506 4000 proponendae
514 3945 576 3978 usu-

74 4031 138 4062 rum
149 4011 231 4060 fuisse
241 4018 332 4078 putat,
347 4026 426 4077 quam
438 4007 512 4060 Darii
523 4020 578 4060 ten-

621 2890 647 2941 h.
664 2911 687 2942 e·
701 2893 822 2955 exitium,
843 2889 915 2960 quod
933 2890 976 2941 vel
988 2894 1025 2942 sic
1037 2895 1132 2944 immi·
1151 2941 1154 2946 .

622 2971 719 3034 nebat,
744 2969 900 3020 accelerare.
925 2969 1038 3038 Ument,
1061 2989 1120 3039 quae

625 3052 738 3109 instant,
751 3061 793 3113 ut,
805 3066 862 3117 quae
873 3065 963 3097 casum
973 3050 1121 3114 minantur,
1143 3075 1145 3080 ¹

625 3128 665 3178 his
675 3130 697 3178 si
707 3127 894 3188 incumbimus,
906 3145 937 3176 ea
948 3127 1121 3196 impellimus,

625 3220 654 3258 ut
662 3220 799 3277 proruant.
809 3208 878 3257 Bene
884 3205 1000 3256 Servius:
1013 3206 1133 3262 «Simile
1214 3221 1215 3228 ’

626 3300 678 3352 est,
689 3299 731 3337 ut:
742 3297 889 3336 currentem
898 3285 1022 3351 incitare,
1031 3290 1135 3357 proci-f·

623 3368 752 3438 pitantem
766 3362 927 3435 impellere.»
938 3395 971 3402 -
980 3365 1039 3419 656.
1059 3389 1132 3421 nam·

626 3465 683 3518 quae
692 3448 749 3515 jam
762 3443 854 3495 salutis
867 3447 909 3520 via
920 3458 946 3495 et
954 3448 1021 3496 ratio
1032 3461 1133 3520 super:

625 3540 696 3594 erat,
716 3527 738 3576 si
760 3538 838 3595 pater
859 3525 927 3596 fugae
946 3543 1034 3578 comes
1065 3535 1134 3584 esse'

624 3607 747 3658 nolebat,

659 3687 709 3755 657
727 3704 785 3756 sqq.
805 3685 847 3737 Ad
866 3698 969 3756 patrem
987 3688 1134 3744 Anchisen*

626 3784 767 3818 conversus
778 3766 833 3818 haec
843 3765 915 3817 dicit.
927 3767 1047 3820 Affectus
1058 3785 1126 3822 nota

624 3845 888 3917 impetum,pulchre
905 3866 1056 3916 expressum
1076 3852 1135 3901 ab-'

625 3929 709 3996 ruptis
736 3929 816 3979 etiam
842 3928 986 3984 sententiis.
1019 3929 1133 3980 tantum'

627 4005 715 4074 nefus,
730 4019 759 4057 ut
771 4005 896 4059 suaderet
911 4024 968 4057 rem
985 4018 1038 4057 tam
1050 4007 1136 4056 nefa-¹
