2690 4594
204 315 267 393 rro
390 289 394 297 ’
453 311 488 374 r.
513 307 745 372 vinorurr
768 309 1001 374 utnonrs

247 436 329 518 Quae
341 450 516 524 postquam
528 448 618 498 vates
631 433 677 498 sic
690 455 748 498 ore
760 433 880 499 effatus
892 435 998 499 amico
1012 453 1081 500 est:

203 545 299 608 Dona
311 542 433 606 dehinc
444 563 525 605 auro
538 541 648 629 gravia
660 558 818 631 sectoque
831 541 1009 631 elephanto

205 651 348 737 Imperat
359 647 401 711 ad
413 648 505 712 navis
517 648 610 728 ferri,
624 649 789 738 stipatque
802 649 921 713 carinis

204 756 325 842 Ingens
336 769 524 842 argentum,
538 751 795 846 Dodonaeosque
807 755 946 834 lebetas,

204 860 355 925 Loricam
367 875 553 925 consertam
565 859 671 926 hamis
683 883 831 951 auroque
844 861 999 940 trilicem,

204 969 246 1030 Et
258 988 380 1031 conum
392 966 529 1054 insignis
540 966 655 1054 galeae,
670 967 852 1057 cristasque
865 967 1040 1046 comantis,

205 1075 302 1136 Arma
314 1071 534 1161 Neoptolemi.
548 1073 631 1137 Sunt
644 1089 677 1138 et
689 1095 748 1137 sua
760 1072 847 1152 dona
858 1074 997 1163 parenti.

205 1179 306 1244 Addit
318 1177 610 1268 equos,additque
623 1179 743 1260 duces;
1221 1192 1265 1253 tro

205 1287 392 1375 Remigium
405 1286 552 1375 supplet;
566 1288 673 1352 socios
686 1289 783 1352 simul
796 1289 928 1352 instruit
939 1287 1049 1351 armis.

204 1475 256 1518 tur,
267 1447 355 1524 ubique
364 1459 483 1507 inculcare
494 1472 554 1506 amat
559 1478 567 1516 3
578 1461 651 1524 idque
661 1466 732 1510 totius
741 1466 850 1510 carminis
859 1465 988 1509 oecouomia
997 1461 1112 1525 postulat.
1120 1487 1155 1496 -
1164 1461 1220 1518 463.
1229 1461 1265 1524 af·

200 1535 267 1597 jutus
278 1533 346 1579 multi
358 1532 422 1595 apud
436 1534 529 1588 Burm,
546 1531 615 1580 male.
627 1533 695 1598 effari
707 1537 803 1597 proprie
820 1534 849 1580 de
861 1535 960 1581 vatibus.
977 1537 1085 1589 Servius,
1097 1546 1128 1579 ut
1144 1533 1218 1587 solet,
1237 1548 1265 1578 ex

206 1601 312 1664 augurali
326 1601 449 1664 disciplina
465 1605 567 1664 repetit:
585 1601 659 1668 Erpa,
670 1605 778 1667 subjicit,
794 1603 896 1668 relr'qioso
907 1603 974 1650 verbo
985 1603 1058 1650 uomit
1073 1607 1121 1658 uti,
1139 1607 1183 1668 qui
1193 1605 1267 1665 patuit

205 1677 294 1720 eluere:
307 1674 364 1732 Quae
375 1681 495 1736 postquam
509 1684 571 1720 vates
584 1678 616 1720 sic
627 1692 666 1723 ore
682 1686 717 1722 est
727 1676 796 1739 fatus
811 1680 889 1723 amt'cu
901 1687 936 1722 ert
944 1677 1010 1724 deest
1022 1693 1058 1739 pr.
1072 1677 1157 1721 llamb.
1168 1701 1201 1712 -
1210 1673 1266 1730 464.

206 1746 274 1790 Dona
283 1744 320 1789 dei
330 1742 381 1788 hinc
393 1741 421 1788 ed
426 1776 430 1785 .
440 1744 506 1788 lunt.
517 1745 611 1808 qrautiia
619 1745 721 1808 Giphan.
732 1749 758 1791 in
766 1746 818 1791 lad.
829 1747 921 1806 Lucret.
934 1755 1041 1810 septoque
1050 1747 1136 1790 Franc.
1146 1742 1268 1808 elephante
1327 1804 1328 1810 ἵ

206 1813 296 1861 zulich.
306 1841 338 1850 —
346 1814 399 1871 465.
410 1813 509 1861 cathenis
518 1832 554 1878 pr.
564 1817 657 1879 Menag.
669 1843 701 1852 -
709 1816 763 1874 466.
773 1811 937 1882 Dodoneosque
946 1817 1037 1880 aliquot
1046 1816 1100 1862 libri
1111 1833 1116 1861 :
1130 1817 1269 1862 Dodoneus-
1327 1813 1328 1830 ³

206 1899 251 1949 que
261 1883 343 1930 lebetas
352 1885 401 1931 iere
412 1900 509 1940 omnes;
519 1898 572 1933 ante
582 1887 643 1932 Pier.
657 1885 750 1943 lebetes,
760 1888 825 1951 qnod
834 1891 903 1954 pauci
913 1888 967 1933 libri
978 1887 1075 1932 babent.
1087 1884 1172 1953 lebetes
1180 1886 1267 1930 Franc.

206 1957 246 2001 Est
257 1967 335 2002 autem
344 1952 478 2006 satureia.
489 1982 520 1994 -
530 1956 583 2020 467.
597 1967 726 2004 consortum
736 1961 792 2022 Reg.
804 1963 904 2024 squamis
916 1975 938 2006 a.
953 1969 981 2005 tr.
997 1962 1063 2004 Serv.
1075 1959 1117 2012 lv,
1127 1959 1215 2018 Georg.
1226 1971 1268 2016 91.

206 2051 238 2062 -
247 2024 300 2088 469.
317 2028 375 2073 Sunt
383 2025 430 2073 has
441 2029 522 2074 Franc.
534 2055 567 2066 -
575 2029 629 2092 471.
643 2034 739 2077 instruet
754 2027 840 2079 Medic.
859 2035 945 2079 Versus
956 2032 1020 2100 iilum
1030 2030 1080 2076 lere
1092 2029 1136 2074 int.
1150 2029 1219 2084 Vlll,
1235 2027 1268 2073 80

208 2181 240 2229 ac
259 2191 367 2252 rogata,
386 2193 415 2230 ut
435 2200 542 2233 cursum
563 2182 710 2236 secundum
759 2185 817 2236 naci.
839 2186 911 2251 liae,
927 2195 1008 2256 puto,
1024 2179 1267 2252 simplicissimum.

162 2311 164 2318 ,
206 2257 303 2322 siet,h.
318 2261 584 2328 monstret,doceat,
598 2281 709 2334 quomo·
759 2267 842 2316 Porro
855 2266 906 2335 467
919 2264 1042 2317 Loricam
1054 2269 1202 2314 reinerium
1217 2257 1269 2306 ha-
1329 2262 1330 2288 l

209 2340 244 2392 tlo
257 2341 302 2394 ille
312 2343 427 2396 obtineri
437 2347 530 2415 possit.
700 2403 702 2408 ¹
759 2347 823 2411 mir,
844 2346 871 2398 b.
892 2367 915 2399 e.
940 2344 1070 2398 catenulis
1095 2359 1124 2392 se
1148 2340 1268 2390 invicem

245 2420 404 2491 463-47t,
426 2426 539 2476 Munera
555 2424 656 2496 hospiti
676 2425 710 2477 ab
759 2425 959 2491 mordentibus,
972 2415 1130 2478 avertaris,
1146 2434 1270 2488 auroque

112 2501 115 2510 '
208 2499 315 2570 hospite
339 2501 403 2554 data
425 2521 457 2555 ex
480 2507 596 2557 Homero
622 2501 711 2558 animo
760 2503 927 2571 trilicem,h.
939 2525 962 2557 e.
976 2500 1169 2556 iisdembamis
1180 2495 1270 2566 tripli·

209 2591 284 2638 tene;
298 2582 369 2631 conf.
383 2582 478 2654 Odyss.
491 2604 522 2644 u,
535 2585 587 2654 309
600 2602 660 2654 sqq.
674 2587 713 2636 in·
760 2589 827 2637 eatis
840 2597 866 2638 et
880 2585 987 2656 quidem
1005 2583 1104 2635 aureis.
1116 2579 1239 2630 Doctum
1251 2595 1269 2626 a

209 2661 302 2729 primis
322 2682 346 2720 r,
359 2680 399 2732 pr.
414 2662 491 2715 Adde
508 2663 630 2716 Cerdam.
647 2684 712 2716 auro
760 2677 879 2731 textura,
895 2684 955 2717 cum
973 2665 1049 2714 trinis
1068 2659 1176 2711 filorum
1197 2655 1269 2706 ordi-

207 2740 317 2811 qravia:
342 2743 462 2813 signatur
475 2742 581 2813 pondus
603 2763 634 2795 ac
655 2763 713 2814 per·
761 2745 839 2796 nibus
857 2757 956 2796 textum
968 2741 1010 2806 fit,
1030 2740 1142 2809 apiarum.
1160 2737 1198 2787 cf.
1219 2736 1266 2785 inf.

211 2818 274 2872 inde
301 2824 425 2891 pretium.
456 2835 536 2876 secto·
553 2823 711 2894 elephanto,
762 2825 852 2892 adv,
873 2823 942 2894 259,
963 2820 1032 2874 adde
1055 2820 1119 2882 Vll,
1142 2815 1198 2885 639
1222 2812 1269 2864 cli-

211 2900 549 2978 uporuiiaiqarruOdyss.
564 2927 590 2966 a,
611 2905 712 2975 195.r‚
761 2919 1033 2978 peumqueauroque
1057 2895 1171 2950 trilicem
1196 2893 1270 2946 Lori-

212 2981 264 3050 564
275 2983 302 3035 h.
321 3006 342 3037 e.
362 2987 443 3039 ebore
461 2989 488 3038 in
506 2987 627 3039 lamellas
640 2999 712 3039 secto
763 3001 821 3038 ram
835 2984 970 3047 induitur,
985 2983 1031 3052 qui
1041 2980 1117 3031 locus
1131 2996 1173 3028 me
1187 2992 1269 3027 revo-

213 3062 711 3137 adeoqueomninoelaborato‚polito,
763 3079 820 3132 cat,
851 3082 904 3134 quo
928 3064 1029 3124 minus,
1059 3056 1134 3128 qnod
1159 3055 1268 3118 malin,

209 3145 318 3216 previa,
331 3165 403 3200 nunc
418 3151 446 3199 in
464 3149 544 3201 ebore
558 3147 712 3220 simpliciter
763 3144 889 3217 quodque
913 3141 1032 3194 Servium
1057 3139 1150 3190 facere
1172 3134 1269 3198 video,

214 3229 322 3296 copiose
341 3230 486 3296 instructa,
508 3242 618 3290 ornata3
639 3227 713 3299 quod
759 3229 885 3296 jungam:
904 3221 1026 3274 Loricam
1047 3216 1179 3280 trilicem,
1211 3233 1270 3266 con-

213 3306 241 3354 in
253 3307 413 3377 generaliori
426 3295 536 3378 notione
551 3310 711 3361 continetur.
761 3315 855 3356 sertum
868 3302 953 3353 hamis
961 3316 1088 3370 auroque.
1102 3326 1137 3334 -
1151 3295 1214 3362 468.
1229 3313 1271 3344 or·

213 3384 294 3454 stipat
302 3386 378 3456 plus,
392 3405 471 3457 quarn
484 3391 511 3440 in
523 3390 612 3440 navim
625 3390 713 3457 impo·
762 3396 824 3435 nate
843 3381 946 3454 galeam
963 3378 1085 3450 designat
1098 3375 1269 3446 apartibus,

214 3465 263 3526 nit,
276 3476 305 3514 ut
317 3467 365 3516 inf.
379 3466 431 3532 485
443 3478 540 3519 onerat.
552 3469 621 3518 Tum
634 3485 714 3517 orna·
764 3481 822 3534 quae
843 3461 964 3532 inprimis
986 3477 1045 3510 earn
1066 3455 1268 3508 commendant.

215 3555 271 3593 turn
285 3546 427 3596 verborum
445 3559 471 3598 et
487 3566 625 3599 munerum
639 3565 713 3598 corn-
761 3542 867 3614 parenti
885 3539 1015 3591 Anchisa.
1033 3567 1069 3576 -
1088 3538 1151 3605 470.
1176 3536 1270 3616 eluces,

215 3618 414 3676 mendationem
424 3625 544 3678 observa.
558 3656 592 3664 —-
602 3626 661 3692 466.
677 3625 715 3675 in·
763 3623 903 3694 magistros
916 3635 1061 3689 equorum,
1074 3634 1218 3686 agasones.
1235 3616 1268 3665 cl.

213 3720 277 3773 qens
286 3713 424 3773 arpentum
433 3722 483 3773 pro
494 3705 611 3776 vulgari,
625 3705 715 3775 inpens
764 3705 811 3755 inf.
825 3703 862 3767 X,
876 3701 935 3772 574.
954 3699 1026 3752 Serv.
1044 3697 1110 3750 socii
1128 3696 1269 3748 declarare

212 3783 319 3853 urgenti
332 3781 435 3852 pondus
442 3821 450 3848 ,
464 3797 523 3850 aut,
535 3797 565 3835 ut
578 3785 716 3854 sequentia
763 3795 893 3853 putantur
904 3778 1052 3850 remigium.
1064 3778 1105 3828 De
1114 3776 1169 3828 hoc
1179 3789 1268 3827 tamen

192 3907 196 3922 ,
217 3860 368 3927 declarant,
398 3881 458 3914 vasa
486 3863 588 3936 inperiti
613 3862 716 3934 arpenti
764 3863 867 3914 dubito.
888 3861 918 3911 ln
934 3859 1046 3911 heroica
1059 3869 1138 3908 aetate
1156 3857 1268 3925 remiges

215 3941 330 4010 pondere
340 3971 374 3980 -
383 3939 475 3994 lebetes
482 3943 640 4006 Dodonaeas,
652 3941 679 3991 h.
691 3960 714 3992 e.
764 3943 819 3992 non
832 3953 893 3993 sunt
907 3940 988 4000 servi;
1009 3950 1072 3988 sunt
1090 3939 1144 4008 ipsi
1156 3937 1268 3996 heroes,

219 4021 311 4088 quales
321 4034 382 4075 sunt
392 4023 419 4074 in
431 4021 530 4092 templo
540 4022 555 4072 J
558 4022 613 4074 oris
623 4021 716 4074 Dodo·
764 4037 835 4075 nunc
846 4023 898 4092 ipsi
907 4019 1030 4088 Trojaui;
1045 4029 1073 4070 at
1083 4016 1207 4088 suppleri
1219 4031 1268 4086 po-
