2718 4598
242 333 306 406 ,3¹⁰
611 323 916 413 EXCURSUSI

242 451 367 520 Hecuba,
379 448 486 513 Iliona,
499 446 667 518 Deiphobus,
680 477 713 488 -
725 446 935 518 clytemnestra,
948 449 1101 521 AEqisthus,
1114 445 1296 523 Agamemno-

241 533 329 598 nidoe,
346 531 486 594 AEneodoe,
503 528 689 590 Animorum
711 531 789 580 Ennii
808 529 967 600 Iphiqenia,
986 528 1120 596 Achilles,
1144 532 1294 604 Telephus,

241 611 369 675 Phoinix,
380 609 459 679 Αραος,
470 639 503 647 -
513 607 631 659 Hectoris
642 609 733 678 Lytra,
741 607 977 672 -Andromache,
990 609 1115 674 Hecuba,
1127 609 1294 679 Alexander,

242 719 276 728 -
288 687 450 752 Dulorestes,
466 687 624 738 Eumenides
632 685 706 756 (quae
718 687 803 738 Ennio
813 687 893 758 vulgo
906 687 1045 751 tribuitur,
1060 685 1151 740 Iliona
1162 728 1171 754 ,
1184 692 1294 745 Pacuvii

241 769 323 818 fuisse
336 765 473 836 videtur);
489 767 616 817 Varronis
635 764 743 818 tandem
758 768 858 836 Cycnus
866 805 875 830 ,
890 767 975 837 Ajusr²
988 767 1131 818 Annorum
1135 769 1293 839 judicium,

242 845 408 895 Eumenides.
422 847 521 895 Harum
538 845 635 914 partim
650 845 816 915 fragmenta,
831 846 944 897 aliarum
956 845 1064 895 nomina
1076 858 1182 898 tantum
1197 849 1232 898 ad
1243 868 1292 899 nos

241 939 432 996 pervenerunt;
446 927 483 975 sic
500 924 573 975 Atilii
585 922 754 989 Electra,·L.
775 927 915 997 Pomponii
934 925 1048 977 Secundi
1064 923 1211 978 Annorum
1220 931 1295 1000 judi·

242 1005 321 1054 cium.
335 1005 367 1055 Et
380 1016 445 1074 quot
466 1022 521 1054 non
533 1021 593 1054 cuin
606 1004 670 1073 ipsis
691 1004 844 1055 nominihus
858 1003 1023 1057 intercidisse
1041 1007 1215 1075 putabimus!
1229 1008 1293 1073 Quae

220 1117 224 1125 .
241 1087 322 1156 igitur
332 1097 414 1153 poeta
425 1087 452 1135 in
464 1102 513 1138 sua
529 1086 681 1136 narratione
701 1104 717 1136 a
729 1084 832 1156 vulgari
845 1085 948 1138 ratione
959 1084 1041 1152 habet
1059 1085 1234 1151 recedentia,
1244 1077 1293 1138 'aut
1344 1092 1345 1146 l

243 1169 269 1216 in
283 1165 378 1234 quibus
397 1178 549 1232 auctorem,
560 1167 605 1235 qui
618 1168 642 1216 ei
656 1167 803 1236 praeiverit,
819 1166 968 1227 desideres3
986 1184 1018 1216 ea
1034 1184 1066 1230 ex
1078 1165 1186 1238 tropicis
1196 1168 1248 1219 suis
1264 1171 1292 1218 in

208 1257 210 1264 ’
243 1264 308 1316 epos
321 1263 398 1297 suum
411 1247 557 1298 traduxisse
577 1246 654 1297 nobis
667 1246 787 1310 videtur;
800 1249 828 1297 in
842 1247 944 1319 vulgari
956 1259 1044 1298 autem
1058 1251 1217 1300 narratione
1232 1249 1293 1298 Arc·
1344 1257 1345 1272 *

243 1324 294 1374 tini
303 1323 370 1374 Ἰλίου
380 1322 479 1392 nipedes
492 1343 512 1375 s.
525 1323 603 1392 πίροοο
615 1321 673 1376 tum
684 1323 798 1376 Iliadem
809 1345 919 1397 parvam
932 1326 1045 1378 diximus
1059 1327 1112 1398 ipsi
1124 1329 1293 1402 potissimum

242 1407 324 1457 fuisse
337 1408 517 1476 propositam
532 1404 565 1458 de
578 1406 674 1476 quihus
687 1425 758 1458 nunc
768 1410 861 1477 paucis
871 1420 911 1460 est
921 1407 1116 1477 exponendum,
1127 1407 1129 1414 '
1344 1459 1345 1462 ,

277 1483 342 1536 Ilias
350 1503 449 1556 parva,
462 1482 533 1541 Ἰλοοίς
543 1483 629 1553 μικροὶ,
642 1505 697 1537 non
708 1499 762 1539 tam
773 1501 858 1539 toturn
871 1487 971 1539 bellum
980 1490 1142 1558 Trojanum,
1153 1487 1229 1558 quod
1241 1499 1293 1540 tra·¹
1344 1503 1345 1506 ’

243 1565 323 1632 dunt,
337 1585 416 1636 quam
426 1586 467 1619 res
477 1567 572 1623 Iliacas
583 1581 644 1638 post
654 1570 822 1620 Homericam
833 1567 942 1619 Iliadem
953 1569 1183 1640 comprehendere
1191 1567 1291 1630 debuit,

173 1647 182 1660 ⁸
242 1648 264 1695 si
276 1663 308 1696 ea
324 1659 445 1716 reputes,
460 1665 531 1717 quse,
545 1659 672 1716 tanquam
684 1650 740 1717 ejus
754 1659 953 1719 argumentum,
965 1649 1074 1702 Aristot.
1088 1647 1122 1700 de
1135 1649 1210 1699 Poet.
1221 1665 1245 1696 v.
1260 1646 1292 1710 2}
1344 1639 1345 1658 .

242 1738 385 1790 memorat,
397 1726 457 1796 plus
471 1743 551 1794 quam
560 1738 621 1776 octo
632 1727 767 1798 tragoediis
778 1725 910 1791 sufficere,
923 1745 983 1778 cum
995 1726 1085 1779 Iliadis
1093 1727 1244 1778 llomericae
1251 1744 1294 1776 ar-

242 1817 397 1874 gumentum
409 1817 510 1856 tantum
524 1825 618 1870 unam,
641 1807 675 1856 ad
696 1825 827 1858 summum
841 1805 921 1871 duas,
942 1806 1103 1877 suppeditet.
1117 1807 1188 1864 Nam
1195 1805 1294 1855 ’Όπλυοο
1344 1839 1345 1854 2

212 1892 215 1904 '
242 1886 323 1950 κρίσις,
338 1883 486 1946 assumtione,
498 1884 670 1950 Νεοπτόλεμος,
682 1885 828 1954 Εὐρύπυλος,
841 1887 967 1952 Ππυοχοίοι,
976 1884 1107 1947 Aduersus,
1120 1885 1190 1936 Ἰλίου
1203 1881 1293 1951 stipere,
1344 1887 1345 1900 ¹

242 1964 282 2016 nai
294 1964 438 2026 Ἀπίπλους,
452 1962 491 2020 καί
503 1967 573 2018 Σίνων
587 1965 626 2017 nel
638 1965 756 2035 Tpua'dsc,
771 1967 827 2019 haec
848 1970 952 2031 omnia,
970 1969 1094 2038 inquam,
1115 1966 1150 2018 ad
1172 1982 1214 2018 res
1233 1974 1294 2032 post

242 2048 365 2099 Hectoris
385 2060 464 2117 atque
480 2059 541 2116 post
560 2049 643 2117 ipsius
662 2047 774 2099 Achillis
792 2048 890 2100 caedem
910 2061 996 2121 gestas
1019 2060 1150 2119 spectant.
1172 2046 1234 2097 Dici
1251 2043 1294 2094 vix

240 2140 343 2200 potest,
358 2141 523 2198 quantopere
535 2130 585 2178 viri
605 2127 695 2195 docti,
710 2131 831 2199 inprimis
848 2128 958 2180 Salmas.
975 2128 1009 2180 ad
1020 2128 1103 2180 Solin.
1122 2146 1150 2199 p.
1165 2127 1218 2178 800
1236 2141 1293 2193 sq.,

241 2209 269 2260 in
282 2210 313 2259 iis
326 2209 446 2272 turbent,
461 2225 518 2278 quae
531 2226 610 2278 super
629 2209 681 2261 hoc
696 2209 841 2281 disputant.
859 2207 1006 2262 Ad'¹0ntnr
1025 2209 1094 2278 κρίσιν
1105 2209 1294 2280 pertinuerunt

243 2307 334 2341 versus
348 2308 363 2340 a
375 2287 462 2339 Schol.
476 2287 613 2359 Aristoph.
626 2289 728 2341 laudati
741 2290 776 2342 ad
787 2291 854 2360 Equ.
870 2287 949 2354 1053,
963 2291 1032 2342 forte
1041 2303 1067 2341 et
1076 2292 1098 2341 is
1107 2289 1153 2360 qui
1163 2289 1192 2337 in
1204 2283 1292 2337 Schol.

242 2361 350 2420 Pindari
364 2381 482 2420 servatus
496 2367 530 2419 ad
544 2369 619 2420 Nem.
634 2370 664 2433 6,
679 2367 712 2422 85
724 2369 758 2421 de
771 2369 881 2421 Achillis
890 2369 982 2421 hasta:
995 2367 1058 2436 οίμφί
1068 2367 1094 2420 dl
1104 2365 1189 2436 πίροιλς
1200 2362 1293 2434 miletus
1345 2363 1346 2366 ¹

242 2443 387 2514 ἐσπροίπυοο,
406 2444 445 2496 nal
458 2445 493 2496 ἐπ’
507 2447 574 2512 ailad
592 2447 677 2516 ίίκροος
695 2445 771 2512 aimei
790 2446 850 2514 (ita
868 2447 942 2519 lego,
959 2466 1009 2519 pro
1027 2459 1154 2517 corrupto
1177 2443 1214 2494 ἐπ’
1237 2436 1294 2492 adol

242 2527 328 2593 dlupoor
345 2525 403 2598 ίοί)
423 2544 514 2577 versus
529 2525 632 2578 effictus
650 2539 690 2578 est
703 2526 737 2578 ad
749 2527 825 2580 Iliad.
839 2529 866 2595 ξ,
885 2528 943 2591 310.
959 2528 994 2592 θ,
1010 2525 1069 2596 895.
1083 2528 1113 2578 ln
1126 2526 1221 2578 eadem
1234 2542 1292 2576 car-

243 2605 321 2658 minis
333 2615 409 2673 parte
422 2603 496 2655 locus
508 2606 559 2655 fuit
574 2605 607 2657 de
618 2607 699 2675 Ajace
711 2629 717 2657 ι
731 2605 851 2657 Eustath.
871 2606 906 2657 ad
922 2607 952 2668 β,
973 2605 1032 2676 557.
1053 2625 1080 2676 p.
1102 2606 1161 2658 285.
1181 2617 1245 2656 extr.
1263 2619 1292 2654 ex

243 2679 390 2752 Porphyrio
401 2702 406 2730 :
418 2678 457 2730 nal
471 2679 524 2732 iai'o'
531 2679 571 2735 air
580 2681 767 2751 μουροί1Ἰλίοιίοι
778 2682 874 2749 ’ρρίψοος
887 2680 1180 2753 instimularentur
1189 2679 1292 2736 carihat

241 2758 279 2814 air
292 2759 395 2826 Alema,
407 2762 504 2814 ποθῖυοιο
516 2763 543 2816 dl
554 2764 624 2819 ουίςοος
637 2766 658 2816 ir
672 2765 741 2831 σορᾷ,
755 2760 797 2816 ud
808 2761 846 2816 ‘rit
856 2761 920 2833 ὀργὴ
930 2766 972 2816 ποῦ
984 2763 1104 2823 duritiae.
1112 2767 1152 2816 Ex
1161 2763 1293 2835 particula

241 2836 312 2892 Ἰλίου
330 2837 407 2908 eripuis
418 2861 510 2894 versus
524 2856 662 2914 excerptus
683 2863 739 2896 esse
751 2845 873 2910 videtur,
892 2844 1045 2897 Scholiasta
1060 2846 1145 2896 veteri
1159 2843 1292 2913 Euripidis

246 2920 282 2974 ad
293 2922 394 2974 Hecub.
409 2924 461 2992 914
473 2921 483 2992 (
495 2923 623 2975 Scholion
635 2927 662 2976 in
674 2927 772 2976 nostris
783 2925 860 2977 editis
868 2944 922 2976 non
931 2938 1015 2992 extat,
1025 2945 1059 2977 ne
1068 2926 1097 2978 iu
1106 2925 1292 2978 recentissimis
1345 2991 1346 3002 ρ

243 3000 365 3071 ςρυίἀοω;
379 3000 426 3052 sed
438 3020 470 3053 ex
487 3002 592 3062 schedis
605 3002 690 3054 Fulvii
702 3005 792 3056 Ursini
808 3005 935 3057 laudatur
950 3025 993 3075 ap.
1011 3003 1107 3076 Scalig.
1132 3005 1165 3057 de
1178 3003 1287 3056 Emend.
1345 3051 1346 3058 .

242 3083 335 3152 Temp.
347 3081 393 3133 lib.
406 3084 446 3146 V,
456 3102 484 3153 p.
498 3083 549 3152 378
563 3083 607 3134 ed.
621 3083 720 3136 Gener.
742 3085 822 3156 16293
839 3087 941 3138 namin
960 3085 1022 3137 edit.
1036 3104 1077 3156 pr.
1096 3081 1162 3155 1598
1174 3084 1291 3136 nondum
1345 3131 1346 3134 ,

242 3160 396 3232 reperitur)
410 3171 437 3211 et
452 3162 550 3211 Tzetzae
567 3160 602 3212 ad
613 3162 745 3233 Lycophr.
764 3183 789 3213 v.
811 3163 863 3230 344
880 3163 1020 3215 laudatus:
1034 3161 1087 3228 Νὺξ
1094 3159 1139 3228 μίν
1155 3161 1189 3214 im
1198 3161 1290 3227 μέσσοι.

243 3233 337 3305 λαμπροί
351 3237 376 3286 d‘
389 3235 496 3289 ίπίπολλο
510 3234 587 3290 etnim
601 3242 647 3310 qui
660 3254 686 3291 et
698 3243 726 3292 in
735 3244 831 3292 Tzetzae
842 3241 1011 3310 Μοθομοροκοῒς
1024 3243 1153 3312 repetitus
1168 3253 1208 3292 est
1222 3240 1292 3310 apud

243 3315 372 3382 Dodwell.
393 3315 426 3367 de
442 3315 528 3388 Cyclis
543 3336 570 3387 p.
585 3319 645 3371 803.
659 3324 730 3370 nu'no
742 3339 767 3370 v.
783 3337 841 3390 7²⁰·
857 3322 907 3390 773
921 3319 962 3372 ed.
976 3320 1084 3372 Jacobs.
1104 3321 1139 3371 cf.
1159 3320 1220 3371 Ero.
1234 3319 1292 3368 Vlll

245 3394 279 3446 ad
291 3398 349 3446 AEn.
362 3397 402 3458 ll,
417 3397 475 3448 250.
490 3409 516 3448 et
529 3396 563 3448 ad
575 3398 621 3450 lib.
633 3401 683 3466 111,
697 3401 721 3450 8.
735 3401 796 3452 Exc.
811 3403 842 3451 11.
856 3402 893 3451 Ex
906 3398 1025 3451 Ἀπίπλου
1036 3402 1155 3466 carmine
1163 3413 1291 3471 putoesse

244 3473 369 3524 undecim
381 3474 442 3525 illos
454 3485 550 3526 versus*
563 3476 596 3528 de
615 3480 699 3536 AEnea
718 3497 778 3530 cuni
795 3479 983 3532 Andromache
1000 3479 1119 3532 abducto
1142 3499 1158 3531 a
1177 3481 1293 3549 Neopto·
1345 3533 1346 3536 ,

243 3553 314 3604 lemo
329 3573 369 3624 ap.
383 3556 467 3606 Tzetz.
483 3555 518 3607 ad
526 3557 656 3628 Lycophr.
675 3559 750 3612 1263.
762 3562 797 3612 cf.
809 3560 888 3613 eund.
907 3560 939 3612 ad
954 3560 1029 3627 1131,
1043 3560 1091 3611 ubi
1102 3559 1219 3624 additur,
1232 3578 1291 3610 enm

244 3647 306 3704 post
315 3635 485 3706 Neoptolemi
498 3637 570 3707 apud
582 3638 701 3708 Delphos
715 3640 813 3692 cadom
825 3642 968 3694 liberatum
979 3642 1070 3693 fuisse.
1083 3642 1124 3692 De
1136 3637 1233 3692 Sinone
1244 3639 1290 3689 inf.

245 3714 348 3784 dicetur
361 3718 423 3768 Exc.
441 3719 490 3780 lV,
509 3716 541 3768 de
554 3718 669 3770 Coroeho
683 3739 699 3772 a
715 3721 814 3774 Lesche
834 3721 933 3774 tradita
949 3723 1011 3782 Exc.
1025 3723 1049 3774 X
1061 3721 1289 3773 memorabuntur.

243 3792 392 3844 Palladium
412 3794 485 3843 furto
495 3795 632 3848 Diomedis
656 3811 682 3850 et
695 3801 795 3872 Ulyssis
813 3801 930 3853 ablatum
948 3801 1020 3852 idem
1034 3813 1210 3870 exposuerat,
1222 3811 1252 3850 ut
1263 3815 1291 3849 ex

243 3873 356 3945 llesych·
368 3874 396 3922 iss
409 3869 538 3938 Awttllhtot
552 3874 643 3942 didym
657 3894 778 3934 constat:
796 3881 931 3952 quomodo
945 3894 1034 3933 autem
1044 3881 1079 3934 ab
1089 3900 1123 3934 eo
1133 3899 1176 3933 res
1188 3889 1290 3931 narrata

244 3953 338 4016 fuerit,
351 3950 463 4024 intelligi
474 3953 544 4005 forte
556 3959 655 4026 poterit
668 3979 699 4011 ex
710 3961 808 4013 Zenob.
827 3963 878 4026 Ill,
891 3961 920 4022 ὃς
934 3973 973 4011 est
992 3962 1064 4012 enim
1075 3959 1157 4030 hujus
1176 3957 1289 4011 narratio

244 4030 448 4101 simplicissima.
462 4031 548 4087 Voces
562 4049 588 4088 et
599 4035 671 4105 ρίορις
680 4041 736 4094 alise
746 4040 881 4093 nonnulle
887 4040 972 4093 videri
979 4051 1094 4111 possunt
1104 4038 1181 4110 apud
1187 4040 1290 4089 Bornes-
