2742 4586
347 278 606 344 'AENEIDOS
630 280 784 344 LIBER
808 283 857 345 ll.

85 405 255 494 Spumeus
264 419 369 492 ‘atque
383 403 449 467 imo
462 403 588 466 Nereus
601 403 664 468 ciet
677 425 809 494 aequora
822 403 938 469 fundo.

88 511 143 574 llli
156 511 270 589 etiam,
285 511 311 574 si
326 531 409 598 quos
422 509 561 576 obscura
574 527 671 576 nocte
683 535 744 599 per
755 511 906 576 umbram
1094 527 1139 584 [μυ

88 617 253 682 Fudimus
266 615 408 696 insidiis,
423 632 557 706 totaque
570 618 763 706 agitavimus
775 618 872 698 urbe,

87 721 280 811 Adparent,
294 723 391 812 primi
404 723 529 812 clipeos
542 726 745 814 mentitaque
758 727 822 790 tela

86 829 323 918 Adgnoscunt,
337 847 437 919 atque
449 853 507 895 ora
518 853 602 896 sono
616 831 779 896 discordia
792 833 929 919 signant.

87 937 185 1002 Ilicet
198 937 372 1002 obruimur
384 960 535 1002 numero.
551 939 747 1028 Primusque
760 938 919 1002 Coroebus

85 1043 223 1108 Penelei
237 1043 363 1124 dextra,
380 1044 464 1109 divae
476 1045 705 1133 armipotentis
717 1045 759 1110 ad
772 1068 876 1124 aram,

84 1149 300 1231 Procumbit;
313 1149 401 1214 cadit
413 1168 445 1215 et
458 1151 620 1239 Rhipeus,
630 1151 831 1242 justissimus
844 1174 930 1215 nnus

85 1256 154 1336 Qui
166 1256 230 1320 fuit
242 1257 276 1319 in
289 1257 428 1322 Teucris
441 1274 474 1321 et
486 1258 749 1322 servantissimus
761 1259 865 1348 aequi:

85 1361 147 1426 Dis
159 1359 256 1426 aliter
266 1362 374 1427 visum
385 1385 392 1424 ;
405 1381 548 1450 pereunt
561 1363 776 1454 Hypanisque
789 1367 977 1455 Dymasque

86 1466 217 1532 Confixi
229 1490 248 1531 a
260 1468 375 1548 sociis,
388 1485 494 1533 necte
508 1485 564 1532 tua
576 1469 734 1557 plurima,
748 1468 892 1551 Panthu,

1076 285 1138 350 263
1156 329 1158 337 ·

85 1653 122 1698 ap.
133 1635 215 1680 lleins.
224 1658 256 1669 -
267 1632 320 1694 419.
335 1642 404 1696 ponto
419 1635 512 1698 Menag.
525 1651 571 1681 sec.
582 1660 612 1705 7-
624 1635 677 1693 4ιο.
687 1635 806 1682 obscuram
821 1637 914 1698 Menag.
927 1651 972 1682 sec.
989 1651 1031 1698 per
1046 1635 1137 1683 umbras

84 1723 122 1770 pr.
133 1706 216 1752 llamb.
226 1704 267 1750 sub
280 1705 384 1750 umbram
394 1706 484 1769 aliquot
492 1709 605 1763 Pieriam,
615 1721 638 1754 et
647 1708 713 1753 Leid.
723 1734 754 1743 -
764 1709 817 1765 4ιι.
832 1709 956 1754 Fundimus
965 1708 1026 1753 Gnd.
1040 1725 1051 1753 a
1061 1726 1091 1755 m.
1102 1726 1138 1771 pr.

85 1792 109 1824 et
121 1781 228 1842 quinque
243 1779 322 1822 lleins.
336 1794 389 1823 cum
400 1779 462 1824 binis
476 1780 569 1835 Burm,
584 1780 669 1842 quibus
681 1780 742 1826 adde
751 1780 803 1831 duo¹
809 1781 878 1825 Goth.
895 1789 1009 1844 totumque
1023 1795 1045 1824 u.
1062 1779 1139 1825 urbem

84 1847 191 1909 Longob.
202 1848 280 1892 Pierii.
292 1847 402 1911 aqttamus
413 1850 436 1892 in
448 1849 503 1894 urbe
516 1865 562 1896 sec.
576 1850 658 1895 llamb.
670 1875 700 1884 -
709 1851 763 1907 4ιι.
781 1861 893 1914 apparent
906 1853 989 1914 primi:
1001 1849 1041 1895 alii
1053 1851 1139 1896 distin-

84 1932 160 1980 guunt
172 1935 209 1981 ap.
220 1920 282 1964 Pier.
294 1931 317 1964 et
325 1929 437 1981 apparent
445 1925 518 1984 primo
528 1920 617 1984 aliquot
629 1921 698 1967 codd.
712 1939 749 1984 ap.
762 1924 841 1970 lleins.
853 1922 920 1986 clipei
927 1926 1012 1986 primos
1021 1921 1092 1966 Goth.
1102 1938 1138 1983 pr.

83 1987 180 2046 -4ι4,
198 1988 248 2034 Illic
261 1990 298 2033 ed.
311 1989 372 2034 ven.
386 1988 455 2036 illicet
469 1993 517 2037 fere
530 1994 555 2036 in
571 1992 636 2037 libris
649 1995 773 2053 scriptum
783 1987 829 2038 sed
838 2011 859 2039 v.
876 1995 936 2038 Pier.
952 1991 1010 2036 illico
1019 1991 1088 2036 Goth.
1099 1991 1139 2036 alr.

84 2061 195 2104 irruimur
203 2058 348 2104 Parrhas.-
357 2058 410 2116 425.
421 2059 516 2106 Peneleo
525 2060 624 2107 Dorvill.
636 2078 689 2107 am.
701 2078 747 2108 sec.
761 2063 821 2108 Vide
832 2079 883 2124 sup.
895 2063 947 2121 392.
957 2063 984 2104 ln
994 2062 1095 2105 Homero
1106 2071 1140 2106 est

83 2127 213 2184 Πηνέλεως,
232 2129 273 2175 sed
291 2141 314 2174 et
329 2129 437 2180 Πιιέλιιι
454 2135 563 2177 occurrit.
581 2131 695 2194 Mopsus,
715 2127 820 2186 Ῥιπιῦς,
837 2148 886 2176 ιιοιι
907 2129 1020 2192 diplom,
1038 2128 1139 2174 vidimus

84 2198 138 2260 394.
148 2200 203 2261 339.
215 2200 306 2246 Pelenei
315 2203 392 2262 Sprot.
405 2227 436 2237 —
444 2201 498 2260 4ι6.
508 2203 629 2266 procubuit
637 2205 708 2249 Caris.
723 2204 765 2249 lib.
778 2206 788 2247 l
800 2207 855 2249 lnst.
866 2204 991 2246 Gratnmat.
1002 2213 1025 2245 et
1034 2199 1138 2244 Macrob.

83 2271 125 2326 lV,
138 2274 185 2317 Sat.
198 2273 241 2328 111,
253 2289 307 2318 cum
315 2273 415 2318 Dorvill.
426 2291 438 2318 a
449 2291 479 2320 m.
491 2291 537 2321 sec.
547 2301 579 2310 —-
589 2273 641 2332 4ι8.
652 2279 726 2320 vuum
737 2285 772 2320 est
783 2275 873 2338 aliquot
884 2275 977 2328 Burm,
992 2287 1062 2334 quern
1074 2288 1095 2316 v.
1109 2270 1139 2315 ad

84 2343 172 2388 Lucan.
184 2345 216 2399 ll,
232 2345 253 2390 5.
265 2371 297 2381 —
306 2344 360 2407 429.
373 2345 476 2408 Consosn'
486 2339 579 2392 Vratisl.
595 2363 609 2390 α
619 2347 684 2393 deest
693 2347 824 2404 Montalb.,
839 2348 880 2410 qui
894 2358 917 2391 et
927 2362 939 2390 a
949 2359 980 2389 m.
995 2359 1040 2388 sec.
1053 2356 1094 2388 eon
1111 2343 1137 2386 si.

86 2503 124 2555 sq.
138 2487 226 2538 Nereo
246 2488 273 2540 h.
294 2489 311 2540 l.
327 2489 428 2542 tridens
445 2487 588 2557 tribuitur,
638 2509 696 2562 sup.
723 2491 794 2559 403,
823 2509 837 2542 e
861 2509 914 2561 quo
935 2490 1069 2541 abstracta
1093 2485 1140 2537 illa

86 2565 160 2635 quod
181 2568 338 2620 notandum.
366 2569 495 2639 Spumeus
519 2569 546 2620 h.
569 2570 586 2621 l.
638 2585 713 2637 erat,
727 2591 808 2642 quam
823 2571 914 2642 potius
932 2581 993 2621 ante
1010 2563 1139 2637 templum
1164 2593 1165 2600 ι

85 2663 182 2718 spuma
190 2651 270 2701 maris
278 2649 586 2722 adspersuS,'spumosus.
638 2654 666 2702 in
673 2649 764 2722 προνάῳ
776 2652 819 2704 vel
832 2655 859 2702 in
871 2647 1003 2720 περιβόλῳ,
1016 2659 1046 2699 ut
1059 2660 1085 2700 et
1095 2664 1139 2698 ex-

83 2729 158 2783 soevit
172 2729 297 2795 tridenti,
311 2730 464 2802 eleganter,
478 2744 507 2781 ut
523 2732 588 2784 alias

75 2809 193 2886 flapn's,
218 2809 336 2874 verbere,
350 2812 431 2863 infert
445 2811 587 2864 tridentem

84 2892 171 2958 mari,
198 2889 232 2942 ad
253 2890 444 2961 impellendum
471 2892 538 2943 illud
561 2905 588 2946 et

85 2971 181 3022 fluctus
194 2969 358 3022 excitandos.

120 3049 281 3116 420-423.
295 3047 344 3100 Illi
367 3050 461 3115 etiam,
480 3067 505 3099 v.
527 3069 585 3121 sup.

85 3130 151 3198 370,
165 3130 216 3182 383
229 3149 288 3200 sqq.
308 3130 418 3180 mentita
433 3128 501 3195 tela,
518 3131 588 3183 falsa

85 3230 176 3275 arma,
188 3230 246 3281 quae
258 3229 307 3261 nos
320 3211 427 3261 Graecos
441 3227 497 3262 esse
511 3231 587 3264 men-

84 3291 236 3356 tiebantur,
254 3304 284 3341 ut
301 3290 376 3342 Serv.¹
393 3283 457 3339 Mox
469 3291 521 3358 423
536 3293 588 3363 sip-

84 3381 152 3423 nant
171 3370 198 3421 h.
216 3371 233 3421 l.
255 3381 411 3445 agnoscunt.
433 3369 475 3420 Sic
496 3381 588 3422 notare

85 3454 165 3504 etiam
173 3451 277 3523 vulgari
290 3465 426 3513 sermone,
436 3461 462 3500 et
470 3454 589 3512 σημειοῦσ-

86 3532 144 3591 θαι,
158 3530 340 3610 ranalpoiut.
356 3533 439 3580 Porro
461 3547 507 3578 ora
525 3549 587 3582 sono

85 3611 232 3676 discordia,
261 3609 296 3662 ad
323 3611 435 3682 poeticae
459 3611 587 3687 opationis

85 3693 193 3763 genium
198 3709 263 3761 pro,
273 3690 416 3743 observant
424 3688 587 3742 discordiam

86 3773 327 3843 etdiscrepantiam
335 3761 476 3834 sermonis3
487 3774 587 3844 quippe

88 3855 133 3924 qui
145 3854 257 3922 Trojani
269 3866 377 3916 essent«

122 3931 285 3998 424-430.
306 3932 380 3984 Dtvoe
396 3953 421 3984 a.
442 3931 477 3984 ad
492 3950 587 3996 aram,

88 4029 143 4070 nnn
154 4025 210 4066 tam
226 4013 255 4064 in
274 4013 333 4084 ipso
350 4013 451 4086 templo
463 4014 588 4068 Minervae

637 2731 838 2804 pressumvides
845 2734 872 2783 in
879 2731 946 2784 Tab.
953 2731 1035 2781 Iliaca
1042 2746 1069 2777 ιι.
1080 2725 1136 2793 104.

638 2813 673 2862 cl.
688 2812 797 2863 Excurs.
818 2811 851 2862 X.
866 2809 995 2862 Peneleus
1012 2807 1056 2858 hic
1071 2805 1138 2856 alius
1217 2806 1221 2816 ‘

638 2909 695 2944 esse
708 2892 801 2959 dehet,
813 2911 893 2962 quam
901 2889 1057 2941 Homericus
1065 2887 1139 2936 Boeo·

637 2985 726 3022 torum
744 2972 815 3022 dux:
834 2989 896 3022 uam
914 2971 936 3019 is
957 2968 991 3019 ab
1004 2965 1138 3036 Eurypylo

638 3063 695 3102 erat
707 3041 825 3115 occisus,
842 3047 955 3117 Telephi
976 3045 1030 3095 lilio
1045 3066 1050 3093 :
1068 3044 1137 3092 Pau-

638 3149 694 3182 san.
708 3132 759 3195 IX,
778 3131 793 3182 5
810 3131 831 3180 lt
846 3129 936 3197 Dictys
955 3127 998 3188 IV,
1015 3139 1054 3192 17.
1068 3119 1138 3190 (Eu-

638 3212 759 3284 rypylum
768 3210 911 3263 Antenoris
921 3207 1139 3257 liliummemorat
1171 3260 1174 3268 Ἰ

637 3291 799 3360 Pomponius
824 3288 858 3340 ad
879 3287 905 3338 h.
928 3286 963 3345 l.;
985 3301 1040 3334 non
1059 3282 1137 3334 video

639 3389 692 3441 quo
704 3382 812 3421 auctore
829 3390 834 3416 :
855 3380 881 3419 et
898 3377 937 3418 est
953 3366 975 3414 is
989 3363 1089 3416 alienus
1104 3360 1137 3414 ab

637 3449 664 3501 h.
675 3450 710 3522 l.)
721 3449 791 3499 cadit
802 3459 829 3498 et
839 3446 971 3518 Rhipeus,
979 3441 1137 3514 justissimus

638 3547 707 3581 unus
724 3530 918 3579 omnium-et
932 3519 1138 3576 servantissimus

637 3611 707 3682 oequi
713 3648 722 3674 ,
732 3612 778 3679 qui
785 3608 852 3661 adeo
861 3606 956 3659 eadere
967 3623 1022 3656 uon
1032 3601 1138 3654 debuis-

637 3703 692 3753 set,
706 3683 840 3741 eommuni
859 3687 997 3739 hominum
1015 3681 1137 3754 judicio,

637 3771 684 3822 sed
699 3770 749 3822 diis
766 3769 846 3820 aliter
865 3769 964 3833 visum,
986 3763 1020 3816 de
1036 3761 1138 3814 caussis

638 3863 664 3903 et
685 3851 848 3914 rationibus,
871 3857 996 3920 quae‘uos
1014 3842 1136 3894 homines

637 3929 729 3981 latent.
741 3928 855 4001 Copiose
866 3927 899 3978 de
911 3926 938 3977 h.
952 3924 970 3974 l.
983 3925 1036 3995 agit
1048 3921 1135 3972 Burin.

638 4008 761 4062 Laudant
769 4009 849 4062 etiam
859 4003 1029 4058 Homericum
1041 3997 1136 4068 Odysr.
