2718 4598
435 283 790 378 uulnerauit
848 361 851 372 ¹
933 323 939 342 .
1066 294 1127 358 34

91 426 235 462 commune
248 424 308 459 cum
326 406 434 478 Ulysse,
453 408 594 460 nam'filius
609 412 699 461 AEs'nni
716 412 778 473 fuit,
793 426 876 481 nepos
895 409 1034 485 Autolyci,
1055 421 1128 486 cujus

37 535 46 552 ,
89 489 148 541 filia
164 488 296 554 Anticlia,
314 505 370 557 quae
383 487 501 558 Ulyssem
520 488 623 541 ediditz
643 489 730 542 Schol.
750 491 879 562 Lycopbr.
898 493 949 558 344
970 507 996 545 et
1007 493 1078 547 Serv.
1092 497 1128 549 ad

88 568 118 620 b.
131 571 150 620 l.
165 569 295 621 Videntur
307 569 334 618 in
347 587 407 619 eum
421 581 522 637 poetae,
543 571 588 638 qui
600 572 754 622 Homericae
768 572 873 624 fabulas
886 587 1031 638 ornarunt,
1044 588 1130 628 trans-

88 647 199 711 tulisse,
213 667 270 718 quae
283 647 315 699 de
327 647 420 717 Ulysse
437 660 545 699 narrata
562 648 655 719 Odyss.
666 667 668 674 ·
678 652 706 710 d,
722 649 771 714 244
794 668 869 719 sqq,
891 653 1022 721 praeivisse
1042 665 1129 705 eutem

89 727 215 778 omnibus
234 724 354 778 Lesches.
373 727 514 796 Perperam
529 728 599 778 enim
609 745 640 778 ex
651 726 778 778 Pisandro
792 727 887 780 dixisse
903 731 1081 782 narrationem
1096 731 1130 783 de

88 803 189 856 Sinone
206 805 363 876 Virgilium,
382 803 493 855 tradidit
510 804 630 855 Macrob.
643 807 676 869 V,
695 823 717 856 a.
737 818 765 855 ut
777 823 858 875 supra
866 809 922 874 jam
935 807 1051 858 Excursu
1064 811 1083 859 Ι.
1095 809 1130 860 ud

87 882 118 934 h.
140 883 158 933 l.
180 883 344 934 declaratum
360 894 408 933 est.
431 884 528 952 Utique
552 882 642 934 Iliadis
666 902 754 953 parvae
775 886 934 954 particulam
953 887 1131 938 constituebat

88 963 175 1014 Sinon
197 961 269 1031 apud
292 961 398 1012 Aristot.
428 963 501 1012 Poet.
528 961 569 1010 23.
593 963 622 1016 οἷς
648 960 659 1010 r‘
677 959 767 1026 Λέσχης
790 959 859 1021 perir.
886 963 959 1014 addit
982 965 1073 1016 Tzetza
1096 963 1146 1020 ad,

88 1039 224 1110 Lycophr.
242 1039 300 1105 344.
319 1040 357 1090 Ex
373 1037 466 1090 eodem
486 1041 600 1109 repetita
617 1057 659 1091 res
675 1043 703 1090 in
718 1040 822 1091 Tabula
840 1039 921 1091 Iliaca
940 1060 965 1090 n.
988 1043 1030 1109 98.
1050 1041 1131 1111 Apud

87 1119 213 1170 Proclum
227 1120 255 1168 in
276 1130 429 1189 argumento
450 1116 515 1170 ’ula
532 1114 640 1184 effossor
655 1131 832 1178 memoratur;
849 1130 879 1167 ut
898 1135 968 1168 novo
983 1117 1036 1168 hoc
1053 1137 1131 1190 argu-

88 1212 182 1252 mento
196 1200 245 1262 sit,
264 1216 318 1248 non
338 1199 440 1249 Arctini
459 1217 584 1264 carmen,
605 1197 652 1249 sed
672 1197 778 1254 Leschis
795 1210 924 1249 extremos
940 1198 1030 1249 Iliadis
1041 1217 1129 1269 parvae

22 1329 31 1336 ,
87 1277 174 1329 libros
194 1296 239 1329 eos
257 1280 347 1329 fuisse.
367 1278 427 1328 Fuit
452 1277 533 1328 Sinon
554 1279 633 1328 etiam
653 1277 750 1328 fabulae
768 1277 922 1347 Sophoclem
947 1290 1129 1348 argumentum

88 1357 223 1429 Hesychia
242 1358 364 1410 laudate.
381 1359 419 1408 Ex
439 1358 489 1408 hac
509 1370 555 1409 aut
572 1357 624 1410 alia
641 1357 770 1428 tragoedia
785 1359 930 1427 profecisse
947 1359 1051 1409 videtur
1067 1359 1128 1407 Vir-

87 1439 169 1511 gilius
182 1440 210 1489 in
226 1437 330 1490 Sinonis
349 1440 484 1500 oratione,
505 1455 562 1506 que
574 1437 724 1502 Graecarum
745 1437 933 1508 tragoediarum
950 1437 1130 1508 eloquentiam

88 1530 118 1570 et
131 1535 242 1570 acumen
254 1518 363 1572 redolet.
377 1520 423 1568 Est
436 1536 500 1569 vero
518 1519 627 1572 omnino
641 1517 713 1587 apud
723 1517 944 1587 Virgiliumtotus
953 1517 996 1568 hic
1008 1518 1082 1568 locus
1095 1516 1128 1566 de

87 1597 189 1649 Sinone
208 1600 300 1651 eximie
313 1597 466 1650 elaboratus
479 1608 505 1648 et
518 1608 642 1659 ornatus,
657 1599 736 1654 etiarn
756 1595 791 1646 nd
802 1595 1018 1665 probabilitatem
1029 1598 1128 1664 magis,

89 1695 173 1746 quam
185 1677 257 1747 apud
271 1690 381 1730 ceteros.
403 1678 443 1728 lta
459 1675 531 1745 apud
550 1677 678 1741 Quintum
700 1695 725 1725 v.
748 1673 799 1726 355
817 1692 902 1744 prope
921 1691 1020 1744 equum
1042 1672 1129 1724 adstat

88 1755 189 1820 Sinon,
207 1756 381 1826 quodminus
400 1754 558 1825 probabile.
584 1772 663 1823 quam
677 1753 721 1804 hic
733 1754 774 1816 ll,
788 1751 819 1820 57
843 1769 900 1821 sqq.
914 1753 944 1801 ln
960 1750 1025 1801 Cod.
1041 1752 1127 1802 Vatic.

87 1837 197 1906 pictura
208 1855 234 1905 p.
253 1837 286 1901 43
302 1838 449 1888 revinctum
461 1836 523 1886 fune
544 1835 597 1884 suis
616 1832 732 1888 brachiis
745 1831 818 1882 ducit
830 1850 928 1901 equum
943 1830 1032 1881 Sinon.
1046 1831 1128 1880 Porro

89 1913 166 1985 apud
178 1915 291 1966 eundem
301 1916 429 1982 Quintum
447 1916 625 1983 interrogatus
640 1911 672 1962 de
683 1928 752 1980 equo
762 1908 923 1980 respondere
935 1920 1056 1971 recusat,
1079 1926 1128 1959 nec

88 1993 143 2044 nisi
167 1990 319 2060 αἰκιξᾶμονος,
342 1993 496 2044 verberibus
523 1992 632 2044 naribus
658 1990 820 2058 auribusque
849 1990 982 2053 rescissis,
1006 1986 1128 2037 fraudem

88 2074 199 2124 effatur.
217 2075 252 2124 At
264 2073 335 2144 apud
347 2071 511 2144 Thryphiod.
530 2089 577 2123 211
598 2084 624 2123 et
644 2069 755 2122 Cedren.
773 2071 839 2120 Hist.
852 2089 888 2139 sp.
905 2069 954 2139 131,
965 2068 989 2118 D
1001 2084 1028 2117 se
1041 2069 1128 2136 ipsum

88 2149 246 2203 verberibus
265 2151 379 2214 lacerat,
402 2162 432 2201 ut
444 2151 582 2217 ,Trojanos
603 2148 686 2200 fallat.
707 2146 856 2217 Sapientius
878 2148 967 2196 omnia
988 2140 1134 2212 Virgilius;¹

88 2233 171 2284 etiam
184 2229 236 2282 hoc
251 2233 323 2301 quod
335 2234 362 2283 in
374 2230 473 2301 palude
488 2249 515 2281 se
528 2229 664 2280 delituisse
676 2239 780 2292 narrat,
793 2246 817 2276 v.
833 2226 890 2278 135.
905 2227 940 2275 At
952 2223 1024 2296 apud
1035 2223 1125 2287 Quint.

89 2329 114 2360 v.
131 2295 191 2376 375⁴
197 2307 278 2362 Sinon
291 2310 325 2362 ad
339 2311 444 2381 Equum
456 2321 582 2379 tanquam
595 2307 630 2358 ad
642 2306 743 2379 asylum
757 2322 784 2357 se
797 2305 898 2373 recipit.

540 2485 680 2500 ..ιι-Ι*

350 2603 866 2700 ΕΧΟΠΒΒΠΒΙνῆ

475 2773 736 2846 mamma

126 2951 164 3014 ll,
177 2943 297 3001 81-85.
311 2941 400 2993 Fando
412 2940 523 3013 aliquod
530 2941 552 2992 si
558 2941 631 3010 forte
643 2950 700 2990 tuas
709 2936 829 3007 pervenit
837 2933 873 2983 cd
883 2949 956 2986 aures
971 2929 1068 2986 Belide
1081 2949 1129 2981 no-

89 3048 152 3082 men
162 3024 324 3087 Palamedis,
337 3033 363 3072 et
374 3019 475 3072 incluta
479 3020 559 3090 fama
573 3018 663 3070 Gloria
668 3040 677 3078 ;
695 3029 773 3089 quem
780 3012 852 3083 falsa
861 3013 906 3064 sub
919 3009 1067 3080 proditione
1078 3010 1130 3059 Pe-

91 3106 158 3179 lasqi
170 3107 317 3165 Insontem,
340 3099 450 3168 infando
468 3098 583 3160 indicio,
598 3095 663 3167 quia
685 3093 753 3145 bella
770 3091 885 3154 vetabat,
904 3087 1036 3140 Demisere
1055 3088 1129 3136 neci:

90 3203 165 3236 nunc
181 3202 278 3236 cassam
298 3179 398 3231 lumine
418 3177 515 3248 lupent.
533 3172 708 3226 Memorabile
729 3168 877 3224 Palamedis
898 3184 994 3218 nomen
1013 3176 1051 3216 est
1071 3185 1131 3217 cum

91 3265 152 3314 aliis
164 3261 197 3315 de
210 3262 324 3324 caussis,
343 3270 399 3307 tum
418 3255 491 3324 quod
510 3257 538 3306 in
557 3271 589 3306 eo
609 3254 711 3322 insigne
724 3249 872 3320 exemplum
884 3246 1013 3298 habemus
1024 3246 1131 3296 variata

91 3361 143 3414 per
164 3326 298 3414 tragicos,
314 3336 376 3388 inde
397 3354 446 3406 per
465 3335 601 3398 rhetores,
620 3331 728 3385 tandem
749 3349 798 3400 per
816 3327 1015 3400 grammaticos,
1033 3323 1131 3376 fabule

91 3423 213 3492 (Diserte
221 3419 380 3489 eaexposita
391 3416 463 3486 apud
471 3414 558 3468 Schol.
567 3415 658 3483 Eurip.
672 3411 759 3463 Orest.
771 3409 821 3475 432
840 3419 866 3460 et
878 3405 913 3457 ad
929 3403 1059 3476 Lycophr.
1070 3403 1130 3455 386.

91 3502 188 3572 Hygia.
203 3501 223 3550 f.
240 3497 304 3564 105,
317 3510 343 3548 et
354 3496 392 3547 ibi
401 3493 490 3546 laudd.
505 3493 624 3548 Servium
642 3490 677 3544 ad
689 3491 747 3541 AEn.
768 3488 807 3552 ll,
821 3485 1011 3553 81,Pomp0n.
1024 3480 1085 3533 sab.
1097 3482 1132 3535 ad

93 3601 118 3632 e.
131 3581 149 3630 l.
161 3580 179 3650 ).
192 3578 307 3630 Omnino
317 3577 447 3627 Homerus
459 3593 508 3626 nec
526 3587 630 3645 petrem
648 3569 794 3641 Nauplium
810 3584 859 3618 nec
870 3563 953 3616 lilium
964 3561 1131 3615 Palamedem

94 3657 230 3730 agnoscit3
244 3658 280 3708 ita
292 3668 321 3706 ut
334 3655 477 3706 obscurum
493 3665 577 3717 esset,
593 3651 663 3702 unde
675 3649 719 3702 hic
734 3650 762 3698 in
775 3663 816 3698 res
827 3645 956 3714 Trojanas
975 3641 1064 3694 illatus
1080 3643 1130 3692 sit:

94 3740 149 3790 nisi
164 3738 261 3807 partim
273 3756 287 3788 e
299 3736 411 3786 Pausan.
433 3733 471 3801 X,
484 3734 514 3785 31
530 3752 571 3803 pr.
584 3733 682 3802 partim
694 3749 707 3782 e
720 3726 773 3780 MS.
786 3723 962 3778 Escorialensi
978 3720 1064 3771 Procli
1077 3721 1133 3789 qu

93 3835 178 3888 supra
194 3829 339 3868 memorato
359 3815 455 3867 docere
469 3831 588 3885 possem,
601 3811 754 3882 Cypriorum
768 3806 917 3860 carminum
930 3813 1064 3854 auctorem
1077 3800 1133 3868 pri-

93 3914 170 3948 mum
182 3896 206 3946 ei
218 3894 319 3946 aditum
337 3908 364 3946 et
379 3912 477 3946 nomen
493 3895 521 3944 in
539 3891 638 3944 fabulis
653 3889 775 3959 Troianis
793 3887 896 3938 fecisse.
914 3881 983 3932 Nam
1000 3881 1028 3929 in
1046 3879 1132 3946 primo

93 3973 160 4026 belli
170 3985 300 4044 apparatu
311 3991 370 4026 cum
379 3974 483 4045 Ulysses
490 3971 617 4025 ‘militiam
626 3968 797 4033 detrectaret,
806 3962 903 4016 Atride
908 3957 1048 4025 μιίνωθιι,
1062 3972 1133 4021 προσ·
