2742 4586
340 345 576 411 AENEIDOS
600 347 754 411 LIBER
778 349 826 410 lt.

1044 351 1105 439 257Ι

59 469 226 534 lucensae:
241 470 434 551 moriamur,
450 488 482 536 et
494 473 532 558 in¹
541 472 648 536 media
660 497 749 538 arma
761 497 904 538 ruamus,

59 578 136 641 Una
147 577 235 643 salus
247 580 355 658 victis,
369 579 493 643 nullam
507 603 637 668 sperare
652 582 799 646 salutem.

59 683 111 748 Sic
123 684 242 748 animis
250 684 412 774 juvenum
426 686 519 750 furor
531 685 672 752 additus.
687 688 784 769 Inde,
797 689 868 776 lupi
881 689 942 752 ceii
956 670 958 674 Ι
1064 683 1108 750 353

59 792 222 878 Raptores
235 808 303 855 atra
315 793 349 855 in
362 791 496 871 nebula,
511 815 594 881 quos
607 794 757 882 improba
769 795 892 859 ventris
990 833 993 843 κ

59 897 177 985 Exegit
189 920 293 962 caecos
306 897 426 978 rabies,
441 899 608 988 catulique
620 901 725 965 relicti

61 1003 228 1068 Faucibus
241 1011 430 1092 exspectant
442 1007 534 1070 siccis
545 1029 553 1083 3
566 1029 626 1093 per
638 1008 716 1086 tela,
730 1029 790 1094 per
801 1006 903 1072 hostis

62 1108 223 1175 Vadimus
236 1110 326 1175 haud
339 1110 475 1176 dubiam
487 1113 520 1175 in
533 1128 692 1192 mortem3
705 1112 889 1203 mediaeque
901 1126 1051 1179 tenemus

62 1215 162 1280 Urbis
175 1218 247 1282 iter.
260 1221 332 1282 Nox
341 1236 410 1284 atra
422 1227 499 1284 cava
512 1221 726 1286 circumvolat
737 1222 863 1286 umbra:
1067 1237 1112 1283 36..ι

61 1323 144 1405 Quis
157 1323 286 1388 cladem
299 1326 386 1392 illius
398 1328 522 1407 noctis,
536 1329 610 1416 quis
623 1329 740 1391 funera
752 1326 855 1392 laudo

62 1429 228 1518 Explicet,
242 1447 298 1496 aut
309 1434 414 1521 possit
425 1433 567 1497 lacrimis
580 1455 711 1522 aequare
723 1421 873 1498 labores?¹

61 1595 128 1642 Laid.
140 1612 194 1642 am.
204 1613 241 1659 pr.
252 1597 405 1646 succurrimus
415 1597 521 1646 Parrhas.
533 1626 565 1636 -
575 1599 628 1657 354.
643 1616 750 1663 superare
761 1599 831 1646 Goth.
842 1611 894 1646 tert.
904 1625 935 1634 -
945 1599 997 1646 356.
1014 1594 1114 1648 iudecst

61 1666 144 1726 fragm.
162 1666 247 1712 Moret.
262 1680 284 1714 et
295 1672 337 1714 uni
347 1671 464 1716 Leidensi.
474 1696 506 1706 -
518 1670 571 1731 359.
587 1673 610 1715 in
623 1679 717 1716 nwrtem
727 1669 788 1715 huod
799 1670 889 1715 dubiam
902 1671 999 1716 Oudart.
1013 1683 1036 1716 et
1047 1670 1113 1715 Leid.

62 1751 103 1780 uu.
115 1760 148 1770 -
158 1735 211 1781 360.
228 1739 282 1783 Nox
293 1755 315 1783 α.
326 1766 358 1775 -
369 1739 455 1785 umbra.
467 1741 520 1786 llaec
534 1753 609 1786 assuta
619 1756 668 1786 esse
681 1752 704 1785 et
715 1755 806 1786 versum
818 1740 980 1801 imperfectum
992 1739 1114 1800 reliquisse

62 1801 201 1866 Virgilium,
222 1801 332 1854 credebat
348 1811 462 1858 Ortuinus
481 1826 518 1872 ap.
537 1811 616 1854 Burm.
637 1812 666 1854 At
687 1812 776 1872 optimo
792 1822 861 1871 poeta
879 1807 923 1853 hoc
942 1807 1115 1853 hemistichium

62 1874 190 1922 admodum
202 1878 300 1940 dignum
315 1882 417 1928 videtur.
433 1883 482 1926 Nisi
494 1882 560 1944 quod
572 1891 623 1926 atro
634 1881 697 1927 redit
713 1894 766 1944 post
778 1881 870 1927 356-
884 1880 936 1926 36ι.
949 1880 1040 1942 foeneru
1056 1877 1115 1924 alter

62 1944 159 1991 hleutel.
170 1946 264 1993 vulnera·
275 1953 365 2012 sprot,
375 1961 489 2012 perpetua
500 1954 637 1997 variatione.
648 1949 701 1996 taho
710 1950 808 1997 Dorvill.
818 1964 845 1996 ex
854 1949 925 2011 hujus
937 1949 991 1994 libri
1000 1951 1076 1993 initio.
1083 1972 1116 1984 -

62 2013 116 2060 362.
130 2015 228 2064 ἱαοήηιίε
236 2025 307 2082 possit
319 2024 380 2068 Vsu.
395 2038 437 2084 per
453 2022 558 2068 lacrimas
570 2022 668 2068 Dorv'ill.
679 2040 691 2068 e
701 2023 783 2084 glossa.
799 2027 870 2086 possit
879 2025 959 2067 animis
973 2036 1062 2083 oequtue
1076 2018 1114 2064 ed.

63 2085 123 2130 Ven.
135 2085 233 2134 Ιαονίιηιζς
242 2090 332 2154 explere
342 2094 418 2154 Sprot.
428 2099 475 2154 pro'
484 2103 532 2137 var.
545 2091 600 2137 lect.
611 2093 684 2137 Porro
695 2090 781 2138 labores
787 2113 795 2147 ,¹
804 2089 899 2143 πόνους,
911 2089 985 2144 mala3
998 2101 1021 2134 at
1029 2087 1116 2134 dolores

63 2219 132 2271 Hinc
150 2225 272 2274 evocatio
284 2225 413 2290 deorum,-
423 2225 457 2276 de
471 2243 524 2295 qua
537 2224 568 2275 h:

62 2297 80 2348 l.
99 2297 205 2353 Servius
225 2311 251 2354 et
268 2305 389 2356 Macroh.
410 2305 459 2369 lll,
482 2322 498 2373 9
521 2306 568 2374 qui

64 2377 154 2430 locum
168 2380 269 2433 laudat.
280 2413 316 2421 -
326 2383 386 2450 354.
407 2383 466 2436 Una
482 2382 566 2448 salus,

64 2461 112 2510 int.
126 2459 267 2515 honestam
284 2479 411 2532 mortem,
426 2484 480 2537 qua
492 2484 519 2516 se
532 2467 566 2518 ab

63 2541 184 2594 hostium
191 2558 323 2615 potestate
335 2543 565 2600 liberent-355.

65 2622 153 2673 Furor
162 2623 275 2677 additus.
286 2628 391 2678 Incensi
403 2639 465 2677 sunt
474 2645 567 2678 eorum

65 2702 157 2751 animi.
174 2703 278 2772 Laudat
294 2707 435 2758 Bumann.
455 2706 568 2758 Statium

65 2783 89 2830 V
100 2781 186 2833 Theb.
204 2785 237 2836 33
255 2787 278 2838 0
289 2786 405 2852 misene,
415 2787 510 2858 quibus
527 2786 569 2836 hit

59 2860 145 2930 furor
154 2862 266 2917 additus.

104 2940 156 2994 355
162 2943 263 3018 -360,
281 2947 412 2998 Homerus
430 2953 570 3017 compara*

67 3023 140 3072 tione
161 3022 287 3093 luporum
307 3042 376 3096 saepe
393 3027 476 3092 utitur
496 3045 522 3076 v.
545 3043 568 3076 c.

65 3100 142 3150 Iliad.
161 3115 189 3162 λ,
210 3120 241 3172 72
260 3099 279 3152 oi
292 3100 332 3166 di,
350 3101 412 3154 trinu
431 3105 473 3164 ric,
489 3103 569 3155 Θῢνον.

65 3179 130 3232 inde
139 3193 166 3232 et
174 3181 230 3248 alii,-
240 3197 269 3234 ut
276 3183 402 3254 Apollou.
412 3186 445 3248 Il,
455 3185 502 3236 123
511 3201 568 3253 sqq.

66 3257 128 3329 lupi
153 3273 268 3333 raptores
292 3283 324 3316 ex
351 3265 470 3334 epitheto
495 3263 571 3315 olianta

67 3340 145 3391 lliad.
158 3362 194 3404 π,
207 3343 259 3397 363
271 3357 364 3397 natum
375 3343 490 3395 videtur.
504 3356 530 3395 et
542 3363 570 3406 rr,

67 3419 103 3472 56
115 3418 179 3472 λύκοι
192 3423 234 3486 ric,
246 3422 392 3490 Ὠμοφιίγοι.
403 3426 466 3475 item
475 3423 569 3495 Odyss„

67 3502 98 3569 ξ,
115 3501 165 3553 133
174 3501 207 3554 de
217 3503 311 3556 leone:
325 3501 416 3554 nutas·
425 3500 454 3553 li
460 3502 471 3554 i
482 3497 572 3570 paeri?

67 3578 155 3635 utrm
167 3582 305 3653 mqibom
314 3615 348 3623 -
360 3583 446 3637 aaut.
459 3585 571 3654 Propius

68 3674 160 3712 tamen
173 3675 213 3714 est
224 3686 230 3712 :
243 3661 306 3715 λύκοι
317 3659 469 3732 ἆρπακτιῖμς.
486 3663 573 3714 Etiam

70 3757 114 3809 ap.
134 3740 263 3807 Quintum
282 3751 343 3793 sunt
363 3743 456 3794 attinenti
473 3742 573 3797 iventute

67 3816 157 3883 μέλαν.
168 3851 204 3860 -
214 3821 278 3876 356:
288 3830 352 3895 quos
368 3823 486 3894 improba
501 3820 576 3891 (ma-

71 3917 125 3969 gna
141 3901 152 3972 )
171 3901 267 3953 ventris
282 3901 404 3974 Exeqit(
421 3904 487 3974 egit,
511 3903 575 3972 quia

71 3977 209 4048 prodeunt
218 3999 250 4032 ex
259 3981 573 4052 latebris)coecosrabies;

73 4055 206 4128 quamum
223 4064 362 4116 ornatiust
372 4075 401 4115 ut
417 4064 497 4118 esiam
513 4061 575 4114 reli-

618 2243 686 2295 qua:
699 2237 758 2276 utra
770 2226 798 2275 in
814 2223 928 2286 nebula,
944 2237 974 2273 ex
991 2220 1118 2271 observa-

616 2309 691 2358 tione
698 2302 990 2377 sagacitatisintalihus
999 2303 1117 2352 animan-

617 2386 697 2438 tibus.
720 2384 761 2436 Sic
781 2382 906 2453 Apollon.
930 2391 945 2432 a
966 2383 1119 2431 Burmauno‘

616 2465 741 2517 laudatus
753 2466 794 2528 ll,
810 2463 859 2529 124
871 2463 943 2526 ripam·
961 2459 1067 2527 χειμερίῳ
1076 2459 1118 2510 Ιιι-

616 2562 665 2618 pos
675 2543 790 2615 praedari
799 2543 880 2606 facit,
891 2554 917 2593 et
931 2542 1062 2591 Homerus
1072 2537 1118 2589 Bait

616 2625 634 2695 ῤ’
647 2623 709 2690 ipsi,
724 2624 783 2675 aaa·
795 2619 869 2674 aiom
882 2618 927 2674 δύο
942 2615 983 2671 ml
994 2615 1066 2672 uim
1075 2616 1119 2684 με’-

616 2721 697 2759 Muer
706 2701 832 2771 Ἀμφᾶιον,
841 2700 964 2762 cirrium,
974 2696 1043 2752 droie‘
1054 2700 1120 2768 lvere

617 2784 657 2836 uel
664 2783 739 2850 μέλαν
747 2778 810 2850 αἷμα
820 2783 880 2854 (per
888 2781 955 2846 tela,
969 2799 1018 2851 per
1027 2779 1119 2850 hostes)

617 2865 694 2917 lliad.
718 2886 744 2926 κ,
776 2881 835 2934 ²97·
861 2865 920 2932 298.
945 2861 1118 2930 Comparatio

619 2958 708 2997 autem
721 2955 824 2994 tantum
843 2941 878 2992 ad
890 2943 1019 3009 impetum
1035 2950 1061 2988 et
1076 2956 1121 2988 ra-

618 3027 690 3077 biem
698 3025 856 3076 irruentium
864 3018 1013 3079 referenda3
1022 3017 1058 3068 nil
1068 3037 1120 3068 am·
1196 3019 1198 3028 ’

619 3105 704 3176 plius,
717 3123 750 3155 ne
763 3121 825 3154 cum
836 3099 955 3169 Trappio
965 3091 1074 3148 haereas.
1085 3124 1120 3134 -

620 3187 680 3255 359.
694 3182 839 3246 Vadimus,
859 3182 987 3250 impetum
1004 3179 1121 3248 et'furo-

621 3286 677 3318 rem
695 3277 790 3315 notare
804 3261 916 3314 verbum
936 3271 1013 3310 notat
1031 3260 1119 3309 Burm.

621 3343 720 3396 Saltem
732 3343 779 3394 tali
795 3344 823 3392 in
840 3329 979 3402 contexto,
993 3350 1067 3407 puta.
1080 3338 1121 3388 lta

621 3438 648 3476 et
657 3427 695 3474 ire
705 3429 732 3474 et
744 3421 821 3474 ἐλθεῖν
833 3431 860 3471 et
870 3418 930 3482 alia.
943 3446 978 3455 —
990 3416 1049 3468 360.
1061 3416 1121 3466 Nox

622 3499 811 3565 circumvolat,
832 3501 932 3570 quippe
956 3496 1050 3550 alata:
1072 3498 1120 3548 iul.

620 3585 694 3650 Vlll,
707 3582 773 3650 396,
787 3593 816 3630 ut
827 3579 957 3641 Somnus,
970 3575 1085 3627 Somnia.
1096 3593 1121 3626 v.

623 3663 657 3714 ad
668 3660 767 3713 Tibull.
780 3662 803 3714 ll
812 3696 820 3724 ,
830 3676 868 3723 v1,
882 3659 924 3728 89.
944 3675 1007 3708 cava
1020 3656 1120 3706 umbra.
1198 3705 1202 3710 ,

623 3754 754 3812 quatenus
778 3740 829 3810 ipsi
853 3757 885 3789 ea
906 3734 1122 3799 circumdantur,

624 3822 700 3891 quasi
710 3820 787 3887 tectis
796 3830 862 3889 puto
873 3815 1006 3887 equidem.

658 3901 718 3953 361.
729 3895 824 3970 Odyss.
835 3917 865 3962 y,
887 3896 936 3962 114
952 3897 986 3948 τίς
1002 3913 1037 3944 rer
1050 3891 1126 3943 insisti

623 3976 708 4040 nim
718 3974 898 4042 yrstoSn'umo
914 3972 1070 4024 mellinum
1085 3971 1125 4022 dr-

624 4055 740 4130 Spo'mm
749 4059 865 4110 imitatus
874 4054 951 4107 Silius
959 4053 992 4118 V,
1003 4051 1052 4117 421
1063 4067 1122 4121 sqq.

915 4157 944 4209 ¹7
