2724 4580
325 275 556 343 AEnulnos
579 277 730 341 LIBER
753 275 778 340 1.
1007 283 1065 349 125

48 399 133 467 AErea
145 401 201 468 cui
213 397 367 488 gradibus
379 398 553 487 surgebant
564 401 689 478 limina,
702 422 858 489 nexaeque

47 513 113 573 AEre
125 508 253 587 trabes3
266 506 391 571 foribus
404 506 501 571 cardo
514 505 668 570 stridebat
679 507 778 570 aenis.

47 615 114 678 Hoc
125 614 272 700 primum
284 614 318 674 in
329 611 404 675 luco
416 631 502 675 nova
515 633 565 674 res
578 611 684 675 oblata
695 611 846 676 timorem

46 719 166 798 Leniit3
180 719 238 782 hic
245 718 389 806 primum
401 720 516 780 AEneas
528 739 657 804 sperare
669 717 806 780 salutem

1023 627 1068 686 tto
1085 631 1088 638 “

74 885 125 942 448.
144 883 303 931 πὰίωυίῑοε
319 883 395 945 legere
410 886 458 946 jam
476 885 566 929 Servius
584 886 679 930 notavit.
695 882 797 929 Eandem
812 882 934 930 lectionem
952 886 1042 932 codices
1058 904 1071 933 a

47 959 176 1003 Burmanno
192 957 321 1003 enumerati
336 953 421 1000 babere
438 954 560 1008 videntur,
579 968 641 1009 non,
660 970 731 998 nexoe.
751 954 833 999 Trabes
848 970 892 1000 cere
908 959 967 1001 nixoe
982 958 1071 1003 Catroeo
1112 949 1116 953 ¹

48 1029 183 1082 arriserunt,
195 1038 223 1070 ut
236 1027 282 1070 sint
297 1024 409 1079 columnae
426 1039 494 1068 aeneae
514 1023 621 1088 epistylio
636 1024 753 1085 subjectae.
766 1025 830 1085 quod
846 1025 903 1070 adeo
919 1025 1030 1072 columna
1044 1043 1072 1074 ex

49 1112 88 1140 aere
104 1097 232 1140 innititur:
255 1096 295 1152 uti¹
307 1105 396 1139 constat
410 1091 511 1156 capitales
527 1097 590 1139 oeres's
607 1084 721 1139 conannas
739 1095 832 1138 usitatas
851 1094 975 1156 aliquando
994 1096 1070 1142 fuisse.

49 1166 75 1210 ef.
93 1165 152 1210 Piin.
175 1166 282 1220 xxxw,
303 1182 325 1226 7.
345 1167 467 1211 Enimvero
483 1165 512 1210 de
531 1177 649 1226 portarurn
665 1163 770 1226 postibus
785 1167 821 1225 agi
836 1181 877 1218 ea,
897 1181 948 1226 quae
963 1169 1072 1229 utrinque

49 1237 220 1299 adjunguntur:
238 1236 359 1302 snrqebant
370 1235 444 1281 limirta
456 1261 488 1271 -
496 1235 586 1298 fotibus
604 1237 673 1282 cardo
685 1245 721 1283 st.¹
730 1251 753 1279 a.
771 1238 824 1282 satis
837 1235 962 1282 declarant.
978 1240 1073 1284 Possem

49 1319 70 1352 et
79 1309 122 1368 ipsi
130 1319 209 1370 postes
218 1310 287 1353 aeneis
297 1307 390 1352 basibus
402 1309 466 1353 inmx
475 1307 543 1353 idici:
552 1323 631 1354 verum
642 1310 674 1352 sic
682 1307 710 1351 de
718 1305 797 1356 limine
806 1306 842 1351 bis
851 1319 919 1368 poeta
928 1322 1072 1355 memoraret.

50 1377 138 1438 -di9-
154 1378 225 1424 cardo
240 1385 281 1422 εῖν.
298 1375 428 1422 ahenusvir
445 1377 525 1424 doctus
542 1377 598 1439 legit
612 1375 860 1422 Miscellbbssvul.
877 1378 935 1420 llT
959 1380 1009 1440 lp.
1030 1379 1073 1436 85,
1098 1411 1100 1417 .

48 1446 120 1491 inutili
130 1445 200 1507 piane
214 1443 479 1501 emendatione—456.
491 1448 535 1492 Hic
547 1459 592 1492 tres
604 1463 640 1508 ap.
650 1447 727 1490 Burm.
740 1449 762 1488 in
774 1444 855 1507 templo
864 1447 944 1506 Puget.
957 1446 1074 1494 resublotn

49 1516 124 1561 Hamb.
136 1531 172 1576 pr.
185 1515 279 1572 -45ι,
301 1516 350 1560 Hoc
361 1518 462 1576 primum
474 1518 520 1576 (sc.
538 1519 564 1563 in
579 1516 647 1575 luco)
658 1514 760 1576 longob.
777 1517 855 1560 Pierii.
871 1523 969 1576 spectare
984 1516 1072 1562 zulich.
1099 1515 1103 1521 '

49 1586 113 1632 Goth.
125 1597 178 1631 tert.

50 1729 204 1779 intrantibus
229 1731 356 1794 incutiat,
382 1731 454 1801 quod
472 1734 537 1782 Bur.

48 1826 155 1858 mannus
168 1807 251 1859 malit.
263 1811 373 1862 Itavero
383 1809 537 1880 opulentum

47 1887 134 1956 paullo
147 1887 240 1938 durius
257 1888 364 1939 dictum.
377 1889 419 1939 Ad
437 1892 537 1961 magni-

48 1967 176 2023 ficentiam
189 1967 296 2039 templi,
315 1970 342 2018 in
355 1986 408 2038 quo
421 1970 537 2020 conden-

49 2047 81 2098 do
104 2050 230 2119 occupati
250 2059 325 2099 erant
341 2049 415 2098 Poeni
429 2084 438 2113 ‚
450 2049 537 2102 decla·

48 2128 156 2180 randam
176 2129 260 2200 magis
281 2127 377 2179 idonea
390 2145 446 2179 esse
467 2127 538 2180 vide·

49 2220 87 2257 tur
97 2209 173 2279 prior
181 2208 375 2276 interpretatio;
389 2225 474 2276 neque
485 2225 538 2256 om·

48 2290 107 2338 nino
112 2290 140 2338 in
148 2286 249 2356 templo
258 2287 413 2338 exstruendo
423 2289 537 2338 numinis

49 2369 186 2436 prasentia
210 2368 298 2436 operis
333 2365 449 2416 faciendi
475 2383 536 2436 pars

49 2459 93 2498 est.
205 2447 208 2461 '
335 2487 336 2492 ,

81 2528 139 2593 448.
158 2526 219 2594 449.
232 2525 273 2576 nd
291 2525 459 2576 heroicorum
472 2537 538 2575 tem-

49 2625 142 2676 porum
162 2604 385 2676 magnificentiam
403 2605 538 2676 ipertinet,

51 2688 120 2757 quod
136 2688 228 2738 omnia
248 2703 279 2736 ex
297 2703 346 2736 aere
362 2685 434 2735 fecit.
454 2686 539 2734 Unam

50 2765 163 2818 laudabo
175 2755 282 2816 Alcinoi
293 2765 392 2834 regiam
403 2762 495 2833 Odyss.
510 2784 536 2823 n,

51 2847 82 2898 86
94 2864 151 2916 sqq.
171 2847 302 2896 Homerus
316 2841 428 2893 eandem
435 2842 539 2912 elegan-

51 2929 111 2978 tiam
119 2916 538 2991 addeorumsedem‚Olympum‚

51 3005 190 3056 transtulit.
202 3003 292 3070 Quid?
301 2999 373 3071 quod
382 3001 469 3049 Rornae
479 2999 538 3050 talis

50 3082 243 3154 magnificentia
252 3092 308 3148 erat
317 3081 455 3148 frequens,
466 3081 539 3147 cujus

51 3162 135 3230 adhuc
147 3165 175 3212 in
191 3160 309 3214 Pantheo
325 3161 436 3229 vestigia
447 3157 541 3228 depre-

49 3240 215 3306 henduntur,
226 3252 256 3290 nt
269 3239 396 3309 Spencius
407 3237 477 3292 bene¹
485 3256 542 3288 mo-

51 3323 114 3372 nui't.
132 3320 308 3372 Ornatissime
330 3329 416 3368 autem
439 3316 542 3387 singula

50 3400 148 3451 extulit.
166 3400 247 3449 AErea
265 3396 387 3468 qradibus
406 3396 544 3466 sumebant

51 3477 162 3540 limina,
176 3476 204 3527 h.
224 3496 246 3527 e.
265 3475 344 3525 limen
358 3487 414 3526 erat
428 3492 465 3531 ex
477 3491 541 3524 aere:

52 3575 96 3609 seu
108 3570 138 3608 ut
151 3555 235 3606 limen
252 3573 303 3624 pro
322 3553 424 3605 foribus
443 3551 543 3602 dictum

52 3637 184 3704 accipias,
204 3651 251 3684 seu
269 3645 303 3692 ,ut
321 3632 426 3703 proprie
443 3630 542 3694 dictum

55 3716 98 3776 sit,
108 3713 137 3763 id
145 3711 220 3782 quod
229 3711 313 3772 malo;
327 3713 390 3780 quia
401 3711 472 3763 fores
483 3725 543 3759 mox

54 3803 239 3844 memorantur.
258 3791 366 3861 Suryere
388 3807 442 3840 non
462 3786 541 3840 modo

585 1733 633 1783 mis
644 1729 719 1783 editae
732 1742 758 1783 et
770 1729 827 1782 altae
839 1751 845 1782 ε
863 1741 974 1802 surgunt
985 1731 1074 1800 itaque

584 1811 676 1863 limina
709 1811 855 1883 gradibus,
885 1829 933 1880 per
955 1809 1073 1881 gradus,

585 1891 651 1942 liunt
663 1891 787 1960 subjectis
800 1888 925 1962 gradibus
941 1907 989 1958 per
1008 1905 1075 1959 quos

587 1972 621 2022 ad
637 1987 669 2023 ea
690 1969 868 2022 adscenditur.
889 1967 1017 2038 seuquid
1036 1969 1076 2021 e'st

586 2051 697 2102 alterurn
707 2049 722 2117 ξι
736 2066 807 2099 nexoe
823 2066 871 2099 oere
882 2048 973 2099 ‘trabes
987 2066 1076 2120 surqe-
1104 2049 1106 2054 '

587 2129 669 2179 baut?
681 2127 760 2200 trabes
771 2125 844 2177 haud
856 2123 935 2200 dubie
948 2137 1008 2174 sunt
1017 2143 1078 2195 pos.

586 2222 642 2271 tes3
663 2223 712 2256 oere
736 2221 807 2256 nexoe
829 2204 909 2274 vulgo
936 2199 972 2254 sic
992 2203 1077 2272 accipi

586 2287 695 2349 videas,
707 2296 737 2334 ut
745 2283 876 2353 postium,
888 2281 914 2331 h.
926 2301 948 2333 e.
962 2282 1078 2334 trabium

586 2385 617 2418 ex
629 2366 720 2436 ligno,
732 2381 755 2413 v.
771 2382 793 2414 c.
808 2362 979 2432 abjegnarum
990 2400 999 2426 ‚
1017 2363 1077 2412 vin-

587 2445 647 2497 cula
658 2457 684 2496 et
694 2443 761 2494 clavi
771 2461 817 2494 seu
828 2443 904 2492 unci’
913 2443 964 2491 sint
976 2461 1007 2493 ex
1018 2460 1076 2493 aare.

587 2523 622 2572 At
631 2522 684 2579 hoc
693 2540 743 2592 pro
755 2521 856 2590 reliqua
869 2520 959 2590 templi
977 2523 1079 2592 magni-

587 2601 693 2653 ficentia
700 2619 779 2670 quam
787 2611 855 2650 esset
862 2601 980 2667 jejunum
990 2599 1079 2669 equod
1112 2617 1114 2622 ’

588 2695 659 2734 recte
671 2682 752 2734 sensit
767 2679 896 2732 Gatroens:
908 2677 960 2728 Alii
972 2679 1077 2730 indutos

587 2775 676 2832 postes
696 2761 767 2812 aereis
788 2759 892 2810 laminis
913 2758 1078 2829 intelligunt3

588 2855 615 2894 at
626 2841 736 2892 nechcc
748 2840 801 2889 sive
814 2839 902 2889 sensui
913 2838 969 2888 sive
977 2838 1079 2906 judicio

589 2932 680 2970 nostro
692 2918 827 2970 satisfacit.
836 2916 922 2967 Nexat
940 2932 988 2966 cere
1001 2917 1080 2970 trabes

588 2998 715 3071 putabam
727 2996 791 3046 olim
802 2994 886 3044 dictos
901 3006 989 3062 postes
1002 2997 1079 3046 aeneis

585 3076 740 3134 ,cardinibus
749 3076 870 3142 junctos;
888 3070 968 3140 idque
989 3085 1080 3141 patere
1123 3091 1125 3096 ·

589 3151 1081 3213 velexClaudianiimitationeXXXIII,

590 3237 650 3304 237.
658 3231 755 3304 ferrati
777 3241 859 3301 postes
870 3251 879 3289 ,·
906 3229 1081 3301 immensaque

588 3315 671 3366 nectit
687 3311 798 3364 claustra
821 3307 925 3377 chalybs
932 3341 946 3371 ‚·
961 3307 1030 3360 h.·e.
1049 3327 1081 3360 ex

590 3391 702 3463 ,chalybe
714 3401 789 3441 erant
808 3387 928 3438 cardines
943 3387 1080 3438 immensa-

590 3470 804 3524 rumvalvarum.
819 3467 880 3516 Non
892 3464 1082 3521 videramuer·

590 3552 685 3603 burum
697 3547 817 3600 ordinem
830 3562 886 3596 esse
897 3543 968 3595 hunc
980 3565 985 3595 :
1000 3562 1082 3596 nexae-

590 3625 810 3700 queliminibus,
833 3624 961 3691 adjunctae
982 3637 1008 3674 et
1031 3626 1081 3674 im-

590 3708 682 3778 positae
695 3706 779 3757 limini
799 3704 879 3756 trabes
887 3741 896 3767 ‚
909 3716 1014 3773 postes,
1029 3722 1081 3755 sur·

588 3787 796 3857 flebant‚,erant
815 3801 863 3847 ex,
886 3798 942 3832 aere.
965 3781 1082 3833 Tandem

54 3870 207 3936 edificium,
219 3867 267 3919 sed
287 3880 313 3918 et
324 3867 432 3938 singulae
454 3877 542 3937 partes
586 3861 785 3934 foribus-cardo
806 3860 928 3913 stridebat
950 3859 1013 3910 oenis
1024 3896 1033 3922 ,
1054 3857 1081 3907 h.

53 3947 191 4014 dicuntur,
204 3965 262 4018 quae
279 3948 306 3998 in
325 3965 356 3998 eo
370 3959 444 4010 sunt,
461 3946 543 4016 inpri·
592 3943 664 4002 fores
673 3953 747 3996 erant
758 3958 842 3994 aeneae.
856 3936 935 4004 Quod
947 3951 1033 3989 autem
1046 3949 1086 3984 τοι
