2718 4598
469 330 502 390 r.
526 324 758 413 vrnornn
782 322 1012 390 nunonis

216 451 441 541 Avolsumque
452 451 599 516 humeris
612 467 723 538 caput,
738 468 771 515 et
782 450 852 524 sine
864 452 999 515 nominc
1012 472 1144 539 corpus,

262 559 302 620 At
314 579 367 620 me
380 574 451 622 tum
462 558 607 644 primum
619 579 724 622 saevus
737 557 952 623 circumstetit
964 555 1092 650 horror.

136 655 138 660 ’
217 661 513 750 Obstupui3subiit
528 663 593 727 cari
606 663 763 751 genitoris
776 664 895 750 imago.
1225 677 1267 749 ⁵⁶⁰
1350 689 1351 700 ¹

218 757 264 830 Ut
276 790 387 862 regem
400 789 582 858 aequaevum
595 767 721 832 crudeli
733 768 868 836 volnere
881 766 950 832 vidi

214 873 326 960 'Vitam
339 873 561 954 exhalantem
574 874 675 940 subiit
687 874 817 939 deserta
829 877 964 954 Creiisa,

217 981 259 1042 Et
271 979 399 1068 direpta
413 978 545 1061 domus,
560 998 592 1046 et
604 983 697 1070 parvi
709 1004 802 1048 casus
816 981 887 1044 Iuli.

217 1085 384 1172 Respicio,
399 1103 432 1149 et
444 1109 517 1175 quae
532 1088 573 1152 sit
584 1111 638 1151 me
651 1089 776 1162 circum
788 1087 883 1175 copia
895 1086 1008 1150 lustro.

217 1192 402 1255 Deseruere
416 1215 531 1258 omnes
544 1190 679 1284 defessi,
696 1211 728 1257 et
740 1214 880 1281 corpora
893 1190 976 1256 saltu
1224 1202 1265 1265 tos
1351 1260 1352 1280 χ

216 1293 267 1389 Ad
281 1313 401 1362 terram
413 1299 532 1393 misere
544 1316 601 1364 aut
613 1300 744 1388 ignibus
757 1322 842 1388 aegra
856 1295 989 1361 dedere.

260 1403 415 1491 [Jamque
427 1404 511 1468 adeo
524 1428 624 1491 super
636 1429 722 1468 unus
735 1429 841 1496 eram:
856 1428 959 1494 quum
972 1401 1085 1467 liminii
1097 1404 1208 1468 Vestae

220 329 282 414 278

248 1559 299 1606 558.
315 1559 460 1624 avolsumque
474 1562 534 1606 Gud.
549 1579 603 1608 eum
616 1558 702 1610 Medic.
715 1563 883 1628 obscs'ssumque
896 1564 995 1610 Oudart.
1013 1575 1036 1610 et
1051 1561 1117 1608 Leid.
1135 1577 1211 1619 unus;
1225 1561 1266 1608 sed

135 1643 136 1646 ’
216 1631 316 1675 atrocius
334 1629 446 1677 avulsum.
463 1651 484 1678 v.
501 1635 622 1678 Burm.—
634 1634 686 1695 559.
710 1635 742 1679 Ut
756 1651 791 1679 me
808 1634 901 1696 Menag.
919 1649 965 1679 sec.
982 1649 1033 1678 cum
1049 1635 1148 1695 primum
1166 1643 1267 1694 quatuor

216 1701 294 1746 Burin.
308 1711 427 1748 atmecum
435 1721 459 1765 p.
472 1706 539 1768 Witt.
554 1720 618 1750 error
632 1707 724 1768 Hugen.
736 1733 768 1742 -
778 1707 831 1753 561.
843 1706 928 1768 funere
944 1703 1042 1750 Oudart.
1056 1715 1079 1750 ct
1092 1703 1199 1748 Parrhas.
1212 1719 1265 1748 arn.

215 1785 252 1830 pr.
265 1787 286 1815 v.
297 1786 348 1831 sup.
364 1771 457 1832 539.-
467 1773 518 1818 562.
537 1774 598 1819 subit
614 1775 719 1821 etmulti
738 1778 821 1831 Pierii,
838 1778 926 1822 Heinsii
943 1787 967 1821 et
982 1777 1061 1820 Burm.
1077 1775 1125 1819 Cur
1140 1789 1197 1818 vero
1213 1784 1267 1818 ante

217 1839 289 1883 Subiit
300 1842 388 1902 majore
398 1841 548 1888 distinctione
560 1838 698 1890 sententiani
707 1845 817 1908 jugulent
824 1846 895 1908 vulgo
902 1844 1030 1900 editiones,
1039 1860 1087 1890 uon
1094 1843 1165 1889 video
1171 1860 1178 1898 ;
1188 1845 1268 1903 itaque

216 1927 267 1955 eam
277 1915 372 1958 mutavi.
382 1938 414 1948 -
426 1914 478 1959 563.
491 1924 517 1958 ut
527 1916 550 1960 d.
565 1917 658 1964 codices
668 1935 706 1980 ap.
716 1921 777 1964 Pier.
790 1927 813 1963 et
823 1919 912 1964 deserta
923 1918 963 1963 alii
975 1935 1012 1980 ap.
1024 1917 1095 1963 eund.
1104 1913 1197 1969 -564
1208 1915 1268 1958 Des·

215 1985 273 2043 pr'cr'o
284 1983 382 2029 Oudart.
395 2000 429 2028 me
441 2000 526 2030 circum
535 1988 615 2033 Heius.
626 2005 639 2034 e
649 1989 718 2034 codd.
733 2001 760 2034 ut
768 1987 879 2045 mollius;
891 1988 961 2051 vulgo
974 1991 1059 2033 canum
1071 2001 1112 2031 nte.
1129 1987 1158 2030 ln
1169 1983 1242 2029 Wall.
1255 1999 1268 2027 a

187 2078 192 2088 ν
215 2066 247 2098 m.
258 2069 294 2114 pr.
305 2070 357 2117 quoe
366 2058 396 2100 sit
405 2071 481 2102 rerum
492 2056 547 2102 mihi
557 2063 629 2122 coptu.
639 2086 672 2095 -
681 2060 733 2108 566.
748 2061 859 2120 dederunt
872 2062 947 2122 bigot.
957 2085 989 2096 -
1001 2060 1054 2121 567.
1066 2060 1153 2104 Versus
1164 2057 1191 2102 hi
1206 2055 1269 2100 xxn

217 2138 292 2185 usque
302 2125 332 2169 ad
344 2143 365 2170 v.
378 2126 422 2172 588
432 2128 461 2173 ab
473 2129 581 2175 omnibns
590 2133 674 2186 Pierii,
684 2133 787 2188 Hunni,
798 2143 822 2178 ct
831 2133 959 2178 Burmanni
968 2131 1038 2176 codd.
1048 2130 1156 2183 aberant,
1169 2139 1269 2188 excepto

216 2191 309 2254 Menag.
323 2193 376 2251 alt.,
391 2197 415 2240 iu
426 2213 473 2258 quo
483 2202 614 2246 recentiore
626 2217 698 2247 manu
708 2213 774 2247 erant
787 2201 910 2264 adscripti,
929 2200 1007 2246 addita
1019 2199 1205 2260 subscriptione:
1219 2198 1269 2241 lstu

215 2273 287 2308 metra
297 2281 342 2310 non
351 2276 405 2311 sunt
413 2269 440 2313 de
451 2278 521 2315 textu.
535 2272 562 2315 lu
573 2271 695 2320 nonnullis
707 2290 743 2334 ap.
756 2275 916 2319 Burmannum
926 2274 988 2332 (non
998 2275 1022 2318 in
1033 2272 1141 2317 omnibus
1152 2269 1232 2324 libris,
1242 2279 1269 2313 ut
1351 2291 1352 2296 ¹

215 2333 320 2380 Catroeus
329 2337 415 2397 jactat)
428 2353 476 2383 non
487 2339 526 2385 hic
536 2331 577 2386 sed
589 2345 661 2388 initio
667 2343 770 2388 AEneidis
782 2345 868 2388 exarati
878 2345 1036 2406 reperiuntur.
1047 2341 1128 2402 Neque
1138 2339 1268 2386 hosversus

215 2403 322 2472 Servius,
334 2406 450 2463 Donatus,
468 2419 490 2453 et
501 2411 644 2472 Pomponius
655 2415 847 2474 interpretantur.
863 2413 953 2458 Desunt
963 2413 1032 2457 etiam
1043 2412 1067 2454 in
1079 2407 1134 2454 edd.
1146 2404 1269 2452 nonnullis

218 2475 332 2536 antiquis,
346 2476 388 2521 sed
399 2481 487 2539 paucis.
500 2481 653 2528 ECodicihus
667 2499 741 2528 unum
751 2482 934 2540 Dorvillianum,
946 2481 1034 2528 nullius
1044 2481 1188 2526 auctoritatis
1198 2476 1269 2523 codi-

217 2557 281 2604 cem,
291 2538 438 2591 Burmannus
447 2561 573 2614 memorat,
585 2553 668 2614 inquo
681 2551 716 2597 illi
730 2552 876 2614 legebantur.
888 2554 918 2597 At
932 2568 944 2597 e
958 2553 1042 2597 nostris
1054 2547 1167 2594 Gothanis
1178 2548 1269 2608 primus

216 2683 274 2724 tum
286 2675 414 2726 memoria
423 2688 551 2730 tenerent.
562 2680 618 2731 sine
627 2685 716 2734 nomi-

216 2769 251 2829 ne
262 2769 369 2822 corpus,
383 2757 438 2808 sine
451 2770 529 2824 nota,
543 2778 596 2830 quo
607 2767 717 2833 agnosci

217 2846 326 2900 posset,
349 2848 479 2904 quatenus
500 2841 557 2892 sine
581 2844 669 2911 capite
691 2857 717 2895 et

216 2911 293 2962 vultu
305 2926 370 2965 erat.

253 2991 311 3062 559.
327 3012 385 3064 sqq.
403 2997 453 3048 Hic
466 3011 550 3050 artem
562 3012 647 3068 poetae
668 3019 716 3072 ag-

216 3088 306 3124 nosce.
320 3075 418 3127 Priami
435 3095 499 3128 casu
512 3091 657 3148 conspecto
670 3099 718 3150 pa7

216 3153 263 3202 tris
285 3154 406 3207 dnchisae
435 3160 620 3210 reminiscitur.
649 3161 716 3227 Quis

216 3231 304 3282 AEneae
321 3235 348 3284 in
365 3248 482 3305 patrem,
505 3239 667 3308 omninoque
689 3242 717 3290 in

217 3327 298 3374 suos,
314 3315 442 3382 pictatem
460 3336 532 3372 nnnc
549 3337 609 3370 enm
628 3337 718 3389 rerum

167 3427 172 3436 .
217 3388 353 3441 cardinem
380 3394 439 3446 fore
463 3397 637 3466 expectabat,
662 3416 715 3467 quo

216 3471 335 3520 narratio
347 3472 435 3537 adid,
450 3476 522 3544 quod
534 3497 623 3528 rerum
635 3491 717 3547 caput

219 3561 292 3613 erat,
311 3552 399 3603 AEneae
420 3553 582 3621 discessum,
605 3575 717 3609 conver-

214 3634 340 3680 teretur?
358 3632 391 3681 Et
413 3652 493 3703 quum
515 3636 718 3690 accommodata

217 3704 273 3759 haec
282 3710 370 3761 AEneae
380 3729 500 3781 personas
510 3717 515 3763 Ι
527 3727 553 3764 et
565 3732 644 3783 quam
654 3728 717 3785 apta

162 3813 165 3818 ·
218 3784 252 3836 ad
277 3789 366 3841 studia
390 3803 483 3860 nostra
509 3793 665 3861 animosque
689 3796 716 3845 in

217 3866 303 3918 virum
315 3881 370 3920 tam
383 3869 482 3919 eximiae
490 3871 597 3939 pietatis
606 3889 716 3923 conver-

216 3944 439 3997 tendosl-563.
467 3947 578 4018 Direpta
605 3949 714 4016 domus,

216 4022 244 4071 in
267 4041 371 4092 prosa,
396 4023 511 4098 direptio
535 4027 630 4081 domus
651 4049 716 4083 meae

767 2686 855 2737 animo
880 2682 1076 2752 objiciebatur,
1107 2679 1184 2750 quasi
1211 2680 1269 2746 jam
1352 2673 1353 2680 ’

765 2767 847 2816 facta.
861 2781 934 2816 casus
953 2760 1010 2814 Iuli
1023 2783 1031 2810 .·
1047 2758 1113 2830 quid
1123 2758 1183 2809 Iulo
1197 2759 1269 2810 acci·
1352 2789 1353 2824 t

766 2843 829 2894 dere
844 2844 938 2913 possit.
955 2843 1019 2892 Mox
1032 2840 1083 2904 564
1095 2837 1173 2907 copia
1188 2835 1268 2886 docte
1352 2911 1353 2914 Ἴ

765 2943 815 2995 pro
838 2926 938 2994 copiis;
965 2933 1059 2974 notant
1082 2919 1267 2972 Grammatici.
1352 2915 1353 2976 l

767 3005 801 3054 cf.
815 3005 990 3055 Burmannus.
1005 2997 1106 3054 -565.
1121 2999 1233 3049 AEneam
1252 3013 1268 3046 e
1352 3025 1353 3072 }

767 3084 833 3133 turri
856 3094 1020 3154 pugnantem
1040 3079 1193 3130 meminisse
1219 3093 1270 3125 ne-

767 3179 839 3212 cesse
852 3175 906 3225 est,
928 3178 1008 3230 supra
1023 3177 1047 3209 v.
1067 3155 1127 3223 458.
1141 3156 1195 3222 460
1206 3169 1267 3221 sqq.

767 3239 892 3292 incendio
908 3242 964 3309 jam
978 3257 1026 3309 per
1046 3237 1148 3306 regiam
1168 3231 1268 3282 Priami

767 3337 861 3390 sparso
881 3320 1007 3394 desiliunt
1027 3317 1071 3370 alii
1095 3317 1122 3365 in
1146 3326 1266 3373 terram,

768 3398 814 3449 alii
826 3397 891 3450 dum
902 3400 971 3450 vires
996 3396 1031 3448 ad
1044 3396 1135 3465 fugam
1158 3392 1266 3461 capien-

767 3475 829 3528 dam
841 3476 984 3540 deficiunt,
1004 3475 1058 3546 igni
1080 3473 1267 3524 absumuntur.

765 3573 875 3626 corpora
898 3573 981 3628 oeqrn,
1002 3555 1066 3623 quia
1088 3550 1181 3620 defessi
1200 3567 1269 3618 pug-

766 3634 876 3700 nando,
896 3634 1017 3686 exhausti
1029 3630 1139 3682 viribus.

802 3714 853 3783 567
866 3745 901 3754 -
914 3715 974 3782 574.
1005 3712 1157 3781 Sequuntur
1182 3724 1266 3760 verss.

765 3795 839 3846 XXII
852 3814 867 3846 a
880 3795 1003 3846 codicum
1019 3804 1096 3865 parte¹
1109 3788 1266 3850 exulantes,

767 3892 833 3944 quos
844 3887 957 3924 narrant
969 3874 1084 3924 aTucca
1095 3881 1122 3921 et
1133 3870 1216 3924 Vario
1226 3886 1268 3916 re·

765 3955 842 4004 cisos.
856 3971 880 4002 v.
891 3954 923 4001 V.
937 3953 965 4002 L.
979 3952 1018 4002 Dc
1030 3949 1132 4000 Helena
1142 3947 1176 3997 ab
1186 3944 1265 3995 Achi-

765 4034 804 4082 vis
825 4041 984 4100 recuperata
1003 4047 1026 4080 v.
1047 4028 1108 4077 Exc.
1124 4025 1173 4076 Xll
1187 4023 1221 4074 ad
1234 4021 1262 4072 h.
1352 4075 1353 4080 .

1150 4199 1156 4228 l
