2742 4586
378 311 612 378 AENEIDOS
637 313 790 376 LIBER
814 315 862 376 II.
1077 317 1136 381 251

98 437 258 504 Excutior
273 459 404 515 somno,
420 452 452 499 at
464 437 584 500 summi
596 435 723 522 fastigia
735 436 813 500 tecti

98 543 274 609 Adscensu
286 565 421 631 supero,
435 558 535 630 atque
547 540 688 606 adrectis
700 543 833 612 auribus
846 540 939 606 adsto
952 565 960 604 :

101 651 142 712 In
155 641 302 737 segetem
314 648 416 712 veluti
429 671 532 736 quum
544 646 675 712 flamma
687 647 872 712 furentibus
885 648 1002 712 austris

100 755 237 832 Incidit,
252 772 308 820 aut
320 752 453 842 rapidus
467 769 624 818 montano
636 753 774 817 flumine
786 739 913 818 torrens
1103 766 1146 814 305

100 861 225 925 Sternit
236 883 346 948 agros,
360 861 476 926 sternit
488 876 556 924 sata
568 860 655 937 laeta,
669 858 839 947 boumque
850 858 994 938 labores,

101 968 358 1056 Praecipitesque
371 966 470 1030 trahit
481 966 593 1045 silvas;
607 982 717 1052 stupet
730 965 851 1036 inscius
863 965 930 1030 alto

100 1073 439 1161 Adcipiens'sonitum
451 1072 518 1136 saxi
531 1071 571 1134 de
585 1071 707 1134 vertice
720 1087 840 1157 pastor.

102 1180 193 1241 Turn
204 1201 284 1241 vero
296 1178 469 1240 manifesta
481 1174 578 1254 fides,
596 1179 812 1262 Danaumque
825 1192 998 1262 patescunt

105 1282 256 1348 Insidiae:
266 1283 335 1372 jam
348 1281 515 1368 Deiphobi
528 1279 620 1345 dedit
632 1281 741 1368 ampla
753 1279 896 1370 ruinam,

1107 1296 1152 1344 310

103 1471 158 1518 cod.
165 1467 613 1533 antiquIssimusPierii.VideturHeius.
622 1469 975 1514 etiamcrebrescuntInvenisae:
985 1469 1015 1513 cf.
1022 1471 1099 1515 Burm.
1108 1485 1152 1534 que

104 1541 172 1586 abest
182 1542 264 1584 Frauc.
277 1541 343 1583 irruit
356 1537 426 1583 Goth.
438 1551 491 1584 tert.
504 1537 581 1584 male:
595 1538 771 1602 r'nqruunthene
780 1538 809 1583 de
820 1541 849 1583 IIs
858 1553 909 1599 quae
921 1538 1048 1593 accedunt,
1060 1543 1155 1602 propritt

105 1613 181 1657 fiunt:
191 1627 255 1656 error
263 1627 306 1672 pro
319 1609 400 1655 horror
410 1626 446 1671 pr.
458 1611 555 1683 qut„
574 1622 689 1671 perpetua
705 1609 858 1654 aberratione.
868 1634 900 1644 -
908 1607 962 1653 305.
975 1612 1027 1652 rari
1038 1610 1065 1654 de
1074 1615 1156 1657 veru'ce

106 1691 194 1730 torrens
203 1680 280 1728 Schol.
294 1683 377 1728 Horat.¹
385 1683 416 1725 IV
427 1681 472 1725 Od.
486 1679 512 1736 24
522 1697 551 1726 ex
560 1699 581 1726 v.
593 1681 638 1725 308
647 1684 699 1726 saxi
707 1681 734 1725 de
743 1682 824 1725 vertice
832 1688 925 1742 pastor:
936 1689 1040 1725 montano
1049 1697 1063 1726 α
1072 1686 1155 1728 verit'ce

104 1755 182 1815 Rigor.
192 1769 219 1798 ex
226 1755 267 1796 vn
272 1787 280 1808 ,
291 1753 334 1814 567
343 1761 365 1797 ct
372 1761 429 1798 torto
436 1757 517 1798 vertice
532 1762 631 1798 torrens:
642 1752 731 1814 rapidos
738 1768 773 1814 pr.
782 1752 866 1796 Moret.
876 1763 899 1796 et
907 1751 1087 1812 Francflumt'ne
1099 1753 1154 1798 Mo-

104 1834 150 1868 ret.
168 1835 220 1869 tert.
239 1849 270 1858 -
286 1823 338 1868 306.
356 1821 514 1887 domuumque
526 1821 611 1868 labores
623 1839 659 1884 pr.
673 1822 754 1867 Hamb.
767 1837 810 1882 pro
822 1819 868 1866 div.
882 1819 935 1866 lect.
950 1822 999 1866 cxl
1013 1823 1096 1884 Georg.
1114 1823 1155 1870 118

106 1893 155 1938 haec
164 1910 236 1958 quum
250 1897 296 1938 sint
309 1893 466 1957 hominumque
476 1894 585 1958 boumque
596 1893 682 1940 utores
696 1895 719 1937 V
719 1893 814 1938 errando
826 1901 907 1937 terram
915 1896 1003 1954 experti
1010 1917 1041 1928 —
1051 1893 1155 1940 lahorem.

106 1967 174 2011 Voss.
188 1978 211 2012 et
223 1967 303 2026 fragm.
324 1967 406 2012 Moret.
427 1965 550 2030 bovemque
568 1966 654 2013 iabores
673 1967 753 2028 fragm.
766 1965 842 2010 Varie.
852 1989 883 2000 -
894 1965 946 2027 307.
957 1966 1019 2010 sedet
1028 1983 1072 2028 pro
1083 1973 1160 2030 stupet

106 2037 208 2096 QuIntil.
222 2039 275 2083 VIll
283 2040 338 2084 lust.
349 2039 363 2084 6
370 2073 377 2096 ,
398 2041 516 2086 memorIae
533 2041 599 2085 vitio.
609 2065 641 2076 -
651 2037 703 2086 308.
720 2040 831 2102 aspiciens
847 2039 923 2100 Sprot.
933 2053 982 2084 var.
994 2037 1048 2083 lect.
1060 2063 1092 2074 -
1101 2039 1154 2084 310.

106 2212 169 2251 nate
182 2219 248 2270 pro,
264 2215 303 2254 est
316 2215 432 2266 secreta,
452 2204 608 2254 remotiora

105 2277 186 2329 litore
202 2293 227 2330 et
240 2294 317 2350 porta
327 2282 411 2344 Scaea,
425 2301 509 2352 eaque
522 2294 607 2352 parte,

108 2377 163 2428 qua
179 2359 273 2411 Achivi
288 2362 381 2412 urbem
396 2364 507 2432 ingressi
524 2374 606 2412 erant.

107 2435 185 2488 Statii
195 2439 369 2490 imitationem
380 2451 454 2489 notat
466 2441 607 2491 Burmann.

108 2517 234 2582 Theb.V‚
243 2519 302 2585 242,
311 2519 364 2570 etsi
372 2518 426 2570 iata
434 2520 535 2572 recessit
543 2521 610 2572 Urbe

109 2598 211 2648 domus.

148 2667 298 2720 Soa—308.
309 2668 439 2720 Adscensu
447 2689 550 2741 supero,
561 2689 611 2740 pro

111 2747 259 2810 adscendo,
270 2762 364 2800 ornate
370 2751 398 2800 iu
408 2768 436 2801 re
447 2752 527 2802 tenui.
537 2750 613 2801 Com·

110 2829 233 2900 parantis
245 2839 271 2886 et
283 2831 432 2897 comparati
445 2832 512 2880 ratio
525 2831 612 2899 primo

111 2909 211 2959 intuitu
225 2910 354 2958 nonsatis
373 2919 462 2977 aperte
478 2908 615 2960 declarata

113 3003 171 3040 esse
187 2986 300 3038 videtur.
312 2987 389 3038 Latet
403 3001 492 3038 autem
504 2989 531 3037 in
544 2987 595 3038 illis
608 3009 613 3037 :

111 3067 219 3119 arrectis
238 3067 346 3118 auribus
370 3067 460 3130 adsto,
485 3080 510 3117 et
531 3076 618 3136 stupet

112 3145 246 3215 accipiens
256 3146 369 3197 sonitum
384 3167 392 3195 ι
408 3158 438 3195 ut
455 3147 492 3195 sic
506 3164 617 3214 compo-

113 3243 178 3277 nas:
195 3225 267 3276 adsto
280 3224 386 3276 arrectis
397 3224 523 3289 auribus,
538 3243 616 3277 aures

114 3308 222 3377 arrigo,
237 3305 320 3356 veluti
337 3317 429 3376 pastor
445 3304 543 3375 accipit
560 3315 616 3356 stu-

111 3405 178 3458 pens
198 3385 335 3449 sonitum,
355 3403 437 3456 quum
451 3384 567 3458 flamma
589 3386 618 3435 in

114 3475 227 3536 segetem
251 3463 354 3514 incidit.
384 3464 449 3530 Quae
477 3467 617 3534 sequitur,

115 3547 285 3616 comparatio
295 3545 453 3597 adumbrata
461 3546 618 3598 estexIIIad.

115 3627 152 3689 fl,
166 3625 226 3690 455.
245 3624 305 3690 456.
319 3640 348 3689 a,
370 3624 417 3676 155
430 3641 488 3694 sqq.
504 3638 530 3676 et
544 3625 619 3676 Iliad.

657 2199 778 2250 Macrob.
792 2197 886 2268 Scalig.
897 2194 992 2246 Cerda.
1007 2183 1156 2246 Dicendum

658 2277 830 2348 simpliciter,
856 2287 961 2346 poetam
988 2275 1095 2325 Homeri
1118 2291 1159 2323 1n-

658 2369 737 2408 venta
745 2355 1004 2427 egregiesuiaverbis
1012 2353 1160 2406 reddidisse

659 2448 685 2487 et
702 2453 818 2487 ornasse.
841 2435 899 2484 Nisi
914 2434 983 2485 forte
1003 2435 1029 2484 in
1049 2432 1101 2484 hoc
1119 2453 1161 2485 re·

659 2513 868 2587 prehendendus
878 2510 962 2565 videri
970 2526 1071 2584 potest,
1086 2512 1160 2584 quod

661 2613 693 2645 ex
711 2595 804 2644 AEneoe
823 2593 954 2644 narramis
970 2612 1079 2664 persona
1099 2593 1160 2644 talis

663 2675 827 2744 comparatio
851 2691 907 2724 non
930 2676 993 2726 satis
1020 2673 1161 2726 commoda

663 2757 762 2805 intexta
781 2755 822 2804 sit.
841 2752 922 2819 Quod
937 2765 962 2804 et
978 2757 1110 2806 Wartono
1125 2755 1164 2804 ita

663 2837 749 2886 visum
767 2833 854 2886 video.
872 2832 923 2884 Sed
942 2833 1012 2884 illius
1030 2836 1163 2886 narrantis

664 2915 878 2968 recordationem
896 2915 1011 2964 suavitas
1031 2907 1165 2965 narratio-

665 2996 705 3046 nIs
718 2993 877 3063 jamdudum
895 2993 987 3042 animis
1000 2991 1166 3044 audientium

666 3075 792 3126 excussit:
799 3071 1166 3142 furentibusaustrisdicinut

666 3165 748 3225 poeta
762 3169 828 3222 pro,
845 3151 931 3200 ventis
948 3149 1072 3200 flantibus
1089 3173 1094 3200 :
1115 3162 1166 3202 tor·

667 3252 740 3297 rens,
760 3229 898 3298 χιίμαρῥος,
920 3229 1025 3300 rapidus
1041 3229 1168 3284 montano

659 3311 779 3389 flumine
798 3321 892 3362 auctus
910 3327 1038 3378 aquarum
1053 3310 1168 3364 colluvia

668 3413 681 3444 e
701 3389 844 3440 montibus.
856 3418 890 3451 ·.·
903 3388 963 3439 308.
982 3388 1059 3439 Iliad:
1074 3391 1100 3451 d,
1115 3391 1167 3458 455

669 3469 717 3522 riv
726 3467 752 3552 dli
758 3488 783 3519 rt
792 3463 872 3520 ratior
881 3465 964 3521 roffea
977 3469 999 3520 ὄν
1010 3467 1092 3536 οὔρεσιν
1103 3471 1167 3523 ittet

670 3562 762 3606 ποιμὴν.

705 3621 867 3690 3094313,
901 3621 967 3670 Tum
996 3641 1055 3674 vero
1082 3624 1170 3674 mani-

115 3707 147 3771 3,
161 3703 310 3771 452-455.
323 3703 392 3756 adde
405 3724 424 3766 r,
438 3707 470 3773 87
480 3724 518 3776 sq.
531 3720 558 3770 t,
570 3706 620 3773 492
666 3703 736 3774 festa
752 3697 816 3770 fides
838 3707 946 3763 ornate,
965 3703 1003 3751 uti
1019 3703 1091 3754 rebus
1101 3700 1172 3774 fider

117 3803 176 3855 sqq.
196 3785 301 3836 Lucret.
320 3786 346 3848 1,
370 3787 517 3855 2824290.
539 3786 616 3836 Conf.
663 3781 728 3856 fieri
753 3780 851 3832 dicitur
879 3792 1001 3831 eventu:
1031 3783 1173 3834 manifesta

117 3863 239 3930 inI.·496
258 3881 297 3932 sq.
317 3863 413 3935 Georg.
432 3866 469 3927 II,
489 3863 541 3929 304
560 3881 619 3934 sqq.
668 3867 772 3934 jamres
784 3875 848 3914 erat.
857 3861 909 3912 Alii
917 3863 1075 3930 interpretes
1086 3862 1170 3914 aliter.

116 3944 178 3996 AEn.
191 3944 250 4006 XII,
265 3942 315 3994 523
331 3961 389 4013 sqq.
404 3957 429 3995 et
440 3935 547 4010 x,'405
560 3961 618 4013 sqq.
672 3942 803 4013 Deiphobi
824 3942 919 3992 domus
941 3941 1026 4009 prima
1044 3943 1170 4003 incensu3

115 4025 285 4094 Argutantur
301 4025 330 4076 in
349 4023 538 4095 comparandis
556 4023 622 4082 locis
673 4021 784 4075 duxerat
802 4024 824 4072 is
845 4020 975 4074 Helenam
993 4031 1055 4089 post
1070 4021 1175 4073 ParidIs

666 4220 674 4264 t
