2742 4586
273 298 331 366 188
599 292 861 362 EXCURSUS
883 297 958 362 VII

268 435 363 474 mersus
372 431 429 492 pest
442 419 493 472 XX
500 417 567 471 mill.
580 439 703 490 passuum
717 421 784 485 exit,
800 433 825 472 et
837 421 865 473 in
877 421 1043 494 Aquileiensi
1056 423 1187 477 Timavus.
1205 427 1297 480 Restat

267 516 297 554 ut
309 504 535 565 hoe-moneamus,
542 501 649 570 fonnem¹
660 501 763 552 Timavi
773 501 800 552 h.
814 502 831 553 l.
844 521 893 573 pro
906 501 964 573 ipso
974 503 1083 555 Timavo
1096 505 1163 569 dici,
1177 525 1239 558 eum
1249 526 1297 559 au-

268 595 322 634 tem
341 585 377 634 ita
389 599 516 653 superasse
531 582 649 632 Antenor
667 581 864 652 intelligendus,
876 594 904 632 ut
916 599 993 633 cursu
1005 586 1111 634 navium
1125 587 1202 653 juxta
1217 587 1297 637 litora

267 675 385 728 servato,
397 681 530 714 namnum
542 661 624 713 classe
642 661 697 713 haec
716 662 776 712 loca
796 661 873 728 adiit,
887 665 954 712 ostia
971 662 1043 714 fluvii
1059 677 1246 734 praetervectus
1262 667 1295 716 ad

265 743 402 794 ulteriores
418 744 510 814 plagas
524 753 549 794 et
563 743 713 792 interiorem
730 743 816 792 sinum
828 754 956 813 pergeret.
973 743 1019 792 Est
1033 746 1102 795 enim
1119 747 1141 795 is
1155 759 1295 815 poetarum

265 839 290 870 v.
304 840 327 872 e.
341 839 443 885 eorum,
463 822 508 890 qui
526 821 704 891 Argonautica
715 832 864 890 exponunt,
876 838 948 884 mos,
960 834 989 871 ut
1001 823 1028 872 in
1040 824 1210 894 navigatione
1224 825 1295 874 faeta

265 898 349 950 litoris
365 901 444 951 vicini
462 899 591 969 populos,
609 899 702 961 urbes,
720 911 745 950 et
762 917 850 950 amnes
867 912 1028 950 enumerent.
1044 900 1131 952 Aliam
1147 904 1294 964 rationem,

266 997 376 1048 eamque
388 979 567 1043 subtiliorem,
586 977 765 1049 suppeditavit
781 978 864 1028 Wood
873 978 890 1028 l.
904 997 944 1039 c.;
962 978 1040 1029 docet
1051 981 1134 1043 enim,
1147 981 1295 1050 navigatio·
1352 969 1353 978 ¹

265 1074 325 1108 nem
338 1075 369 1108 ex
381 1059 455 1108 Ionio
468 1058 534 1108 mari
546 1059 573 1108 in
584 1059 709 1108 interiora
721 1057 807 1107 Adrite
820 1057 896 1108 aliter
908 1069 965 1107 tuto
976 1057 1033 1109 lieri
1045 1075 1099 1130 non
1109 1075 1202 1128 posse,
1216 1076 1293 1127 quam

264 1149 295 1187 ut
318 1137 379 1188 litus
402 1137 534 1210 illyricum
553 1138 654 1208 legatur
670 1135 724 1207 (t):
741 1138 788 1188 ubi
807 1137 841 1188 ad
859 1140 951 1190 intima
968 1139 1048 1188 Istriae
1066 1151 1224 1209 perventum
1240 1149 1293 1202 est,

265 1219 409 1268 etiamnum
427 1232 498 1270 reeta
515 1220 644 1286 trajicitur
654 1237 726 1269 mare
739 1217 863 1270 adversus
877 1220 1009 1270 Venetias.
1023 1220 1057 1269 cf.
1072 1219 1127 1270 Liv.
1142 1221 1180 1282 X,
1195 1237 1218 1270 2.
1230 1218 1292 1282 Quae

265 1296 427 1362 observatio,
439 1300 487 1350 etsi
499 1298 560 1349 huie
572 1297 632 1348 loco
644 1297 807 1368 expediendo
820 1315 928 1368 prorsus
940 1300 1088 1349 necessaria
1097 1317 1152 1349 non
1164 1310 1218 1360 est,
1228 1296 1290 1347 alte·
1352 1299 1353 1316 ¹

262 1397 321 1428 rum
331 1391 419 1431 tamen
430 1381 518 1431 locum
529 1380 642 1430 illustrat
653 1381 680 1429 in
691 1380 745 1431 Ecl.
759 1381 830 1446 VIII,
843 1382 868 1432 6.
883 1401 912 1445 7,
924 1380 969 1432 ubi
982 1379 1014 1431 de
1027 1383 1196 1452 navigatione
1206 1380 1290 1433 Asinii

261 1456 387 1516 Pollionis
399 1477 489 1510 versus
502 1458 639 1510 Parthinos
648 1459 744 1530 Illyrici
755 1480 762 1508 r
774 1477 818 1510 seu
826 1459 1089 1530 magnisuperasjam
1097 1477 1158 1510 saxa
1171 1459 1290 1522 Timavi,

261 1537 314 1588 sive
325 1555 396 1589 oram
412 1537 516 1609 Illyrici
528 1537 589 1610 lepis
601 1540 717 1610 equoris.
730 1541 838 1590 Factam
855 1541 925 1592 enim
942 1539 1086 1591 secundum
1102 1539 1164 1591 litus
1180 1543 1290 1611 naviga-

260 1617 360 1668 tionem
369 1620 461 1669 innuit.
473 1618 595 1670 Ceterum
602 1618 673 1670 hunc
683 1618 771 1670 Iocum
779 1621 898 1670 certatim
908 1635 1056 1688 expressere
1064 1620 1201 1683 Lucanus,
1211 1617 1289 1669 Silius
1321 1641 1324 1649 ·

262 1707 288 1746 et
299 1694 412 1761 Statius,
425 1699 471 1766 qui
480 1697 590 1750 Timavo
602 1700 681 1750 etiam
693 1715 723 1748 ex
732 1697 784 1749 hoo
796 1698 855 1748 loco
866 1696 900 1748 ad
912 1699 983 1767 ipsos
995 1699 1134 1748 Patavinos
1146 1695 1211 1746 fines
1222 1697 1292 1748 desi-

261 1773 380 1842 gnandos
392 1777 497 1845 poetico
510 1793 583 1827 more
599 1779 639 1827 usi
652 1787 719 1826 sunt.
738 1775 814 1827 Unde
829 1779 897 1828 inter
916 1779 1073 1828 recentiores
1089 1777 1174 1826 inanIs
1187 1789 1213 1827 et
1223 1795 1291 1826 rana

262 1851 294 1902 de
306 1851 358 1904 hoe
370 1854 463 1918 fluvio,
477 1857 543 1906 sitne
560 1857 684 1906 Patauino
702 1873 765 1926 agro
782 1874 815 1906 an
834 1857 915 1907 Istriae
935 1854 1160 1918 adnumerandus,
1174 1867 1237 1908 orta'
1250 1867 1291 1906 est

243 1971 245 1976 ,
262 1934 453 1985 controversia:
473 1933 505 1984 de
522 1951 575 2002 qua
589 1951 614 1983 v.
635 1935 757 1984 Burman.
775 1935 848 2003 praef.
865 1934 895 1984 T.
910 1935 945 1985 VI
960 1933 1087 1984 Thesauri
1104 1931 1184 1983 Italiae
1201 1951 1227 2003 p.
1249 1934 1288 1983 13.

261 2007 312 2084 Sed
335 2023 443 2079 praestat
464 2011 530 2062 illud
550 2011 676 2080 adjicere,
694 2025 785 2070 nostro
801 2012 917 2081 judicIo,
939 2013 960 2062 si
978 2029 1068 2064 verum
1090 2011 1196 2081 quidem
1212 2011 1289 2079 hujus

260 2091 342 2140 moris
355 2107 460 2142 sensum
477 2092 579 2141 animus
592 2091 709 2158 imbibit,
726 2111 758 2142 ex
774 2093 904 2143 anteriore
916 2103 1009 2161 poeta,
1027 2102 1053 2141 et
1065 2090 1171 2160 quidem
1183 2090 1290 2153 Graeco,

263 2169 308 2236 qui
328 2185 397 2220 nunc
421 2171 533 2234 interiit,
552 2171 620 2221 forte
639 2171 877 2242 Argonautieorum
896 2183 940 2221 aut
958 2168 1290 2242 AntenoridIskscriptore,

260 2247 398 2318 Virgilium
413 2267 460 2301 sua
472 2250 636 2302 transtulisse
646 2249 742 2311 videri;
758 2250 864 2301 undeet
876 2249 969 2301 eodem
981 2269 1055 2301 amne
1068 2267 1130 2299 usus
1139 2260 1178 2299 est
1188 2247 1222 2298 ad
1233 2249 1291 2298 Asi-

261 2330 299 2378 nii
312 2329 436 2384 Pollionis
446 2333 642 2401 navigationem
654 2330 839 2382 declarandam
852 2331 869 2380 l.
887 2349 908 2380 e.
928 2320 972 2381 Est
991 2333 1060 2381 enim
1078 2344 1104 2381 et
1122 2333 1151 2380 in
1170 2329 1288 2380 ornando

261 2407 372 2473 nimius,
385 2409 457 2477 quod
468 2410 524 2461 fere
538 2411 566 2460 in
583 2411 680 2461 talibus
693 2411 758 2462 Iocis
775 2409 854 2475 solet,
869 2421 895 2462 et
906 2421 1059 2462 ornamenta
1071 2408 1163 2480 paullo
1177 2408 1291 2478 exquisi-

261 2486 329 2538 tiora
341 2488 466 2540 cumulat.

709 2653 847 2668 ψ

511 2733 869 2884 excussus
903 2796 1042 2883 vus.

468 2963 522 3029 De
534 2964 604 3031 Iuli
615 2972 800 3057 cognomine
813 2967 961 3034 Ascanio
975 2967 1085 3058 indito.
1122 2968 1125 2974 ’

233 3119 235 3124 ’
294 3121 319 3185 I,
338 3122 394 3190 267.
409 3121 467 3174 268.
486 3123 522 3174 At
535 3143 603 3194 puer
617 3125 758 3192 Ascanius,
778 3127 821 3177 cui
837 3146 907 3179 nunc
926 3145 1066 3198 cognomen
1085 3125 1146 3176 Iulo
1162 3127 1289 3191 Additur,

207 3212 212 3221 “
259 3199 315 3252 Ilus
326 3213 395 3266 erat,
407 3203 469 3254 dum
483 3223 519 3255 res
530 3206 600 3255 stetit
611 3205 663 3257 Ilia
676 3225 761 3278 regno.
775 3209 815 3259 Ab
828 3209 885 3258 Iulo
898 3208 975 3279 vulgo
990 3207 1068 3257 ducta
1078 3225 1141 3277 gens
1151 3208 1234 3269 Julia;
1245 3207 1288 3258 sed

256 3277 283 3330 h.
297 3281 314 3331 l.
328 3284 406 3333 etiam
417 3302 514 3335 nomen
525 3288 609 3356 gentis
621 3287 695 3338 Juliae
709 3286 742 3337 ab
755 3287 825 3352 Iulo,
847 3288 1000 3360 coqrwmine
1012 3287 1133 3350 AscaniI,
1148 3287 1287 3338 derivatur.

257 3356 338 3427 Sane,
349 3361 410 3414 licet
423 3364 475 3414 alia
485 3367 603 3436 gentium
614 3368 722 3418 nomina
734 3366 815 3418 ducta
825 3369 880 3419 fere
892 3368 943 3418 sint
956 3387 971 3417 a
983 3367 1204 3436 praenominibus,
1218 3381 1247 3418 ut
1257 3368 1286 3416 ab

257 3435 325 3487 Aulo
343 3441 440 3503 Aulia,
458 3441 491 3492 ab
509 3444 600 3494 Marco
621 3446 740 3509 Marciae,
759 3464 811 3496 non
832 3460 919 3499 tamen
939 3448 1076 3496 nominum
1097 3446 1284 3516 gentilitiorum
1352 3497 1353 3506 ,

259 3517 377 3586 exempla
387 3519 495 3585 desunt,
513 3540 569 3591 qum
583 3542 598 3574 a
611 3524 809 3594 cognominibus
821 3528 922 3577 venisse
936 3524 1073 3589 videntur,
1086 3536 1115 3573 nt
1126 3527 1212 3594 gentis
1225 3527 1244 3574 F
1246 3525 1282 3574 la·
1352 3537 1353 3546 ¹

258 3598 319 3664 viae,
336 3598 447 3665 Fulviae,
465 3603 583 3668 Rutiliae,
597 3605 630 3656 al.
649 3607 682 3663 cf.
696 3605 782 3656 Cerda
794 3607 864 3658 adh.
879 3607 895 3656 l.
909 3609 968 3657 Jam
982 3624 1063 3676 porro
1076 3604 1128 3654 hoc
1142 3623 1285 3675 cognomen

257 3678 308 3728 Iuli
321 3679 462 3732 formatum
475 3696 555 3751 poeta
566 3703 622 3735 esse
636 3685 692 3735 vult
708 3687 740 3736 ab
754 3685 790 3735 Ili
803 3692 923 3751 nomine,
937 3687 1009 3757 quod
1021 3689 1166 3754 Trojannm
1184 3688 1247 3751 fuit,
1264 3698 1289 3736 et

260 3775 313 3826 quo
323 3759 508 3812 Laomedontis
518 3776 593 3832 pater
605 3767 655 3815 fuit
668 3767 828 3835 appellatus;
846 3769 893 3821 sed
911 3771 1012 3826 ratione
1029 3769 1201 3839 grammatica
1214 3767 1287 3838 plane

258 3838 414 3908 refragante.
427 3841 526 3890 Verum
537 3844 565 3892 in
578 3845 740 3916 etymologiis
755 3866 814 3897 cum
826 3849 909 3898 Graeci
919 3860 974 3898 turn
985 3848 1097 3898 Romani
1108 3849 1223 3918 argutias
1235 3846 1288 3916 ple·

286 4003 319 4063 (1)
331 4003 421 4050 Wood's
433 4006 505 4068 Essay
517 4025 546 4054 on
558 4009 593 4056 tle
602 4013 696 4076 original
707 4016 789 4060 Genius
801 4015 829 4077 of
835 4017 918 4062 Homer
926 4031 949 4078 p.
963 4014 992 4072 54
1004 4030 1052 4078 sqq.
