2718 4598
393 301 471 364 ‚An
495 299 696 366 manau
721 303 769 384 11.
1049 309 1113 401 337

60 440 205 476 humorum
216 445 223 475 e
236 426 307 477 inter
320 441 388 494 quos
398 426 475 476 numi
493 426 625 478 notissimi
637 424 776 478 Iliensium
788 437 865 492 sunt,
881 425 916 479 ad
928 427 1115 499 Commodum,

60 506 98 555 Μ.
122 505 283 571 Aurelium,
305 517 331 556 et
353 503 519 556 Caracallum
540 517 711 575 spectantes,
731 507 873 558 Hectorem
895 509 1029 583 quadrigis
1054 503 1114 566 citis

61 586 229 638 insistentem
252 583 424 650 exhibentes,
439 603 463 634 v.
489 604 512 636 c.
537 585 606 636 Mus.
626 587 733 636 Farnes.
754 585 813 636 Vol.
831 587 863 650 V,
878 597 896 636 t.
912 603 951 656 17,
971 590 996 640 3.
1016 592 1113 642 Merito

62 664 160 714 dixeris
174 662 246 714 hunc
257 665 399 716 Hectorem
411 680 485 728 esse,
498 663 546 734 qui
557 663 625 714 redit
635 663 741 714 exuvias
754 663 862 716 indutus
870 663 980 716 Achilli.
990 665 1115 723 Ceterum

61 745 187 795 Hectoris
200 758 283 815 caput
295 748 323 796 in
336 745 394 797 aliis
410 744 548 796 iliensium
559 746 647 795 numis
664 746 769 805 visitur;
784 757 815 796 et·
827 756 867 796 est
886 763 955 801 unus
972 766 1067 799 numus
1086 750 1115 800 in

63 823 224 880 Numismat.
245 823 344 876 Albani
356 823 385 872 T.
397 825 422 888 1,
435 835 454 874 t.
472 823 549 892 59,2
570 825 598 873 in
616 841 669 893 quo
686 825 795 874 Hectori
807 840 909 894 corpus
923 827 1038 878 Patrocli
1052 827 1116 879 ahs*

63 913 182 952 tracturo
195 901 326 971 objiciunt
339 920 366 955 se
378 902 516 956 Menelaus
527 914 554 954 et
566 903 650 970 Ajax,
663 904 768 958 affabre
782 902 871 956 efficti.

348 1196 850 1326 EXCURSUSIX„

286 1379 341 1446 De
352 1380 550 1457 Penatibm,
565 1381 721 1450 Palladio
734 1398 768 1448 et
783 1382 894 1449 Vesta.
1111 1425 1117 1452 ι

99 1537 287 1609 11‚293..296.
302 1555 361 1609 ²97·
379 1537 461 1590 Sacra
480 1556 590 1609 suosque
613 1538 661 1589 tibi
679 1539 845 1591 commendat
865 1540 942 1610 Troja
961 1543 1117 1604 Penates-¹

61 1619 107 1670 Sic
122 1619 162 1669 ait
175 1629 201 1668 et
216 1618 338 1669 manilius
355 1619 454 1681 vittas,¹
470 1619 632 1687 Vestamque
643 1628 777 1688 potentem
792 1655 800 1682 ,
820 1620 1013 1692 AEternumque
1031 1627 1118 1696 adytis

62 1699 147 1768 effert
155 1695 333 1768 penetralibus
351 1700 447 1769 iguem.
461 1695 534 1763 Quid
551 1697 660 1750 tandem
672 1697 739 1748 illud
758 1699 806 1757 sit;
822 1695 901 1776 'quod
912 1700 1017 1753 lAEneas
1036 1718 1117 1775 capta

62 1776 146 1846 Troja
154 1794 245 1830 secum
254 1777 281 1826 in
291 1776 395 1830 Italiam
404 1776 558 1845 abduxerit,
568 1795 631 1828 nam
640 1777 722 1827 modo
730 1778 855 1840 Penates,
866 1777 947 1828 modo
957 1780 1115 1850 Palladium,

62 1857 147 1908 modo
157 1857 239 1907 Vesta
257 1868 433 1920 memoratur,
455 1856 589 1908 fuerintne
612 1857 709 1926 privati
721 1857 809 1906 AEneae
822 1874 856 1906 an
867 1856 970 1926 publici
988 1861 1117 1928 Penates,
1130 1849 1134 1858 ¹

63 1949 91 1988 et
104 1954 158 2006 qua
173 1936 261 2004 specie
271 1932 313 1984 vel
326 1933 426 1984 fuerint
437 1936 478 1987 vel
492 1938 544 1986 sint
557 1934 666 2000 crediti,
679 1937 773 2005 paucis
783 1937 859 2003 juvat
869 1938 1020 2006 inquirere,
1034 1959 1118 2009 quan-

63 2032 122 2068 tum
144 2017 253 2086 quidem
276 2014 311 2067 ad
332 2013 394 2067 loca
416 2017 546 2068 nonnulla
567 2027 653 2086 poete
674 2014 838 2067 declaranda
855 2017 944 2068 facere
961 2017 989 2069 id
1010 2033 1099 2089 potest
1106 2043 1116 2084 ;

64 2096 288 2170 quandoquidem
310 2108 392 2165 poeta
412 2098 551 2148 Penatium
574 2096 705 2166 religione
726 2107 781 2146 tam
800 2095 928 2165 praeclare
945 2097 1007 2152 usias
1023 2112 1063 2152 est
1080 2101 1117 2154 ad
1180 2141 1183 2148 ,
1261 2113 1266 2132 ¹

63 2179 196 2246 majorem
207 2177 295 2226 AEnere
315 2175 393 2238 fatis,
406 2177 490 2227 errori
503 2173 578 2226 etad
595 2174 699 2225 ltaliam
712 2176 849 2238 accessui,
869 2174 1026 2245 dignitatem
1038 2180 1118 2231 mira-

64 2259 220 2324 tionemque
242 2253 449 2320 conciliandam:
465 2253 551 2310 Multo
570 2254 641 2306 enim
654 2253 809 2324 augustiora
830 2255 920 2304 omnia
936 2254 1020 2307 videri
1036 2258 1117 2312 facile

63 2334 215 2406 intelligas,
233 2335 255 2384 si
275 2335 373 2387 inferre
396 2336 507 2388 AEneam
527 2333 604 2387 Latio
623 2336 735 2386 Penates
752 2333 931 2404 (inferretque
949 2336 1007 2387 deos
1022 2337 1117 2408 Latio)

64 2433 164 2486 quam,
177 2415 199 2464 si
210 2411 314 2464 Latium
327 2417 471 2466 accessisse
483 2414 578 2466 audias
588 2449 597 2478 ,
615 2426 641 2466 et
654 2416 692 2466 sic
704 2432 795 2485 porro.
807 2414 923 2465 Primum
932 2427 1015 2484 poeta
1025 2416 1119 2468 Palla-

64 2496 143 2546 dium
161 2512 217 2544 rem
235 2494 301 2544 facit
316 2496 486 2548 aPeuatibus
501 2495 652 2560 diversam,
670 2507 822 2565 surreptum
840 2493 908 2559 illud
925 2496 959 2546 ab
976 2496 1068 2568 Ulysse
1090 2512 1118 2551 et

41 2607 44 2615 r
63 2574 196 2627 Diomede
209 2575 255 2626 lib.
273 2575 312 2639 ΙΙ,
329 2575 376 2628 163
392 2594 451 2648 sqq.
467 2577 565 2647 impius
583 2594 614 2628 ex
628 2595 681 2648 quo
694 2589 743 2628 etc.
757 2576 810 2640 At,
828 2593 895 2646 quos
909 2577 1004 2633 AEneas
1023 2597 1118 2650 aspor-

65 2656 151 2719 tavit,
168 2653 280 2706 Penates
301 2657 385 2709 fuere.
408 2659 510 2708 Primus
523 2656 556 2708 de
578 2658 610 2707 iis
632 2656 708 2707 locus
725 2667 765 2706 est
785 2656 843 2706 AEn.
859 2656 901 2720 ΙΙ,
919 2657 970 2725 ²93
993 2675 1048 2727 sq,
1070 2659 1118 2710 ubi

64 2735 168 2785 Hector
185 2752 234 2803 per
246 2751 367 2801 somnum
380 2735 415 2787 ad
433 2738 544 2789 AEneam
556 2760 561 2787 :
575 2735 655 2787 Sacra
674 2753 784 2806 suosque
798 2735 847 2784 tibi
863 2739 1029 2786 commendat
1039 2737 1118 2810 Truja

65 2813 199 2874 Penates‚·
218 2814 274 2865 Hos
290 2834 353 2885 cape
367 2815 490 2886 fatorum
509 2817 623 2869 comites.
646 2815 739 2867 Paullo
758 2827 819 2886 post
841 2833 866 2864 v.
893 2815 945 2884 296
958 2816 1001 2866 Sic
1020 2818 1077 2882 ait,
1093 2828 1121 2869 et

67 2892 192 2944 manibus
210 2893 286 2944 vittas
306 2895 463 2966 Vestamque
478 2907 611 2967 potentem
627 2896 821 2964 AEternumquc
840 2893 927 2963 adytis
942 2893 1024 2962 effert
1038 2913 1118 2966 pene-

65 2973 179 3025 tralibus
197 2975 293 3046 iqnem.
311 2978 372 3026 Haec
392 2975 497 3032 diversa
514 2990 574 3026 sunt
591 2989 617 3027 et
635 2978 692 3027 visa
711 2986 816 3026 tantum
832 2975 919 3025 AEneae
931 2993 981 3043 per
1001 2977 1121 3045 quietem

66 3055 103 3106 ab
125 3054 247 3107 Hectoris
258 3055 353 3107 umbra
369 3068 430 3108 acta
448 3074 514 3108 esse.
528 3056 563 3105 At
580 3073 660 3122 mox,
680 3069 824 3126 postquam
839 3052 974 3104 Anchisen
985 3057 1012 3105 iu
1025 3055 1124 3110 hume-'

64 3153 111 3186 ros
123 3147 276 3204 receperat,
289 3153 313 3187 v.
329 3128 379 3204 7i7
395 3135 436 3186 Tu
446 3135 564 3206 qenitor,
580 3153 644 3204 cape
654 3151 728 3185 sacra
738 3129 830 3183 manui
834 3131 986 3203 patriosque
997 3133 1127 3190 Penates.-

64 3214 192 3266 Dubitari
207 3227 297 3284 potest
310 3252 318 3278 ,
331 3231 386 3283 quo
399 3231 479 3265 sensu
491 3230 563 3264 sacra
577 3212 672 3266 dixerit
684 3211 720 3281 (v.
734 3211 769 3262 ad
780 3212 818 3276 Il,
834 3209 896 3281 293)
909 3212 995 3263 sintne
1007 3231 1079 3264 sarm
1092 3228 1120 3267 et

64 3296 181 3346 Penates
193 3295 303 3346 diversae
318 3312 377 3359 res,
389 3313 424 3346 an
434 3311 517 3346 unum
528 3293 652 3363 idemque
664 3315 671 3356 3
682 3292 764 3362 quod
775 3305 891 3343 statuere
906 3292 985 3359 licet,
997 3305 1027 3344 ut
1044 3312 1118 3348 sacra

64 3377 121 3427 sint
141 3393 242 3446 genus,
264 3387 290 3428 et
306 3377 336 3437 in
352 3377 385 3426 iis
398 3376 527 3438 Penates,
543 3375 620 3427 Vesta
632 3384 658 3424 et
672 3372 760 3445 iqnis:
776 3389 835 3440 quae
847 3371 908 3422 ideo
922 3374 1001 3424 etiam
1014 3376 1120 3446 singula

64 3474 116 3527 per
130 3471 205 3506 sacra
216 3467 330 3525 possunt
345 3453 486 3508 declarari.
507 3454 549 3506 Sic
560 3454 654 3525 paullo
668 3465 730 3524 post
744 3469 782 3501 vs.
796 3450 847 3502 320
857 3450 974 3502 Panthus
985 3453 1118 3526 Apollinis

63 3533 195 3588 sacerdos
208 3553 279 3586 sacra
293 3555 375 3586 manu
387 3535 519 3606 victosque
530 3535 588 3587 deos
605 3533 695 3586 trahit.
708 3532 752 3583 Eo·
761 3548 840 3596 sensu
854 3543 919 3602 puto
940 3535 1027 3603 primo
1040 3533 1116 3606 (²93)

64 3627 94 3667 et
110 3614 191 3664 tertio
211 3613 272 3664 loco
286 3613 360 3684 (717)
374 3615 551 3665 memoravit:
569 3613 648 3665 Sacra
664 3630 774 3683 suosque
785 3612 914 3672 Penates,·
925 3613 1028 3666 scilicet
1047 3634 1121 3668 sacra

64 3694 180 3744 nomine
191 3696 329 3764 generico‚
343 3696 456 3765 proprio
469 3704 557 3746 autem
567 3695 687 3744 Penates.
705 3694 791 3744 Etiam
804 3689 904 3744 Seneca
918 3691 951 3744 de
963 3695 1054 3747 Benel.
1068 3698 1120 3761 ΙΙΙ,

62 3775 100 3843 37
114 3770 241 3826 Anchises
254 3774 406 3846 complexus
421 3792 494 3826 sacra
506 3791 538 3824 ac
551 3775 663 3825 Penates
674 3774 740 3825 cleas.
754 3773 787 3822 Et
804 3773 913 3845 Dionys.
927 3776 952 3842 1,
970 3775 1005 3841 46
1021 3771 1055 3827 rai
1070 3773 1120 3845 iqui

65 3851 173 3919 naepqia
190 3852 218 3901 in
231 3870 292 3904 arce
301 3866 413 3905 servata
425 3867 564 3906 memorat.
578 3852 703 3904 Similiter
714 3853 810 3905 AEneas
830 3852 991 3906 declarativa
1007 3855 1119 3905 Penates

64 3943 93 3982 et
105 3949 216 4004 muqnos
231 3933 290 3985 deos
309 3933 406 3986 dixisse
425 3935 511 3986 videri
530 3933 611 3986 debet
630 3933 677 3985 lib.
693 3935 745 3998 ΙΙΙ,
761 3951 790 3986 12
807 3933 885 4004 feror
902 3932 966 3985 exul
984 3935 1012 3985 in
1032 3933 1117 3984 altum

67 4013 137 4062 Cum
156 4009 232 4064 sociis
251 4023 365 4084 natoque
374 4051 384 4080 ,
402 4014 546 4068 Penatibus
562 4024 587 4065 et
604 4011 707 4085 maqnis
720 4013 767 4066 dis.
787 4013 826 4064 Ex
844 4007 961 4066 naturali
974 4011 1117 4064 verborum

142 4117 167 4152 2·
239 4171 243 4185 ,
902 4117 934 4152 22
