2742 4586
347 287 583 354 AENEIDOS
605 291 761 355 LIBER
784 294 832 356 II.-
1050 299 1112 364 225

114 414 244 477 Cuncta
256 409 413 499 equidem
425 412 498 493 tihi,
512 415 595 493 Rex,
613 415 713 478 fuerit
725 415 973 507 quodcumque,
987 421 1118 485 fatebor

69 519 171 597 Vera,
186 517 310 606 inquit;
324 539 433 606 neque
446 541 499 582 me
512 519 661 606 Argolica
674 519 715 584 de
728 539 825 610 gente
838 523 982 611 negabor

72 625 146 688 Hoc
158 624 321 711 primum;
336 645 412 702 nec,
427 625 453 687 si
466 626 623 688 miserum
636 628 779 690 Fortuna
792 627 948 692 Sinonem

72 729 195 809 Finxit,
208 752 331 794 vanum
344 730 442 792 etiam
457 729 717 820 mendacemque
730 732 880 820 improba
892 731 1003 824 finget.
1089 745 1121 796 to·

72 836 188 901 Fando
200 834 338 924 aliquod
350 836 377 900 si
389 834 475 899 forte
487 851 558 901 tuas
572 838 722 924 pervenit
733 836 775 900 ad
786 841 873 904 auris

71 941 196 1008 Belidae
208 963 331 1005 nomen
343 939 539 1020 Palamedis,
554 960 586 1006 et
599 943 722 1007 incluta
733 945 820 1008 fama

73 1129 253 1194 accipiendum:
263 1129 397 1176 Medieeum
405 1127 451 1176 hoc
459 1143 528 1177 versu
537 1146 629 1188 carere,
639 1145 709 1194 quem
719 1132 759 1180 ille
770 1149 814 1196 pro
825 1133 957 1196 Aproniana
967 1131 1068 1182 lectione
1077 1133 1121 1180 lia-⁴

72 1205 151 1250 bebat.
169 1204 252 1265 ltaque
267 1201 383 1264 judicium
401 1204 544 1263 grammatici
557 1202 685 1260 ¹habemus,
703 1220 751 1250 uon
765 1207 902 1251 auctoritem
922 1205 1120 1270 criticam-77.

73 1271 164 1338 qut'tlem
177 1273 265 1318 Medic.
278 1274 355 1318 Pierii.
366 1289 388 1318 r.
401 1271 424 1318 h.
442 1272 457 1317 Ι.
471 1275 596 1318 Burmann.
608 1273 683 1336 fuerit
696 1277 845 1340 quodcunque
860 1277 950 1324 Pierius
964 1291 988 1323 et
998 1273 1122 1334 Heinsius,

74 1347 220 1407 optimorum
233 1343 302 1389 eodd.
323 1356 346 1388 et
361 1343 467 1399 Phaedri,
478 1346 564 1400 Servii,
581 1345 713 1407 Donatique
726 1350 862 1393 auctoritate
879 1347 1016 1394 delendum.
1029 1348 1106 1410 Vulgo
1114 1382 1122 1403 ,

67 1417 159 1480 suerint
167 1431 316 1481 quecunque.
325 1441 355 1452 -·
363 1416 400 1478 78.
416 1418 439 1460 V
439 1431 486 1472 eru,
493 1431 534 1461 nec
545 1415 651 1480 Aipolioi¹
658 1433 692 1462 me
697 1421 747 1480 ja'm
756 1419 783 1464 de
793 1419 830 1465 ed.
838 1420 898 1464 Ven.
908 1419 936 1464 ab
946 1421 1122 1482 interpolatore,

74 1490 116 1551 qui
126 1490 201 1551 inquit
212 1502 261 1532 non
270 1486 359 1532 ferebat
370 1485 501 1550 postfutur.
513 1513 545 1522 -
554 1491 591 1548 '79.
605 1500 632 1532 rte
643 1491 664 1532 si
672 1488 731 1532 Veu.
745 1500 768 1534 et
780 1488 817 1534 ed.
828 1489 887 1533 Ven.
896 1516 927 1524 —
937 1489 974 1536 80.
980 1491 1049 1553 finqit
1060 1491 1122 1536 (iud.

74 1577 86 1605 e
97 1559 174 1605 tribus
184 1557 244 1604 aliis.
249 1559 325 1623 finpat
336 1559 373 1604 ed.
387 1559 524 1620 Venfinxit
533 1559 601 1603 Goth.
612 1570 665 1604 tert.
671 1563 721 1622 jum
729 1569 813 1604 vonum
821 1561 978 1606 etmendaeem
986 1561 1082 1608 Dorvill.
1093 1587 1125 1598 -—

74 1631 112 1678 81.
132 1629 228 1694 obpuod
242 1630 352 1692 praeclare
372 1631 450 1676 lleins.
459 1665 467 1686 ,
483 1645 514 1676 sc.
531 1643 626 1685 nomen,
644 1638 672 1676 ei
690 1633 782 1692 optimis
798 1631 867 1676 codd.
884 1633 960 1694 Vulgo
977 1635 1046 1679 etiam
1061 1633 1125 1696 apud

75 1703 245 1764 Grammaticos
256 1701 348 1766 aliquid.
360 1719 383 1749 v.
396 1703 474 1748 Heius.
486 1715 509 1748 et
520 1704 646 1748 Burmann.
655 1727 687 1738 —-
695 1701 731 1747 Ba.
742 1703 842 1748 Carisius
851 1715 930 1759 notat,
943 1717 1033 1752 veteres
1042 1705 1125 1768 legisse

76 1771 171 1828 Belaiia,
182 1772 302 1837 quomodo
314 1769 430 1833 Σιμωνίῶι
444 1785 467 1820 et
477 1769 576 1820 Arari&
591 1785 634 1834 pro
646 1767 752 1819 ararim
766 1783 788 1817 et
804 1768 928 1832 :sportae
946 1773 1067 1831 dicebant,
1078 1789 1125 1822 no-

76 1855 141 1890 tante
158 1844 263 1889 Heinsio.
276 1844 303 1888 ln
315 1843 404 1890 zulich.
413 1857 457 1905 pro
469 1843 515 1890 div.
528 1843 582 1890 lect.
595 1842 716 1905 Nauplide.
732 1844 760 1887 ln
771 1841 854 1888 Beuuae
865 1860 909 1906 pro
920 1844 1061 1908 Nauplnirdoe'
1070 1857 1127 1908 prod

76 1914 142 1960 todia
151 1914 232 1960 haereo
244 1914 366 1976 ambiguus
376 1916 437 1960 inter
446 1917 562 1960 rationem
577 1916 749 1976 grammaticam
762 1925 785 1958 et
796 1925 870 1959 usum.
883 1917 929 1960 Sia
942 1912 1009 1960 Belus
1019 1929 1067 1972 est,
1077 1929 1127 1962 esse

76 1986 149 2032 debet
158 1985 237 2031 media
247 1985 323 2032 brevis
333 1984 467 2031 Belide'smt
477 1985 586 2040 AEolides‚
599 1985 742 2048 Phylacides.
753 1985 802 2031 Nec
811 1985 924 2047 producta
934 1985 974 2032 illa
984 2003 1032 2033 esse
1042 1999 1127 2049 potest,

77 2058 138 2112 nisi,
148 2057 191 2102 ubi
201 2069 252 2102 orta
261 2073 306 2103 vox
314 2057 386 2102 luerit
399 2073 427 2102 ex
444 2071 479 2106 rvr
489 2055 527 2102 vel
537 2072 567 2104 ne.
579 2073 600 2102 v.
612 2055 712 2120 Etymol.
725 2057 758 2101 M.
772 2059 797 2101 iu
809 2053 928 2118 'liupaldum
945 2059 991 2104 Aut
1000 2061 1078 2120 itaque
1091 2060 1127 2104 di·

77 2129 197 2185 cendum,
208 2131 394 2191 patronymicum
404 2129 427 2173 h.
440 2127 457 2173 l.
469 2129 566 2173 ductum
578 2142 626 2172 esse
636 2143 649 2172 a
661 2121 756 2180 Brutis,
766 2127 831 2188 quod
842 2143 890 2172 non
903 2131 1018 2184 occurrit;
1030 2141 1070 2174 aut
1078 2129 1128 2174 for-

77 2201 192 2246 mandum
204 2198 395 2261 Belairdesrquod
410 2215 459 2244 non
479 2201 552 2260 magis
568 2201 684 2254 occurrit;
695 2201 728 2243 sic
741 2200 810 2244 etiam
827 2199 943 2245 Danaides
959 2209 972 2244 a
987 2199 1042 2246 Belo
1061 2200 1128 2246 dietae

79 2271 184 2327 Belides,
197 2277 246 2316 non
256 2269 364 2316 Beliadesr
375 2271 432 2315 Cum
442 2272 513 2332 igitur
527 2281 550 2314 et
561 2268 606 2314 lioc
619 2269 725 2330 exemplo
737 2273 829 2325 caream
839 2271 935 2314 omnino
947 2282 1023 2316 autem
1033 2276 1130 2332 permm'·

79 2347 195 2390 tationem
209 2343 309 2388 duorum
318 2341 471 2404 Nauplioium
482 2340 604 2403 epitheton
613 2339 673 2386 illud
685 2353 766 2402 arguat
775 2343 783 2400 i
793 2353 813 2387 s.
827 2343 880 2386 Eae.
890 2341 938 2386 lv·
950 2341 980 2387 ad
989 2343 1012 2388 h.
1025 2342 1041 2387 l.
1051 2345 1059 2401 l
1068 2359 1073 2388 ι
1084 2355 1132 2388 stad

78 2427 147 2461 tuere
157 2413 281 2470 malebam,
289 2413 371 2460 vitium
379 2413 476 2458 lectioni
483 2412 594 2467 insidere,
605 2425 628 2458 et
639 2414 721 2458 amissa
730 2413 808 2474 piior'e
820 2413 908 2477 syllaba
917 2413 1000 2460 Belidoe
1009 2425 1130 2476 superesse

82 2503 111 2534 ex
119 2499 200 2534 vetere
211 2486 312 2532 lectione
324 2483 460 2548 Naupltodae
466 2502 475 2540 ς
486 2484 532 2532 hoc
542 2487 613 2532 etiam
621 2484 722 2530 Bruncln
735 2487 846 2547 reposuit.
858 2487 922 2534 Inter
937 2485 986 2532 haee
996 2499 1073 2534 tamen
1082 2501 1131 2533 non

120 2653 164 2718 77.
184 2645 246 2696 Haee
260 2643 366 2696 Sinonis
386 2646 472 2696 oratio
490 2645 585 2696 eximio
634 2633 777 2710 habendus,
790 2645 890 2712 Quinto
902 2642 1017 2696 Calabro
1030 2641 1055 2695 et
1066 2643 1132 2714 Try-

85 2725 200 2780 artifieio
219 2737 258 2777 est
277 2726 443 2794 composita,
456 2723 530 2795 quod
546 2725 586 2777 fa·
635 2724 784 2795 phiodoro,
795 2727 841 2794 qui
851 2725 1012 2793 exscripsere
1019 2735 1131 2788 veteres,

84 2808 136 2860 cile
160 2808 189 2856 in
205 2805 316 2876 singulis
337 2803 484 2856 declarabit
503 2806 587 2856 inter·
635 2807 750 2872 Quintus
773 2805 880 2874 quidem
891 2805 1003 2874 propius
1018 2802 1052 2854 ad
1068 2818 1133 2852 nos-

85 2905 162 2958 pres,
175 2885 218 2938 vel
228 2886 411 2954 unusquisque
424 2884 475 2937 sibi
493 2884 586 2936 lector.
637 2898 721 2950 uum,
731 2883 905 2952 aSiuoneea,¹
913 2886 970 2952 quae
976 2884 1004 2933 in
1011 2879 1133 2939 fraudem

87 2968 197 3038 Abveris
219 2968 313 3036 inoipit
325 2965 415 3016 dicere
432 2967 502 3016 etin
519 2964 590 3015 falsa
637 2964 760 3027 finxerat,
782 2961 937 3032 simpliciter
957 2970 1133 3030 exponuntur.

87 3047 200 3110 desinit,
212 3057 242 3096 ut
258 3044 327 3096 bene
345 3043 416 3096 Serv.
430 3046 502 3096 Nota
518 3045 589 3096 enim
639 3045 738 3094 Cuncta
751 3040 860 3111 fatebor
870 3055 929 3088 vera
937 3075 947 3101 ,
963 3055 1038 3102 vere,
1047 3038 1137 3108 suerii

89 3139 167 3180 erant
182 3137 210 3178 et
224 3125 360 3191 confossa,
383 3143 440 3194 quae
459 3125 493 3176 de
511 3123 588 3174 Pala·-
638 3119 849 3194 quodeunqueh.
863 3137 886 3169 e.
901 3118 1028 3187 quioquid
1040 3133 1135 3170 evene-¹

89 3207 167 3258 mede
180 3218 207 3257 et
218 3205 318 3277 Ulyssis
331 3205 400 3256 odiis
419 3215 525 3264 narrat;
542 3211 589 3254 ve·
639 3205 682 3264 rit,
691 3199 808 3268 mihique
817 3196 911 3249 exinde
920 3196 1054 3248 acciderit.
1064 3198 1135 3249 Bene

88 3305 150 3339 runt
163 3289 243 3338 etiam
255 3286 408 3338 Calchantis
418 3291 588 3355 responsum}
639 3281 710 3334 Serv.
725 3279 743 3328 i.
755 3297 777 3329 e.
791 3278 943 3350 quicunque
961 3293 1003 3326 me
1013 3289 1138 3350 sequatur
1177 3277 1179 3282 '

89 3368 139 3420 sed
154 3387 171 3420 a
183 3367 302 3438 Tragicis
322 3369 379 3418 fere
401 3365 435 3416 ad
455 3365 590 3436 Polyxene
639 3369 753 3414 eventus.

90 3445 252 3500 sacrificium
259 3449 287 3498 in
294 3431 405 3498 nihilne
413 3444 515 3496 tumulo
524 3458 592 3495 trac·
677 3457 718 3509 79.
738 3438 797 3489 Hoc
806 3438 923 3508 primum
936 3456 972 3490 so.
991 3457 1082 3490 rerum
1094 3439 1137 3490 ia-

90 3541 158 3579 tum.
179 3527 321 3593 Praeterea,
335 3538 365 3578 ut
381 3527 462 3578 animi
480 3523 592 3576 audien·
641 3521 727 3587 eebor.
738 3517 780 3570 Sic
787 3519 877 3589 junge.
890 3517 1003 3589 Reliqua
1015 3519 1137 3570 eereio

90 3609 160 3659 tium
170 3617 245 3657 tanto
255 3607 339 3677 magis
349 3607 503 3676 capiantur,
514 3605 594 3654 etiam
642 3603 670 3652 in
685 3597 804 3668 Telepho
819 3609 906 3649 sumta
916 3598 1055 3650 Macrobio
1072 3609 1138 3650 teste

90 3686 292 3738 miserationem
309 3696 412 3748 movet3
430 3685 551 3753 inprimis
566 3699 592 3732 v.
642 3680 695 3732 Sat.
715 3680 764 3742 VI,
786 3695 794 3729 r
815 3677 887 3728 Nam
898 3677 921 3728 si
935 3695 952 3726 α
970 3696 1012 3728 me
1030 3695 1140 3749 requam

95 3765 240 3835 137sqq.,
261 3781 326 3834 quos
346 3766 401 3815 sine
420 3775 495 3814 motu
513 3763 595 3813 animi
643 3759 761 3810 Fortuna
776 3766 856 3828 atque
875 3763 934 3827 opes
951 3757 1060 3828 Eripere
1078 3755 1142 3828 qui··

91 3847 138 3896 vix
150 3843 281 3915 perlegas.
294 3842 406 3896 Videtur
417 3842 473 3894 haee
488 3843 593 3905 oratio,
645 3840 696 3904 vit,
710 3847 737 3888 at
751 3837 935 3890 virtutemnon
946 3837 1023 3909 quiit.
1070 3888 1072 3891 ,
1111 3894 1115 3902 .

92 3926 147 3976 nisi
170 3941 202 3976 ex
221 3922 351 3994 tragoedia
369 3936 409 3975 est
427 3923 522 3986 ducta,
540 3933 598 3972 tota
682 3919 807 3978 δι’-85.
820 3917 910 3968 Fando
922 3917 949 3966 h.
963 3936 985 3967 e.
996 3912 1142 3978 narrando*⁷

92 4005 210 4078 ⁴Virgilio
223 4003 323 4056 deberi
342 4001 420 4056 Certe
431 4004 517 4071 iniis,
530 4017 597 4072 quos
648 3997 761 4062 aliorum
768 3996 929 4054 narratione.
938 3994 1151 4046 Formuleexora.

169 4109 196 4146 a.
903 4120 906 4126 -
934 4080 965 4134 15
