2656 4592
218 297 282 362 510

469 295 504 356 P.
528 291 761 356 VIRGlLll
784 291 1020 360 MARONIS

260 423 302 484 At
314 420 427 507 regina
439 416 534 482 dolos
546 417 639 505 (quis
652 416 766 480 fallere
778 417 883 504 possit
896 425 1108 505 amanteml)

217 527 404 604 Praesensit,
418 541 596 612 motusque
609 523 738 611 excepit
748 523 857 611 prima
869 522 1015 604 futuros,

217 633 336 700 Omnia
349 649 418 696 tuta
430 633 567 696 timens:
582 629 698 696 eadem
711 630 813 718 impia
825 629 913 695 fama
925 632 1051 696 furenti

217 739 357 818 Detulit,
371 739 490 802 armari
503 738 655 816 classem,
669 759 871 825 cursumque
885 739 1003 825 parari.

216 845 314 911 Saevit
326 847 422 935 inops
435 846 552 924 animi,
568 862 739 934 totamque
751 845 886 922 incensa
898 867 959 932 per
971 843 1095 924 urbem
1234 859 1268 903 3⁰0

216 955 414 1034 Bacchatur,
428 955 534 1044 qualis
547 955 721 1020 commotis
735 953 839 1018 excita
850 954 951 1018 sacris

215 1061 353 1151 Thyias,
369 1060 427 1125 ubi
438 1060 554 1126 audito
566 1061 737 1126 stimulant
747 1060 914 1126 trieterica
926 1059 1058 1125 Raceho

215 1168 330 1255 Orgia,
344 1184 595 1256 nocturnusque
608 1183 704 1232 vocat
716 1167 860 1232 clamore
873 1164 1054 1230 Cithaeron.

210 1310 231 1371 j.
242 1307 323 1369 fragm.
334 1309 409 1353 Vatio.
416 1308 629 1370 facescrmtl'ranc.
644 1315 766 1370 capessunt
780 1323 816 1369 pr.
831 1307 914 1352 llamb.
926 1318 971 1368 pro
983 1322 1032 1353 var.
1046 1305 1106 1351 lect.
1116 1331 1151 1341 -
1164 1305 1216 1366 295.
1227 1301 1268 1350 dolo
1306 1309 1307 1352 l

215 1380 275 1424 Veri.
287 1395 299 1422 a
312 1395 342 1422 nt.
354 1394 414 1435 sec,
427 1377 550 1426 scilicetut
560 1382 673 1442 jungatur
683 1377 835 1441 dolafullem
844 1381 886 1441 qui
893 1376 992 1423 Mentel.
1003 1388 1072 1433 tert,
1082 1389 1111 1422 ut
1122 1380 1154 1423 sit
1162 1375 1267 1441 quemodo
1306 1413 1307 1428 ,

218 1451 304 1496 Verum
314 1453 346 1496 sic
356 1453 471 1497 sententia
481 1451 604 1515 jugulatur
615 1467 620 1496 :
629 1459 706 1514 posset
715 1450 805 1513 aliquot
816 1452 895 1495 Burm.
909 1475 940 1482 -
953 1463 1005 1511 ²97·
1016 1451 1104 1511 accipit
1115 1447 1210 1512 aliquot
1218 1449 1268 1492 Picr.

214 1544 246 1555 —
258 1519 309 1580 298.
315 1521 370 1583 fata
382 1521 451 1566 Goth.
464 1533 517 1566 tert.
531 1537 543 1566 a
558 1537 589 1565 rn.
603 1537 638 1582 pr.
655 1535 678 1567 et
689 1521 782 1581 Menap.
796 1537 831 1582 pr.
843 1519 947 1582 furentis
958 1519 1049 1565 Medic.
1061 1536 1075 1564 a
1088 1535 1122 1564 m.
1143 1535 1182 1581 pr.
1201 1531 1222 1564 et
1234 1517 1269 1562 hot

215 1589 316 1637 illustrat
329 1593 443 1655 Pompon.
456 1593 509 1638 Sab.
524 1595 689 1655 “Apronianus
701 1595 746 1649 ait,
752 1592 867 1656 famaus,
885 1593 966 1656 sicque
978 1591 1094 1654 intelligit
1106 1608 1112 1638 :
1126 1591 1212 1638 eadem
1222 1591 1271 1635 lant

214 1662 315 1710 furentia
330 1664 429 1709 Didonis
448 1664 534 1710 detulit
553 1666 636 1710 armari
657 1663 780 1709 classem.»
797 1665 844 1708 Etsi
855 1661 895 1708 hic
907 1663 1058 1724 Apronianus
1070 1662 1140 1706 illam
1154 1662 1270 1706 lectionem

215 1747 264 1777 non
276 1734 398 1795 probasse,
411 1735 453 1781 sed
463 1734 597 1789 damnasse,
610 1734 710 1780 ridetur.
724 1759 754 1768 -·
764 1733 817 1778 302.
832 1731 916 1792 Thyias
924 1749 946 1778 r.
959 1731 1063 1777 Drunclr.
1076 1734 1164 1793 recepi
1176 1731 1269 1791 adstipn·
1306 1743 1307 1767 t

125 1833 136 1851 x
214 1802 279 1850 laute
290 1804 377 1852 Medic.
390 1807 474 1860 Pierii,
485 1807 565 1868 fragm.
578 1807 654 1852 Vatic.
668 1822 681 1851 a
692 1821 723 1850 m.
738 1822 774 1867 pr.
790 1804 851 1850 om.
866 1816 888 1850 et
900 1804 997 1850 Mentel.
1012 1819 1065 1864 pr.,
1087 1805 1160 1850 etsie
1172 1818 1200 1846 cx
1212 1801 1270 1846 Velio

215 1874 371 1920 Grammatico
380 1891 496 1937 reponere
505 1876 599 1922 volebat
610 1877 713 1931 Pierius,
723 1888 786 1921 recte
796 1887 867 1937 puto;
879 1877 921 1920 etsi
931 1877 998 1937 prior
1007 1876 1033 1918 in
1044 1867 1105 1918 θύω
1115 1885 1201 1918 natura
1211 1871 1270 1933 longa

216 1955 249 1990 est
260 1960 265 1988 ι
278 1944 341 1988 conf.
351 1947 430 1990 Burin.
443 1945 466 1991 h.
478 1945 494 1990 l.
506 1960 529 2008 et
540 1947 616 1993 Rentl.
628 1947 659 1992 ad
668 1949 747 1992 Horat.
756 1948 776 1991 ll
786 1947 831 1992 Od.
846 1963 885 2007 19,
896 1962 917 2007 9.
928 1947 967 1991 Est
977 1939 1055 1992 Θυιὰς
1065 1956 1094 1989 ut
1104 1939 1206 1989 Θυιάσιν
1217 1941 1271 2002 tipa-

214 2010 286 2078 βὸραις
306 2011 389 2062 ἴκελαι.
400 2017 509 2080 Apollon.
524 2019 567 2063 lth.
579 2020 602 2074 l,
620 2019 674 2064 636.
690 2017 765 2078 Thyas
777 2017 860 2082 vulgo,
881 2029 907 2062 ut
925 2017 1084 2078 plerumque;
1105 2017 1141 2060 sic
1155 2027 1180 2060 et
1194 2015 1272 2075 Harpis

213 2085 275 2132 male
285 2103 329 2150 pro
336 2090 448 2154 Harpyia.
460 2089 553 2146 Theras,
566 2090 634 2136 Thiar
642 2091 682 2136 alii
690 2093 785 2147 vitiose,
795 2093 831 2136 uti
840 2106 894 2135 mox
904 2091 1031 2144 trieterica,
1044 2085 1196 2132 materiolae:
1205 2089 1273 2130 sunr-

218 2151 251 2201 lat
259 2158 358 2206 Dorvill.
369 2177 381 2205 a
391 2177 422 2205 m.
433 2177 479 2208 sec.
491 2163 604 2226 trepidant
614 2171 642 2207 tr.
652 2161 734 2208 Velius
745 2163 837 2223 longus
847 2177 883 2222 ap.
901 2161 982 2205 Heius.
995 2156 1084 2202 Bacchi
1092 2157 1180 2220 fragm.
1190 2157 1271 2213 Vatia,

214 2228 258 2274 ted
267 2247 281 2276 o
290 2231 416 2295 adscripta.
426 2259 458 2269 ·-
468 2234 521 2282 303.
531 2237 776 2299 noemmisquellurm.
788 2250 801 2279 e
811 2235 904 2280 Lutatio
914 2248 920 2278 :
932 2241 1104 2294 aocbtmosque
1113 2227 1179 2276 oud.
1189 2236 1271 2274 amatr

213 2344 247 2396 de
269 2345 388 2400 discessu
411 2353 553 2404 consilium
577 2354 601 2406 ei
621 2354 719 2423 exponi

213 2439 305 2495 posset
325 2429 499 2498 mollissime,
523 2453 584 2485 cum
607 2435 718 2484 minimo

214 2508 271 2573 ejtts
285 2506 388 2561 dolore.

251 2587 302 2654 296
314 2605 373 2657 sqq.
384 2591 495 2660 Egregie
509 2593 599 2644 omnia
610 2592 667 2644 hac
680 2581 715 2644 ad

164 2724 169 2733 Ι
213 2662 328 2714 affectus
341 2670 439 2719 amoris
451 2670 607 2734 veritatem,
617 2670 716 2721 multo-

213 2757 266 2810 que
274 2746 358 2816 magis
369 2747 397 2798 in
406 2747 518 2800 Didonis
530 2768 546 2800 a
555 2768 579 2799 v.
593 2749 644 2802 305
655 2767 714 2820 sqq.

213 2822 343 2876 oratione.
369 2825 486 2879 Obvium
506 2840 546 2880 est
568 2830 716 2882 attendenti

213 2903 332 2954 animum
352 2907 380 2958 in
403 2907 522 2974 talibus,
550 2910 717 2983 singulorum

199 2981 348 3036 'dictorum
367 2988 439 3054 vim,
458 3008 488 3040 ac
509 2991 653 3043 verborum
674 2991 716 3042 di-

211 3061 332 3131 lectum,
358 3071 496 3140 percipere
527 3084 553 3123 et
582 3072 716 3124 aestuantis

213 3144 296 3194 animi
305 3147 382 3218 signa
392 3167 544 3221 agnoscere.

249 3226 397 3294 297-301.
408 3231 511 3301 excepit
520 3232 643 3295 auribus,
655 3249 713 3282 sen-

213 3318 261 3364 tw,
273 3307 469 3362 animadvertit.
477 3309 603 3380 furenti,
613 3328 665 3381 pro
677 3312 710 3362 ei.

214 3379 300 3451 impia
306 3385 397 3454 sama,
411 3388 439 3441 h.
447 3389 466 3440 l.
477 3408 555 3455 saeva,
567 3390 634 3442 dira.
644 3393 713 3442 Bac-

213 3458 310 3511 chatur
325 3481 429 3520 summa
442 3487 504 3520 cum
515 3471 541 3520 vi
551 3469 653 3521 dictum
663 3487 712 3539 pro

212 3536 376 3594 discursitat.
533 3538 536 3543 ’

181 3645 182 3648 ¹
246 3619 295 3670 301
306 3650 340 3659 —-
349 3623 408 3676 303.
421 3627 483 3677 Haec
495 3639 557 3678 sunt
568 3629 715 3682 vetustiora

126 3736 136 3758 ,.
210 3695 258 3751 illa
270 3700 368 3753 Bacchi
381 3707 456 3776 orgia
471 3725 502 3758 ac
515 3725 592 3760 saera
603 3726 714 3778 epicarp-

209 3776 257 3840 at,
275 3781 354 3832 tertio
371 3801 479 3855 quoque
496 3803 566 3837 auno
582 3807 598 3840 a
609 3787 715 3838 Theba·

210 3861 251 3910 nis
262 3860 412 3932 celebrata,
425 3884 441 3917 a
450 3863 598 3918 Thracibus
608 3869 636 3917 in
646 3866 715 3918 Gras-

211 3939 280 3991 ciam
293 3940 382 4010 illato,
401 3945 507 3997 diversa
523 3946 556 3997 ab
569 3945 715 4000 Athenien-

211 4017 280 4069 sium
296 4019 444 4095 Dionysiis,
457 4036 484 4076 et
498 4025 568 4078 inter
581 4044 658 4080 secra
669 4045 714 4079 ru·

768 2351 842 2402 dium
858 2349 999 2401 hominum
1011 2346 1214 2399 enthusiastica
1224 2345 1271 2415 pri·

767 2449 810 2482 mo
824 2431 885 2482 loco
898 2427 1076 2480 numeranda.
1089 2426 1176 2477 Extra
1188 2424 1270 2476 urben

765 2514 792 2566 in
803 2525 893 2565 monte
901 2509 1054 2562 Cithaerone
1071 2509 1217 2560 nocturnis
1228 2505 1271 2555 dis·

766 2593 886 2645 cursibus
892 2588 1050 2663 religiohaec
1057 2607 1164 2640 arcana
1171 2587 1270 2640 amulle.

764 2675 838 2726 ribus
847 2690 954 2744 quoque
963 2669 1205 2741 frequentabatur.
1213 2669 1269 2718 Hinc

765 2753 870 2826 singula
877 2754 904 2802 in
913 2751 956 2802 bis
965 2749 1092 2802 versibus
1101 2747 1269 2800 illustranda:

765 2849 926 2884 commovere
948 2849 1022 2882 sacra
1042 2829 1135 2898 (alias
1155 2845 1268 2892 movere,
1306 2837 1307 2850 ³

766 2925 796 2964 ut
802 2912 891 2964 Valer.
900 2910 938 2962 Fl.
954 2909 1062 2975 111,232
1075 2908 1159 2961 motis
1171 2907 1268 2960 ululan-

767 2991 803 3043 tia
822 2991 956 3060 Dindyma
974 2989 1073 3048 sacris,·
1094 3001 1122 3040 et
1143 2987 1202 3058 al.)
1218 3006 1268 3038 voc.

766 3073 906 3142 proprium
922 3073 950 3122 in
965 3071 1050 3121 sacris
1062 3068 1099 3120 de
1116 3069 1196 3119 initio
1210 3069 1271 3118 ateri-

766 3154 861 3202 moniae
877 3151 959 3202 facto.
978 3151 1051 3200 Bene
1068 3147 1143 3199 Serv.
1162 3170 1176 3194 a
1189 3146 1270 3198 Verbo

763 3233 874 3301 antiquo
906 3247 985 3281 usum
1016 3225 1142 3278 tradunt.
1175 3223 1272 3277 Moneri

762 3313 833 3362 enim
846 3327 919 3362 sacra
935 3307 1116 3371 dicebantur,
1130 3325 1218 3376 quum
1227 3304 1272 3356 sol·

762 3391 886 3443 lennibus
899 3387 993 3439 dieh'us
1005 3386 1205 3458 aperiebantur
1215 3397 1273 3436 tem·

761 3471 809 3542 pla
819 3467 987 3521 instaurandi
1000 3465 1128 3518 sacrificii
1142 3483 1248 3518 caussa.
1258 3486 1267 3508 ι

764 3549 871 3601 Scilicet
887 3547 1068 3619 proferuntur
1085 3548 1179 3611 cistae,
1196 3562 1271 3606 vasa,

764 3630 939 3682 instituuntur
958 3625 1056 3690 thiasi,
1075 3625 1176 3688 chori,
1196 3622 1272 3675 adeo·

765 3727 817 3778 que
828 3707 901 3779 apud
913 3705 993 3758 eund.
1004 3706 1097 3758 Veler.
1108 3705 1149 3756 lll.
1161 3705 1215 3768 111,
1227 3701 1272 3768 539

765 3788 862 3840 thiasos
880 3796 906 3838 et
915 3803 989 3838 saera
1004 3783 1273 3838 moventem—Bac·

764 3867 815 3919 cho
824 3867 926 3931 audito,
936 3865 1000 3917 dum
1008 3865 1156 3928 clamatur,
1164 3865 1203 3927 lo,
1212 3864 1272 3914 Bae·

764 3949 833 4000 chel
857 3947 932 4019 orqia
956 3943 1102 3998 stimulant
1123 3943 1271 4002 Bacchum,

763 4027 916 4082 incenditur
935 4029 995 4096 ejus
1013 4027 1121 4078 animtts
1138 4026 1212 4078 inter
1233 4039 1272 4072 sa·
