2690 4594
967 137 983 166 Ι

266 317 331 398 444
631 310 899 377 excursus
922 313 939 379 1

264 434 316 503 (de
334 453 387 508 quo
403 433 456 488 vid.
478 433 585 487 Excurs.
600 435 625 498 l,
648 435 682 485 ad
702 434 748 486 lib.
770 435 812 504 ll)
831 447 858 486 ct
875 435 1046 506 Hegesippus
1068 433 1122 502 περὶ
1147 431 1267 492 nrsn'rrr
1274 459 1306 500 ,1

267 535 321 587 quo
334 519 479 588 scriptore,
500 535 560 567 carn
581 515 610 566 id
628 515 740 567 consilio
761 517 936 586 suscepisset,
957 518 1115 569 accuratius
1131 515 1192 568 hrec
1208 531 1306 569 tractata

265 597 348 649 fuisse
359 595 500 667 probabile
512 594 556 656 fit;
570 594 698 646 sedidem
710 594 771 645 urbi
783 613 835 645 sun
846 594 956 645 heroem
969 596 1050 664 quasi
1062 597 1212 666 proprium
1230 615 1305 647 conse-

266 695 342 729 crare
352 677 404 728 hae
414 689 499 728 morte
508 676 623 728 voluisse
634 675 750 736 videtum
766 674 839 744 quud
848 677 927 725 toties
937 675 1042 726 factum
1055 677 1084 725 in
1097 691 1193 726 vetere
1211 675 1305 726 historia

267 759 369 826 notavit
380 760 437 827 jam
452 757 559 828 Dionys.
581 756 665 808 Halia.
691 757 796 827 egregio
814 755 874 806 loco
893 754 938 807 lib.
953 758 978 820 l,
1000 755 1035 820 54
1058 769 1127 807 extr.
1149 755 1304 826 (414344)

266 837 372 890 Patrem
387 837 535 904 Anchisen,
547 838 585 890 ibi
603 837 756 910 sepultum,
775 856 808 890 ex
824 837 933 890 Theoue
953 850 1090 890 memorat
1107 837 1205 909 Steph.
1220 840 1273 908 Byr.
1288 839 1307 887 11
1325 883 1326 902 4

267 915 353 969 Alesia.
1325 930 1326 938 ¹

302 994 412 1061 Conon,
425 999 499 1067 cujus
509 1016 618 1069 operam
629 998 796 1068 potissimum
805 997 833 1048 in
842 995 941 1048 fabulis
951 996 985 1048 de
995 996 1171 1068 populorum
1182 1009 1209 1048 et
1218 996 1307 1048 urbium

267 1075 414 1146 originibus
432 1076 493 1146 (coir
511 1078 626 1149 tutat)
647 1076 803 1148 colligendis
824 1079 939 1147 positam
958 1077 1043 1128 fuisse
1057 1089 1194 1147 apparet,
1217 1077 1306 1126 Narrat.

266 1155 347 1207 XLVI
355 1194 363 1221 ,
371 1157 480 1210 AEneam
491 1172 582 1211 narrat
594 1161 706 1227 trajecto
716 1153 890 1227 Hellesponto
899 1158 1016 1226 primum
1027 1159 1057 1207 in
1067 1156 1167 1208 Sinum
1180 1155 1307 1206 Thermon

266 1232 463 1302 (Thermaicum
475 1237 649 1308 Macedonia)
660 1240 816 1308 pervenire,
835 1237 881 1289 ubi
899 1249 1004 1307 patrem
1019 1236 1163 1288 Anchisen
1178 1237 1233 1287 vita
1245 1237 1307 1286 func·

267 1326 322 1364 tum
334 1314 442 1381 hamat,
453 1317 626 1390 oblatumque
638 1318 690 1369 sibi
703 1318 735 1369 ab
749 1317 843 1369 incolis
852 1336 963 1388 regnum
976 1329 1086 1368 recusat
1097 1339 1105 1380 ;
1120 1316 1207 1380 hiae,
1222 1315 1307 1384 inquit,

267 1393 296 1443 in
311 1404 405 1446 terram
424 1399 577 1449 Brusiudem
590 1397 724 1469 profectus
737 1395 778 1465 (sir
792 1393 833 1451 rili
845 1393 975 1465 Bpoaeidla
986 1397 1043 1466 piis)
1058 1395 1211 1460 omnibus,
1229 1394 1308 1465 quibos

266 1484 399 1541 uteretur,
411 1487 468 1527 erat
485 1490 575 1548 gratus
592 1490 619 1529 et
633 1477 768 1546 jucundus
787 1472 855 1528 rma*
866 1475 935 1544 χάριν
950 1477 990 1530 rte
1011 1475 1165 1541 'Aepolium
1189 1476 1308 1545 Mugicute

267 1549 321 1614 ibi,
334 1569 390 1621 qute
403 1570 434 1604 ex
453 1553 501 1606 lda
520 1557 607 1626 ipsum
627 1557 804 1627 sequebatur,
826 1556 912 1620 bore,
933 1556 1030 1606 moniti
1052 1573 1068 1606 a
1085 1557 1199 1606 Venere
1221 1552 1307 1621 accepti

267 1647 370 1683 memor
381 1635 522 1704 imperium
541 1638 574 1689 ab
588 1637 682 1691 incolis
695 1639 723 1688 in
743 1656 771 1690 se
784 1636 901 1712 delatum
915 1639 1045 1707 suscipit,
1060 1637 1193 1706 hoveqne
1211 1635 1308 1696 Veneri,

267 1723 383 1764 mactata
397 1715 490 1766 urbem
502 1717 594 1768 condit
611 1719 727 1788 primum
745 1717 848 1768 AEniam
860 1713 973 1787 (Alteras)
994 1715 1185 1785 appellatam,
1207 1712 1307 1783 posthac

266 1787 371 1841 AEnum.
384 1792 537 1846 Brasiadem
551 1796 624 1848 illam
638 1809 738 1848 terram
749 1794 828 1848 facile
842 1795 937 1864 aliquis
954 1793 1116 1846 mutandam
1138 1804 1219 1862 putet
1240 1790 1267 1844 εἰς
1278 1809 1308 1839 ni

266 1868 399 1933 xpoaerrr‘du
408 1892 440 1924 ex
450 1874 559 1947 Dionys.
571 1876 656 1928 Halia.
670 1889 696 1928 et
707 1872 844 1928 Herodoto
856 1875 874 1926 l.
888 1894 911 1925 c.
924 1874 977 1926 Sed
988 1875 1080 1943 Βροῢσις
1090 1873 1168 1940 μοῖρα
1179 1871 1309 1924 Masclion

268 1943 318 1995 rias*
329 1947 442 2014 Bpia'esa,
457 1952 578 2019 Ἠμαᾶίου
599 1952 697 2015 maalle,
710 1968 740 2006 ut
758 1954 847 2026 Steph,
867 1956 924 2025 Byz.
939 1952 1006 2026 ibid.
1025 1952 1113 2004 Galeo
1133 1950 1275 2013 laudatus,
1290 1959 1309 1999 et

269 2027 338 2078 inter
348 2029 466 2085 Thracas
483 2035 569 2106 Biyse
581 2035 654 2106 apud
669 2036 736 2087 Plin.
753 2037 805 2102 lV,
821 2052 847 2088 11
861 2053 881 2085 s.
899 2035 938 2087 18.

301 2107 439 2164 Diversum
457 2115 490 2166 ab
509 2117 631 2168 omnibus
651 2115 693 2168 his
708 2118 927 2184 rationemque
947 2127 1036 2167 tamen
1054 2113 1090 2166 ad
1110 2114 1160 2166 illa
1173 2115 1251 2183 ipsa,
1264 2125 1309 2180 que

267 2204 415 2244 memorata
436 2208 513 2258 sunt,
536 2196 657 2247 revocari
681 2207 788 2265 potest,
809 2196 942 2265 ingressus
971 2206 1029 2245 erat
1050 2196 1072 2243 is
1105 2205 1223 2255 auctor,
1244 2207 1310 2260 quen

267 2264 355 2319 Schol.
368 2269 443 2322 lliad.
455 2295 479 2334 r,
494 2275 545 2344 459
562 2277 717 2345 exscripsit,
741 2274 833 2345 Troja,
850 2275 953 2345 inquit,
973 2283 1051 2344 capta
1063 2273 1169 2322 AEneas
1181 2280 1266 2322 sumto
1282 2285 1309 2318 se·

265 2363 325 2396 cum
336 2359 411 2417 patre
422 2349 536 2405 Anchise
550 2354 628 2427 sapit
637 2393 646 2419 ,
661 2353 857 2425 naufrapioque
869 2354 939 2404 circa
952 2351 1023 2403 Atlio
1034 2351 1114 2421 facto
1142 2350 1172 2399 in
1197 2347 1310 2399 interiora
1329 2383 1330 2414 ,

268 2433 340 2474 terroe
352 2430 591 2501 estprofectus(ita
603 2435 719 2502 accipio,
735 2432 839 2498 raveps'p
852 2427 878 2483 dl
893 2427 1020 2500 mpmrrsir
1038 2427 1090 2497 mpl
1107 2425 1148 2480 ‹r'or
1158 2421 1246 2486 Ἀθη,
1261 2420 1310 2488 siria
1329 2427 1330 2438 ¹

267 2497 307 2555 οὖν
329 2508 418 2579 ampl)
435 2509 560 2564 Anchises
570 2513 683 2583 ¹quidem
704 2512 740 2563 ad
761 2510 904 2564 Calaurum
923 2521 1039 2561 montem
1049 2510 1135 2579 juxta
1158 2505 1311 2556 Anthemus

257 2583 380 2656 fluvium
393 2589 542 2640 maritaret
558 2592 590 2641 ab
610 2592 697 2642 AEaea
715 2593 834 2662 Pyanoe,
855 2590 900 2641 ulu'
911 2590 1059 2641 etiamnum
1077 2583 1209 2637 Anchisae
1225 2583 1310 2633 dictam

267 2658 434 2730 sepulchrum
444 2675 495 2730 est,
517 2666 656 2728 humatum
670 2687 722 2740 quo
738 2669 943 2739 factoAEaeas,
968 2665 1077 2721 Veneris
1093 2663 1222 2726 monitu,
1236 2661 1310 2711 urbem

253 2738 401 2813 1000411111,
416 2744 561 2794 AEneadem
580 2742 700 2814 (sivridus
713 2749 745 2798 ab
767 2744 865 2817 41141144)
883 2747 916 2797 ab
940 2746 994 2816 ipso
1016 2740 1195 2814 appellatam.
1216 2741 1308 2788 Mortuo

267 2835 327 2869 vero
345 2819 433 2872 AEnea
445 2833 521 2876 natus
539 2843 570 2877 ex
589 2843 619 2876 eo
627 2823 707 2898 filius
719 2825 788 2878 clam
801 2828 837 2878 ad
853 2826 993 2898 antiquam
1008 2823 1093 2894 patris
1113 2821 1205 2873 sedem
1225 2813 1309 2869 accedit

266 2894 318 2965 (cf.
337 2914 395 2968 sup.
408 2899 444 2950 ad
453 2895 502 2953 lib.
516 2904 539 2953 ll
551 2899 658 2955 Excurs.
675 2907 763 2971 XVII,
776 2906 822 2958 ubi
840 2905 873 2957 de
885 2897 1035 2973 ascanio),
1052 2912 1080 2951 et
1095 2900 1161 2951 urbe
1182 2915 1267 2949 eversa
1280 2891 1309 2962 (1)

266 2978 436 3051 assumtisque
450 2980 549 3035 colonis
559 2983 587 3035 in
597 2982 705 3036 Italiam
717 2985 847 3037 concessit.
861 2982 952 3053 (addit
964 2981 1051 3036 Schol.
1065 2983 1134 3032 Ven.
1148 2978 1182 3028 A.
1198 2975 1239 3028 ml
1250 2975 1310 3041 04140

265 3051 331 3107 πόλιν
344 3054 456 3130 Ῥόμην.)
475 3060 681 3115 Anthemuntem
698 3065 792 3117 urbem
813 3062 978 3115 Macedoniae
1003 3080 1063 3112 eum
1087 3076 1154 3130 agro
1174 3058 1308 3110 novimus;

264 3134 354 3201 potuit
366 3138 446 3214 etiam
455 3137 549 3191 fluuius
562 3160 622 3192 cum
634 3155 723 3194 monte
737 3142 852 3194 Calauro
872 3140 968 3193 eodem
980 3141 1042 3191 loco
1058 3156 1116 3191 esse
1134 3155 1221 3207 supra
1234 3133 1309 3184 Palle-

265 3209 325 3264 nen.
339 3216 370 3265 ln
378 3218 472 3287 Pyana
482 3219 574 3272 dubito
588 3241 621 3274 an
634 3224 728 3294 Pydna
742 3223 832 3274 lateat.
846 3222 914 3274 Sane
924 3223 1006 3273 etiam
1019 3220 1116 3271 Strabo
1126 3214 1307 3286 xl11,p.608‚

264 3292 357 3360 paullo
369 3295 448 3349 latius
459 3300 494 3350 ad
507 3299 649 3373 Olympum
661 3313 777 3355 montem
793 3301 927 3354 habitasse
944 3302 1054 3353 AEueam
1068 3299 1103 3350 ad
1122 3297 1308 3349 nonnullorum

266 3368 344 3422 fidem
364 3376 453 3427 tradit.
476 3379 572 3432 Cissum
587 3394 703 3433 montem
718 3399 800 3452 supra
818 3401 832 3432 e
855 3379 1031 3451 Lycophrone
1049 3378 1190 3441 vidimus,
1209 3372 1308 3427 etAtlo

182 3505 184 3512 s
263 3441 356 3503 Tzetaa
373 3454 408 3506 ad
419 3458 531 3513 eundem
544 3465 568 3513 ν’.
585 3463 789 3514 11630010111111.

301 3532 424 3587 Ceterum
435 3537 505 3592 hanc
515 3543 542 3592 iu
554 3542 660 3594 Pallene
673 3542 763 3594 sedem
774 3543 861 3594 AEneae
876 3541 984 3610 respicit
998 3539 1089 3591 Livius
1102 3540 1131 3604 l,
1143 3555 1153 3588 1
1164 3577 1173 3605 ,
1184 3537 1272 3607 primo
1284 3533 1307 3582 in

201 3669 205 3674 Ι
265 3609 449 3668 Macedoniam
464 3621 575 3685 uenisse,
595 3635 622 3674 et
633 3623 694 3687 XL,
708 3623 725 3689 4
745 3622 873 3674 traductis
889 3623 944 3690 jam
959 3639 975 3672 a
986 3618 1141 3672 Cassandro
1158 3599 1307 3668 AEneaffis

265 3687 480 3749 Thessalonicam
490 3698 734 3772 -proficiscuntur
754 3700 936 3754 Thessalonica
951 3699 1068 3750 AEneam
1082 3697 1119 3748 ad
1128 3706 1228 3748 statum
1238 3693 1308 3746 sacn-

258 3766 372 3840 fict'um‚
391 3777 609 3849 quod-conditori
626 3780 719 3830 AEaeoe
739 3797 799 3831 cum
818 3798 914 3852 mapna
936 3777 1086 3829 ceremonia
1107 3774 1253 3848 quotannis
1268 3772 1308 3842 fa·

449 3925 458 3946 ῧ

294 3950 328 4009 (tl
349 3947 467 4004 01114111
486 3950 626 4007 similar.
643 3962 759 4018 restituta,
809 3975 856 4016 eos,
863 3960 904 4022 qui
911 3959 1007 4021 TroJam
1015 3966 1202 4020 occupaverant,
1211 3955 1308 4016 ejecisse,

266 4026 394 4070 sueversa?
402 4025 538 4077 hocverius.
545 4028 644 4136 Vide-tur
651 4031 760 4080 Ascanius
809 4031 948 4095 adscitisque
960 4027 1051 4076 colonis
1062 4029 1131 4078 noris
1141 4026 1283 4073 discessisse.
