2742 4586
491 311 525 372 P.
550 306 780 371 VIRGILll
803 305 1034 372 MARONIS

244 434 339 499 Sacra
352 447 486 510 canunt,
500 431 681 519 funemque
693 452 793 493 manu
805 429 995 518 contingere
1006 426 1161 518 gaudent.

244 538 304 603 llla
316 538 416 618 subit,
430 534 614 624 mediaeque
626 537 753 600 minans
765 533 921 599 inlabitur
930 534 1015 600 urbi.

164 634 166 641 ’
243 645 273 710 O
285 644 402 732 patria,
417 666 437 706 o
450 641 562 706 divom
574 641 692 705 domus
705 641 817 722 Ilium,
831 658 864 705 et
876 640 998 706 incluta
1008 639 1096 706 bello

242 751 365 814 Moenia
377 747 620 813 Dardanidum!
634 764 749 836 quater
760 748 832 836 ipso
845 747 879 810 in
892 747 1005 812 limine
1017 763 1120 838 portae

242 855 405 943 Substitit,
418 871 517 942 atque
529 870 624 918 utero
636 854 780 918 sonitum
792 869 908 941 quater
918 876 1008 917 arma
1019 850 1152 918 dedere.

243 963 404 1026 Instemus
417 975 526 1023 tamen
539 959 748 1023 immemores
760 960 904 1048 caecique
916 959 1042 1040 furore,
1092 942 1100 948 ⁸

240 1067 282 1130 Et
293 1081 477 1130 monstrum
489 1064 602 1128 infelix
614 1082 735 1130 sacrata
748 1065 891 1130 sistimus
902 1087 987 1130 arce.
1239 1076 1282 1134 145

1242 547 1287 604 241

239 1253 319 1299 licius.
330 1269 357 1298 11
366 1254 459 1314 optimis
468 1253 537 1298 codd.
547 1252 624 1313 Vulgo
633 1256 717 1299 circum
726 1256 797 1315 pueri.
810 1279 842 1292 -
851 1253 902 1310 241.
917 1253 974 1300 lb'on
984 1251 1066 1312 inclyto
1075 1250 1184 1298 nonnulli
1194 1250 1250 1298 libri
1259 1263 1283 1298 et

239 1323 340 1368 Priscan.
352 1338 388 1384 ap.
399 1322 477 1367 lleins.
488 1321 717 1371 IlrouetduoBurm.
731 1339 784 1369 cum
794 1323 862 1370 Goth.
880 1339 926 1370 sec.
935 1347 967 1360 -
975 1321 1026 1379 242.
1038 1322 1152 1384 ipseVen.
1163 1337 1185 1367 1.
1200 1322 1279 1367 Burro.

239 1389 313 1435 limine
321 1399 383 1452 poste
390 1391 443 1436 Exc.
453 1392 531 1458 Burm.

237 1535 330 1588 attulit
347 1538 415 1590 alvo.
426 1539 511 1592 Locus
531 1553 618 1594 autem
636 1561 668 1593 ex
678 1543 733 1594 Eu·
782 1563 809 1615 p.
831 1562 879 1615 17⁰
898 1546 961 1597 urbs
979 1541 1208 1613 Germanicopolis
1227 1541 1280 1591 Pa-

236 1618 323 1668 nianis
331 1636 469 1688 expressus
481 1619 677 1690 apudMacrob.
687 1624 732 1687 Vl,
782 1623 872 1694 phlag.
887 1623 959 1676 dicta
974 1637 1014 1675 est
1030 1621 1098 1673 tntu
1113 1619 1188 1674 beris·
1206 1631 1236 1670 ut
1253 1631 1279 1670 et

237 1711 251 1746 2
277 1716 339 1748 nam
365 1699 480 1750 maximo
503 1699 579 1752 Saltu
601 1702 734 1772 superavit
782 1702 815 1754 de
828 1703 886 1754 aliis
903 1703 1014 1755 urbibus
1029 1701 1134 1768 ¹dictum
1155 1699 1279 1752 memini·

233 1777 360 1847 gravidus
381 1779 502 1830 arroateis
520 1797 607 1850 equus
625 1805 659 1818 -·-
680 1780 733 1848 Qui
781 1798 847 1831 mus.
862 1781 985 1834 Ceterum
996 1799 1021 1832 v.
1036 1780 1082 1845 241
1097 1791 1169 1830 totus
1178 1779 1279 1828 Ennia-

233 1871 280 1904 suo
290 1865 371 1924 partu
388 1857 471 1906 ardua
484 1857 579 1926 perdat
592 1857 729 1928 Pergama.

233 1931 313 1983 Sacra
333 1945 436 1985 canunt
452 1934 478 1985 h.
509 1955 531 1986 e.
553 1935 684 2006 hymnos,
701 1949 730 1987 ut

232 2012 301 2064 bene
320 2011 408 2076 Serv.;
428 2015 529 2067 scilicet
554 2015 729 2085 quemadmo-

233 2091 298 2144 dum
319 2093 384 2164 alias
409 2093 481 2163 apud
505 2107 615 2165 poetas,
637 2113 730 2146 canere

232 2171 324 2238 dulce,
329 2171 503 2243 feralellic,
516 2175 579 2225 etin
590 2184 646 2224 toto
658 2173 729 2240 loco,

232 2253 374 2304 manifesta
386 2251 523 2322 Euripidei
533 2251 608 2303 chori
619 2254 731 2324 vestigia

232 2329 330 2381 Troad.
346 2331 394 2382 522
409 2347 467 2400 sqq.
481 2330 573 2380 medioe
588 2331 661 2395 urbi,
675 2350 729 2381 om·

232 2411 278 2459 nia
287 2409 376 2460 media
398 2409 523 2460 dicuntur
546 2421 607 2480 post
631 2411 728 2476 initia,

233 2486 354 2556 adeoque
371 2498 428 2538 tota
442 2487 505 2538 urbs
526 2490 597 2540 intra
618 2507 727 2552 muros,

232 2568 282 2618 etsi
294 2567 386 2636 utique
404 2585 453 2636 per
462 2566 576 2618 mediam
589 2569 682 2620 urbem
693 2568 728 2620 ad

233 2663 320 2696 arcem
331 2643 426 2696 ductus
440 2657 479 2697 est
491 2665 591 2716 equus,
604 2648 728 2700 utPalla-

232 2723 273 2774 dis
298 2725 326 2774 iu
349 2725 449 2795 templo
477 2725 662 2779 collocaretur.
691 2729 726 2778 cf.

231 2801 322 2873 Eurip.
336 2802 353 2853 l.
368 2821 390 2854 c.
409 2803 474 2869 540,
502 2823 511 2856 1
535 2818 562 2856 11
582 2806 676 2878 Odyss.
691 2807 727 2873 θ,

232 2879 291 2947 504.
304 2881 501 2954 minonsslmpl.
516 2882 550 2934 ad
561 2884 728 2936 altitudinem

230 2961 280 3010 ref.
293 2961 375 3026 Nam,
396 2979 453 3031 quae
466 2961 606 3014 altitudine
624 2980 674 3014 sua
685 2980 727 3014 su·

229 3057 278 3109 per
299 3052 388 3092 cetera
415 3043 549 3107 eminent,
573 3043 669 3094 minari
694 3045 726 3094 iis

231 3117 364 3169 dicuntur.
378 3121 413 3170 cf.
430 3121 489 3170 AEn.
503 3121 551 3185 lV,
571 3122 604 3174 88
617 3134 643 3173 et
654 3121 725 3173 Serv.

230 3197 326 3248 Melius
350 3210 438 3249 autem
457 3201 577 3271 jungitur
609 3199 730 3252 illabitur

231 3276 290 3326 urbi
310 3278 415 3345 medioe,
435 3279 557 3340 minans,·
579 3297 658 3350 quarn
674 3281 727 3330 mi-

231 3371 296 3406 nans
308 3356 399 3406 medioe
412 3357 489 3421 urbi,
512 3358 585 3428 quod
602 3361 714 3410 tenuius.

266 3435 421 3502 241-243,
446 3438 537 3488 divum
556 3439 664 3505 domus,
682 3441 725 3490 iu-

230 3527 332 3565 certum
355 3533 411 3567 esse
433 3531 544 3588 potest:
567 3537 620 3589 quo
647 3536 725 3570 sensu

230 3591 325 3644 dixerit
337 3609 426 3665 poeta.
437 3599 547 3668 Proprie
559 3611 649 3651 tamen
660 3599 724 3651 urbs

229 3673 267 3723 ita
280 3675 409 3744 appellari
420 3676 500 3729 debet
512 3691 622 3748 propter
630 3697 725 3750 augus-

229 3767 258 3805 ta
269 3756 369 3825 templa
389 3757 545 3828 religiones;
566 3772 592 3811 et
613 3779 644 3811 ex
662 3779 725 3830 per-

229 3851 296 3884 sona
313 3835 352 3903 pii
368 3836 455 3886 AEneae
473 3835 529 3886 hec
551 3841 670 3909 acceptio
686 3852 725 3890 est

229 3914 486 3964 convenientissima.
503 3913 544 3966 Sic
557 3928 583 3966 ct
602 3919 629 3968 in
643 3937 723 3970 numo

245 4009 272 4061 p.
283 3989 390 4044 Eclrbel.
399 3993 430 4042 V.
439 3991 468 4043 C.
479 3991 559 4046 Numi
567 4008 617 4048 vet.
630 3999 722 4052 anecd.

780 1876 830 1910 nus
860 1878 916 1911 esse
941 1861 1026 1911 fertur
1049 1856 1122 1927 apud
1146 1856 1275 1909 Servium.

779 1935 883 1989 Scilicet
896 1939 924 1987 in
935 1937 1024 1988 verbis
1037 1959 1043 1986 :
1066 1937 1089 1988 0
1098 1944 1191 2007 pater,
1205 1953 1220 1985 o
1227 1953 1277 2004 pa·

780 2019 876 2083 triu,o
896 2018 1001 2070 Priami
1018 2017 1117 2068 domus
1133 2035 1159 2066 v.
1174 2017 1223 2068 inf.
1242 2013 1276 2066 ad

780 2096 839 2149 502.
861 2099 906 2149 Vs.
923 2097 982 2163 242.
1001 2095 1052 2160 243
1065 2094 1100 2147 ad
1112 2096 1203 2146 omina
1216 2111 1275 2164 per·

779 2179 879 2243 tinent,
912 2195 970 2248 quae
1002 2175 1095 2247 putide
1123 2175 1275 2245 exsequitur

779 2257 893 2324 Quintus
907 2255 963 2308 Gal.
976 2257 1024 2309 Xll
1032 2292 1040 2320 ,
1052 2274 1077 2306 v.
1090 2255 1138 2323 491
1155 2270 1214 2325 sqq.
1227 2253 1275 2302 Ex·
1360 2261 1361 2279 ¹

778 2354 889 2407 pressae
897 2348 989 2388 nostro
999 2353 1056 2388 esse
1064 2334 1169 2386 Senecae
1180 2334 1273 2404 rigam.

777 2435 802 2466 v.
827 2416 952 2490 (indeq,
971 2416 1028 2484 jam
1050 2412 1137 2465 Gerda
1161 2413 1272 2463 monuit.
1358 2411 1359 2416 ’

778 2495 899 2548 Sonitum
910 2497 971 2566 plus
984 2512 1063 2564 quam
1073 2495 1172 2564 tragice
1183 2492 1274 2544 decla-

777 2586 819 2626 rat
844 2575 936 2644 Eurip.
958 2572 1056 2625 Troad.
1079 2571 1138 2641 519.
1162 2569 1275 2623 ἵππον-

777 2650 870 2723 oe'peiue
898 2650 1021 2724 ssps'prrre.
1047 2654 1082 2704 ad
1108 2649 1203 2702 coelum
1216 2650 1275 2719 fre·

777 2742 906 2800 mentem,
925 2745 1081 2795 sonantem,
1101 2731 1166 2782 dum
1183 2730 1275 2782 trahe-

776 2812 864 2864 batur.
874 2812 987 2865 Videtur
996 2825 1067 2863 totus
1080 2811 1155 2862 locus
1168 2812 1276 2863 Maroni

779 2903 838 2942 ante
849 2891 941 2942 oculos
951 2893 1047 2952 fuisse;
1060 2903 1086 2942 et
1096 2901 1168 2942 certe
1176 2889 1274 2940 chorus

777 2969 981 3038 comparandus.

813 3049 872 3115 244.
895 3051 1024 3102 Instemus
1043 3059 1139 3100 11111111.
1158 3049 1274 3116 Quintus

776 3126 833 3178 Cal.
857 3128 922 3194 Xll,
944 3128 995 3197 419
1020 3125 1038 3178 ai
1063 3126 1087 3176 δ’
1112 3126 1166 3192 ἔμοι
1188 3124 1275 3181 11111111

777 3201 855 3260 Elinoi
870 3207 1027 3276 lursspioerosc
1041 3220 1091 3260 etc.
1110 3207 1275 3259 immemores

776 3285 803 3336 h.
819 3286 836 3336 l.
850 3285 992 3358 improvidi
999 3324 1009 3351 ,
1028 3288 1207 3358 incogitantes
1219 3283 1272 3354 (cl.

777 3366 856 3417 eund.
869 3385 894 3418 v.
912 3357 957 3418 112
971 3369 1062 3438 sqq),
1084 3368 1185 3437 quippe
1206 3382 1274 3436 quos

774 3458 932 3499 monuerant
951 3447 989 3498 dii
1013 3447 1060 3498 tali
1089 3449 1199 3512 omine,
1223 3465 1273 3498 nec

774 3537 862 3577 tamen
886 3528 995 3596 Trojani
1023 3544 1115 3578 eorum
1141 3526 1273 3576 monitum

774 3607 935 3660 intellexere.
943 3618 1089 3658 monstrum
1099 3605 1197 3675 infelix
1208 3624 1273 3676 prae·

775 3685 845 3738 clare
855 3687 888 3739 de
900 3686 976 3758 Equo
993 3699 1155 3757 portentosae
1170 3688 1273 3757 magni·

774 3767 891 3832 tudinis,
916 3769 962 3837 qui
983 3768 1093 3820 'exitum
1123 3766 1185 3817 urbi
1216 3777 1272 3817 erat

775 3845 911 3897 allaturus.
926 3845 968 3897 Sic
980 3845 1103 3898 Ciceroni
1109 3843 1201 3916 fatale
1212 3861 1272 3915 pro·

773 3924 876 3996 digium
893 3935 1097 3997 portentumque
1114 3943 1165 3996 pro
1184 3924 1271 3996 perui·

775 4005 847 4055 cioso
857 4002 972 4056 bomine.
