2690 4594
229 271 294 354 446
598 269 866 340 EXCURSUS
890 271 906 336 1

228 413 310 468 opera
322 407 377 450 tarn
385 395 512 468 frequens
522 396 551 448 in
564 394 675 450 AEneide
685 396 735 464 sit,
746 415 764 450 a
773 394 886 468 Virgilio
896 393 1067 467 neglectum,
1081 397 1192 450 mireris
1204 399 1276 450 forte.
1321 416 1322 432 ¹

227 477 286 530 Nee
301 477 380 530 facile
398 479 521 550 ignorare
545 475 713 530 doctissimus
732 489 816 548 poeta
833 475 863 530 id
878 477 982 548 putarit,
997 475 1047 530 scd
1063 477 1229 530 derelictum
1249 477 1276 529 ah

228 557 289 628 ipso
314 559 436 630 suspicor
457 571 618 630 propterea,
640 559 785 630 quoniam,
809 576 893 630 quum
910 557 1024 611 similem
1044 560 1105 614 fere
1126 559 1277 631 religionem

229 637 323 708 templi
342 637 486 692 dedicandi
501 658 563 692 mox
579 637 615 692 ad
631 639 739 692 Actium
756 651 814 692 erat
829 649 1017 704 enarraturus,
1034 637 1149 690 taedium
1166 639 1277 709 effugere
1322 657 1323 666 ¹

229 715 322 768 soluit.
1322 747 1323 766 1

265 794 345 862 Quod
359 795 475 867 Cytheris
486 797 608 852 nonnulli
623 798 790 862 tribuerunt,
803 795 832 850 id
849 796 895 850 alii
913 795 949 849 ad
965 798 1154 850 continentem
1169 808 1279 848 transtu·
1322 797 1323 800 ’

228 873 291 928 lisse
310 875 441 930 videntur.
460 881 529 934 Nam
548 899 579 932 ex
596 878 709 933 adverso
733 877 841 944 insule,
859 877 894 932 ad
913 879 975 936 litus
993 879 1156 942 Laconicae,
1178 880 1208 930 in
1226 879 1279 928 siun

228 955 370 1023 Boeotico,
384 959 431 1010 uhi
448 961 520 1014 circa
537 961 654 1020 Maleam
671 961 789 1026 flexeris,
810 962 920 1014 luerunt
937 959 1087 1031 aliquando
1108 958 1170 1012 dnae
1187 959 1280 1019 urbem

230 1051 293 1086 mox
308 1038 336 1088 in
352 1039 436 1092 Boeas
449 1041 583 1107 collectae,
602 1043 666 1094 Etic
680 1041 723 1095 rel
733 1041 823 1104 Etim,
843 1051 870 1094 et
885 1037 1058 1110 Aphrodisias
1066 1061 1076 1100 ς
1093 1052 1239 1109 utramque
1251 1038 1279 1090 ab

229 1115 315 1169 AEnca
325 1119 461 1174 conditam
473 1123 546 1177 fama
557 1123 676 1188 serebat,
697 1141 759 1175 cum
775 1119 821 1174 ius
834 1120 862 1174 in
874 1117 985 1172 ltels'om
994 1118 1107 1192 fugeret
1123 1129 1151 1170 ct
1167 1119 1197 1170 is
1216 1118 1280 1170 lunc

231 1194 318 1248 sinum
332 1209 481 1271 tempestate
486 1202 585 1272 fuisset
598 1202 707 1255 delente
720 1205 826 1256 Nomen
836 1200 912 1254 alteri
924 1219 941 1252 a
951 1201 1071 1260 Venere,
1085 1199 1179 1252 AEnesc
1189 1211 1280 1264 matre,

231 1273 310 1328 elteri
320 1280 353 1332 ab
364 1281 444 1334 Eride
454 1281 497 1336 vel
505 1284 602 1338 Eticde
611 1285 703 1338 AEnee
714 1282 783 1336 lilia:
797 1301 821 1334 r.
835 1283 948 1334 Pausan.
961 1281 1011 1345 III,
1026 1271 1057 1332 cn
1073 1292 1142 1342 ertr.

268 1355 311 1406 Ad
323 1358 417 1412 eadem
429 1361 491 1417 loca
501 1363 673 1418 referendum
684 1363 803 1427 ridetur,
816 1361 889 1434 quod
900 1361 1009 1432 Dionys.
1025 1361 1054 1428 Ι,
1074 1359 1111 1412 50
1125 1362 1280 1430 Trojanosa
1323 1391 1324 1436 ἶ

232 1431 352 1507 Cytheris
372 1441 505 1497 solventes
529 1447 556 1498 in
580 1443 759 1516 Peloponnesi
779 1445 964 1516 promontorio
992 1443 1114 1494 amisisse
1135 1441 1280 1494 Cinaethum
1323 1441 1324 1484 i

231 1531 338 1584 narrat,
351 1540 367 1574 a
384 1540 437 1593 quo
449 1524 517 1578 illud
530 1527 695 1597 appellatum
709 1524 877 1579 Cieoethium.
891 1522 1006 1578 Videtur
1021 1521 1096 1576 idern
1113 1540 1192 1589 esse,
1216 1520 1281 1593 quod

232 1593 346 1650 Pausau.
362 1601 412 1668 III,
433 1621 465 1656 22
485 1606 513 1658 iu
531 1605 628 1658 eodem
643 1607 706 1660 sinn
725 1607 851 1658 Boeatico
871 1616 933 1676 post
953 1603 1195 1668 Promontorinm,
1214 1601 1281 1653 Asini

231 1677 383 1748 maxillam,
404 1684 486 1738 tradit
509 1686 604 1738 Cincdi
626 1697 828 1740 monumentum
843 1707 850 1738 ε
868 1679 934 1737 'Earn
954 1680 981 1736 dl
1002 1681 1043 1736 ssi
1063 1684 1150 1750 μνιῖμι
1171 1679 1280 1741 uren.

233 1752 285 1886 {scir
307 1760 348 1817 cir
371 1762 490 1820 utrumne
505 1765 546 1820 sel
562 1763 626 1826 sicce
645 1766 780 1838 subpriore
803 1761 838 1822 tir.
861 1767 982 1820 variavit
1002 1777 1030 1817 et
1051 1767 1082 1818 iu
1101 1763 1158 1816 hoe
1181 1765 1284 1832 antiqua

246 1855 314 1890 ama.

267 1916 329 1972 Alia
339 1921 391 1973 tuit
401 1924 496 1980 fabula
506 1927 539 1980 de
548 1930 637 1982 AEness
649 1927 685 1980 ad
695 1927 837 1980 Arcadiam
848 1944 958 1980 accessu
967 1939 994 1978 et
1003 1923 1129 1978 Anchisae
1138 1925 1168 1976 in
1179 1925 1212 1976 iis
1221 1920 1280 1973 locis

233 1997 379 2066 sepultura
398 2005 491 2060 Fuisse
507 2007 609 2060 seilicet
621 2008 738 2080 aliquem
752 2010 874 2079 suspicor
887 2020 1011 2077 poetam,
1028 2006 1076 2076 qui
1091 2004 1149 2057 haec
1170 2006 1208 2056 ita
1220 2017 1283 2056 trar-

234 2087 332 2146 lfflets
346 2097 392 2136 ant
403 2086 519 2153 famam,
532 2107 591 2159 quse
605 2090 645 2141 ito
662 2088 720 2140 haec
735 2089 831 2153 ferret,
843 2099 889 2154 ut,
901 2105 962 2139 cum
975 2083 1187 2148 Samothracia,
1209 2082 1283 2135 adeo·
1323 2145 1324 2148 Ἴ

235 2173 289 2226 que
307 2173 334 2212 et
353 2163 549 2235 Trojnuorum,
573 2170 689 2242 origines
711 2169 800 2240 prisca
824 2166 914 2238 aliqua
932 2165 1088 2218 narratione
1111 2162 1147 2216 ad
1171 2161 1283 2214 Arcades
1323 2149 1324 2204 l

234 2237 399 2296 referrentur
414 2245 464 2316 (t.
484 2249 593 2321 Dionys.
608 2250 634 2313 I,
654 2249 704 2313 61,
715 2247 764 2313 68,
779 2248 828 2315 69,
845 2245 892 2300 uhi
913 2244 947 2298 de
964 2242 1111 2298 Penatibus
1129 2243 1204 2313 agit,
1220 2240 1284 2292 unde

235 2319 317 2372 etiarn
329 2323 489 2394 explicanda
501 2329 548 2382 illa
559 2327 696 2382 Arcadum
712 2342 738 2381 et
759 2330 936 2398 Trojanorum
948 2321 1075 2392 omisere
1092 2343 1117 2376 c.
1138 2322 1175 2375 50
1191 2339 1286 2374 memo-

234 2412 249 2450 Υ
250 2408 308 2463 ³1³2
322 2417 402 2470 quam
414 2424 557 2462 renovasse
567 2408 694 2462 dicuntur
703 2420 760 2458 tum
768 2406 912 2477 Trojani),
925 2405 1036 2458 AEneam
1048 2423 1112 2458 cum
1125 2402 1246 2456 Anchise
1262 2405 1285 2453 in

236 2479 360 2550 antiquas
369 2484 491 2542 Arcadiae
503 2489 580 2542 sedes
596 2489 751 2554 reduceret,
764 2506 846 2559 quum
859 2505 917 2539 sors
929 2499 999 2540 esset
1011 2485 1089 2548 data,
1106 2494 1138 2534 ut
1147 2485 1286 2556 antiquari

236 2568 347 2610 matrem
358 2567 506 2637 exquireret
516 2571 662 2640 (utAEnIl,
671 2572 726 2642 96).
735 2569 813 2624 Certe
825 2569 917 2624 exalio
927 2567 1065 2621 Pausania
1076 2565 1141 2620 locu
1152 2564 1206 2618 lib.
1218 2565 1286 2628 VIII,

240 2651 269 2688 12
283 2637 302 2688 f.
317 2638 459 2716 discimus,
470 2650 628 2703 Anchisium
640 2665 756 2702 montem
768 2645 802 2718 (ι’
813 2649 929 2715 ’Amicis
940 2647 987 2718 ipsc
999 2648 1010 2717 )
1022 2658 1049 2698 et
1060 2645 1190 2698 Anchisen
1209 2641 1287 2716 scpul-

236 2731 310 2770 cntm
317 2719 556 2782 inter-Mantineam
566 2743 593 2784 et
600 2731 799 2784 Orchomenum
804 2729 925 2782 Arcadire
935 2739 1116 2780 monstratum
1126 2727 1287 2796 fnissessum

236 2795 308 2848 enim
322 2798 350 2852 in
361 2801 422 2856 sinu
435 2808 574 2876 Boeotico,
588 2829 668 2882 quem
676 2811 758 2862 modo
768 2811 980 2872 nominavimus,
992 2805 1185 2870 escendissent,
1196 2803 1288 2858 Auchi·
1324 2851 1325 2882 3

235 2891 273 2928 ses
285 2876 313 2930 itt
325 2898 357 2932 ca
376 2881 434 2938 locc
451 2907 612 2964 quacunque
630 2893 662 2943 de
679 2909 768 2956 cerusa
786 2890 920 2962 profectus
937 2888 1101 2942 dicessum
1118 2885 1192 2936 obiit
1207 2885 1289 2957 ibique

237 2961 409 3048 ssr'seputcu.
419 2997 451 3012 -
459 2969 721 3044 AdjeceetAnchisoe
731 2969 850 3043 sepulcro
861 2968 970 3040 templi,
980 2967 1053 3040 quod
1062 2967 1166 3021 Veneri
1178 2967 1289 3019 dicatum

231 3034 309 3106 dull,
330 3044 421 3100 rttt'noe.
440 3049 627 3106 Consentanea
641 3053 683 3104 his
702 3065 848 3105 occurrunt
864 3050 938 3122 apud
953 3050 1065 3119 Dionys.
1083 3047 1174 3100 Halic.
1196 3049 1226 3112 l,
1245 3047 1289 3116 49,

236 3133 338 3174 namet
351 3124 466 3199 ibipars
485 3132 646 3204 scriptorum
661 3133 772 3186 AEneam
789 3135 816 3184 in
833 3130 977 3184 Arcadiam
996 3127 1143 3181 adduxisse
1161 3146 1291 3180 memora·

238 3207 296 3265 ΨΥ,
309 3215 338 3254 ut
352 3206 547 3266 Orchomenum
555 3227 581 3268 et
588 3215 687 3267 Netum
699 3213 862 3266 inhabitaret
872 3225 899 3264 et
912 3209 1032 3282 Caphyas
1042 3207 1118 3280 apud
1128 3210 1291 3262 Mantineam

236 3279 381 3351 tonderet,
396 3307 411 3344 a
422 3290 496 3366 Capy
505 3296 623 3366 Trojano
632 3295 718 3348 dictas
730 3293 800 3364 (hoc
810 3306 836 3346 et
848 3292 944 3346 Strabo
956 3290 1040 3344 hahet
1052 3289 1100 3344 lib.
1114 3289 1195 3358 XIII,
1207 3310 1235 3360 p.
1246 3288 1291 3342 tot

238 3355 279 3448 h,
292 3371 319 3414 at
330 3363 480 3438 Stephanus
493 3375 549 3446 Byr.
564 3377 591 3428 in
604 3371 823 3446 minacem,
836 3371 958 3426 Anchisa
969 3381 1049 3442 petre
1060 3367 1085 3438 );
1098 3367 1150 3421 sed
1167 3367 1218 3422 alii
1237 3385 1291 3420 eun

238 3437 279 3492 tbi
290 3459 438 3517 mortuum,
452 3454 498 3508 alii
509 3457 537 3507 in
549 3457 654 3510 Italiam
666 3455 818 3508 discessisse
831 3452 1014 3516 tradiderant,
1027 3451 1098 3503 inter
1111 3449 1177 3502 illos
1189 3448 1292 3520 quiden

238 3517 360 3580 Affl‘llw
371 3527 425 3600 (ita
436 3535 507 3587 enim
516 3535 659 3610 legendum
668 3555 718 3607 pro
730 3535 852 3606 ’Acirim
864 3531 970 3601 ’Accidit
982 3524 1150 3598 ypoilcrrioei
1157 3521 1293 3598 ’limma

238 3615 274 3650 ex
287 3599 383 3692 'schol
401 3611 539 3683 Apollonii
556 3619 620 3689 Arg.
633 3618 675 3680 II,
691 3617 760 3680 500,
781 3617 861 3669 etiam
878 3611 951 3684 apud
969 3612 1065 3683 Hygia.
1086 3610 1202 3665 Astron.
1223 3609 1262 3671 ll,
1282 3620 1290 3654 1

241 3677 368 3739 Artetlsus
381 3691 501 3764 cheates
513 3696 683 3749 historiarum
690 3697 802 3768 scriptor
809 3697 861 3767 leg.
872 3691 1040 3752 Arethusa.
1050 3690 1119 3743 ibid·
1128 3689 1292 3750 Munclssh

237 3759 311 3852 inter
321 3763 371 3820 hos
384 3784 473 3826 autem
484 3775 646 3848 Ayaslyuas
654 3775 751 3842 Arcas,
764 3780 840 3847 cujus
852 3776 941 3846 elegos
954 3773 1069 3845 apponit
1081 3773 1200 3843 Dionys.
1221 3769 1239 3822 l.
1259 3787 1292 3828 c,

238 3859 269 3897 tn
282 3845 379 3916 quihus
392 3853 489 3908 AEneas
499 3857 528 3907 in
545 3856 611 3909 urbe
623 3857 695 3909 Neso
714 3856 781 3910 duas
793 3857 861 3912 filias
880 3855 1028 3908 collocasse
1043 3853 1135 3924 iisque
1151 3849 1255 3904 relictis
1271 3847 1293 3896 ir

236 3921 345 3980 ‹ltaliam
365 3949 541 4004 properasse,
560 3938 588 3989 in
609 3955 663 4008 qua
683 3939 825 3996 Romulum
844 3937 980 4012 genuerit,
1000 3945 1183 3988 memoratur.
1204 3933 1293 3986 umen

239 4000 347 4063 landus
359 4015 448 4082 exilio
460 4016 521 4071 Ioco
533 4019 662 4093 Pompon.
675 4020 736 4076 dab.
750 4021 785 4076 ad
796 4023 849 4092 Ill,
862 4019 922 4094 276·
