2718 4598
261 271 323 338 286

506 271 540 332 r.
564 267 794 371 vinoun
818 247 1052 340 sunonis

261 393 412 481 Sanguis,
425 394 484 472 ait,
497 391 677 482 solidaeque
690 415 750 458 suo
762 410 849 458 stant
859 395 978 460 robore
990 400 1091 479 vires,
1177 409 1181 417 '

260 503 328 564 Vos
339 500 457 588 agitate
470 500 591 586 fugam.

259 609 315 670 Me
328 608 355 670 si
367 605 522 670 coelicolae
534 605 715 669 voluisseut
726 604 848 670 ducere
860 609 975 672 vitam:

261 714 328 775 llas
340 712 421 775 mibi
433 728 616 775 servassent
627 710 732 775 sedes.
745 711 827 776 Satis
840 737 904 778 una
916 738 1083 805 superque

258 816 410 881 Vidimus
422 817 561 897 excidia,
575 834 608 881 et
620 835 723 906 captae
735 822 962 906 superavimus
975 821 1060 885 urbi.

258 927 311 991 Sic
322 950 357 1005 o,
371 927 417 990 sic
428 927 573 1014 positum
584 924 687 989 adfati
699 925 858 992 discedite
869 949 1000 1016 eorpus.

258 1035 334 1121 lpse
345 1039 445 1098 man'u
457 1050 597 1096 mortem
610 1034 785 1097 inveniam.
799 1033 1012 1098 Miserebitur
1022 1035 1142 1116 bostis,
1253 1023 1288 1110 ils

256 1141 463 1228 Exuviasque
475 1155 575 1226 petet.
590 1140 705 1203 Facilis
714 1140 842 1229 jactura
854 1141 1007 1229 sepulcri.

256 1249 330 1311 Jam
342 1245 471 1334 pridem
484 1247 607 1308 invisus
619 1244 718 1325 divis,
732 1263 765 1310 et
777 1248 917 1326 inutilis,
930 1269 1035 1311 annos

256 1355 435 1416 Demoror:
449 1373 489 1414 ex
500 1373 567 1440 quo
579 1373 632 1414 me
645 1350 758 1417 divom
770 1369 865 1441 pater
875 1369 975 1441 atque
987 1353 1165 1418 bominum
1178 1378 1234 1419 rex

287 1545 342 1604 639.
352 1557 442 1604 corpore
451 1541 570 1597 Parthas,
581 1541 650 1587 male.
662 1566 694 1576 -
702 1542 756 1599 640.
765 1552 788 1588 et
796 1544 863 1589 rebus
874 1553 960 1589 senute
971 1545 1074 1589 secundis
1088 1544 1212 1606 suppletus
1223 1539 1296 1591 versus*

258 1621 283 1665 in
299 1619 380 1661 Franc.
393 1629 421 1658 er
432 1612 473 1656 lib.
484 1614 508 1668 l,
520 1628 573 1675 2⁰7·
589 1637 621 1647 —
630 1612 684 1667 643.
698 1623 722 1657 et
733 1615 938 1661 tumulosum.
949 1616 1022 1662 deest.
1031 1641 1064 1651 -
1074 1615 1128 1672 644.
1142 1616 1253 1663 Abluerat
1268 1616 1292 1660 ab

257 1691 325 1737 initio
336 1687 375 1732 bic
383 1699 483 1731 versuta
493 1685 610 1730 Mediceo.
619 1685 721 1729 dimittite
730 1701 765 1746 pr.
776 1687 858 1732 llamb.
866 1687 956 1743 -645,
968 1687 1176 1734 mi'sembiuirven.
1187 1688 1292 1734 ςῑΜοηῑ,

255 1773 303 1808 tec.
318 1760 353 1803 An
368 1756 444 1819 placet
460 1758 642 1818 interpungere:
659 1757 709 1818 lpse
725 1773 793 1802 nianu
806 1768 899 1804 mortem
910 1763 1033 1814 inuentum,
1050 1758 1204 1814 miserebitur,
1220 1757 1295 1810 hasti„
1345 1767 1346 1786 t

256 1835 278 1878 Ε
281 1833 401 1892 rursusque
406 1836 474 1888 petet.
484 1840 510 1872 ut
516 1831 600 1890 jungas
608 1844 613 1872 :
622 1843 690 1871 nunu
700 1827 852 1886 bosus-646
869 1832 1020 1894 petatll'amb.
1028 1848 1073 1878 sec.
1081 1832 1108 1875 ln
1119 1831 1167 1874 fine
1176 1845 1255 1876 versus
1264 1838 1294 1875 est
1345 1819 1346 1858 Ῐ

257 1903 362 1950 additum
372 1901 453 1944 eratin
466 1899 520 1944 edd.
530 1898 650 1944 nonnullis
660 1913 714 1945 ante
721 1901 832 1946 Pici-ium.
843 1903 906 1948 licet
916 1905 985 1948 enam
996 1905 1121 1965 suspicari:
1132 1903 1261 1947 Exuviusue
1274 1917 1294 1963 p.
1345 1907 1346 1934 f

257 2001 289 2012 ...
299 1973 353 2034 647.
364 1974 429 2016 anuis
438 1973 514 2033 Sprot.
526 1983 549 2017 et
558 1971 655 2026 Franc,
666 1971 727 2017 male
736 1989 758 2018 v.
769 1973 847 2018 Burn.

257 2171 281 2204 e.
301 2150 396 2220 integri
408 2150 469 2211 aeri,
485 2150 613 2217 juventae,
631 2147 753 2218 adeoque

256 2249 321 2303 pro,
335 2227 459 2299 juvenilis
471 2229 553 2298 vigor.
574 2228 637 2278 Mox
654 2227 755 2298 aqitare

256 2311 368 2380 (animo
380 2309 391 2378 )
401 2306 500 2377 fuqam
516 2308 624 2376 proprie
643 2319 698 2371 est,
719 2305 753 2357 de

257 2394 321 2459 fuga
331 2385 487 2437 deliberare.
501 2385 535 2436 cf,
548 2386 636 2435 Burm.

291 2468 351 2532 642.
366 2464 434 2514 Satis
445 2481 572 2534 superque
585 2482 640 2514 una
651 2463 754 2514 excidia

256 2549 387 2607 uidimus,
397 2544 538 2611 exquisite;
549 2545 612 2593 satis
619 2561 752 2613 superque

257 2641 311 2690 est,
324 2622 397 2694 quod
409 2620 489 2670 semel
502 2621 609 2688 Trojam
619 2620 630 2689 (
642 2622 676 2672 ab
690 2624 754 2674 Her-

257 2708 316 2759 cule
337 2713 448 2773 propter
468 2699 655 2750 Laomedontis
676 2701 753 2771 perfl-

257 2781 351 2850 diam)
374 2790 551 2847 expugnatam
570 2777 625 2827 vidi
645 2791 671 2829 et
694 2780 754 2831 urbi

257 2877 341 2935 captae
354 2857 502 2928 superviri,
518 2874 551 2908 ne
563 2853 604 2906 bis
621 2856 693 2908 idem
707 2877 751 2910 ex·

255 2948 353 3018 perier.

290 3023 350 3089 644.
359 3019 402 3072 Sic
409 3015 522 3087 positum
530 3031 631 3085 corpus,
640 3034 690 3084 pro
698 3035 750 3083 me,

256 3105 366 3169 eriperer,
380 3096 457 3166 quasi
463 3096 519 3164 jam
528 3096 622 3158 funus,
633 3096 687 3146 sive
694 3098 750 3166 jam

255 3179 437 3240 efferendum,
458 3177 512 3226 sive
530 3175 585 3242 jam
602 3174 750 3244 sepultum,

256 3266 309 3327 rie,
321 3273 350 3312 ut
363 3275 434 3319 sum,
446 3273 488 3304 me
502 3251 589 3322 adfati
606 3266 750 3305 extremum

256 3343 322 3398 illud
338 3339 415 3392 Vale!
429 3335 506 3386 Vale!
520 3351 583 3403 pro,
600 3335 677 3384 sinite
694 3354 749 3400 me,

256 3437 285 3476 ut
297 3439 368 3483 sum,
381 3414 517 3467 discedite.
534 3414 603 3463 Bene
620 3414 748 3482 Pompon.

255 3502 316 3556 Sal).
337 3505 454 3569 proestate
477 3492 544 3542 mibi
558 3491 672 3566 funebre
689 3490 749 3564 offi-

255 3584 326 3634 cium
342 3587 368 3627 et
379 3573 424 3624 ubi
435 3571 514 3642 effati
526 3572 583 3622 estis
594 3569 689 3635 ultima
702 3571 750 3622 illa

188 3713 192 3732 ¹
255 3661 349 3722 uerba,
372 3671 430 3726 quoe
448 3651 501 3702 dici
523 3649 606 3702 solent
624 3651 748 3714 mortuis,

255 3737 383 3794 discedite.
399 3734 433 3783 cf.
450 3729 692 3793 adTihult.111,2‚
708 3731 747 3782 15.

253 3817 370 3894 praefate
394 3822 455 3862 ante
477 3823 545 3861 meos
565 3809 673 3873 Manes,
692 3809 749 3862 ani-

254 3905 377 3968 mamque
387 3901 505 3964 precatoe.

289 3976 348 4044 645.
363 3989 519 4033 manunon,
533 3987 604 4031 mea,
617 3981 647 4018 ut
661 3965 750 4022 Cerda'

802 2163 863 2220 post
870 2150 1017 2214 Guellium,
1026 2167 1087 2201 cum
1096 2148 1211 2200 imbellis
1221 2165 1297 2199 senex

803 2233 852 2296 sit,
867 2231 913 2283 sed
929 2231 1028 2298 bostis,
1040 2243 1069 2282 ut
1086 2229 1156 2282 bene
1174 2231 1298 2279 Burman·

803 2329 852 2362 nus
865 2331 895 2362 ex
908 2329 981 2380 sequ.
993 2309 1158 2362 miserebitur
1167 2307 1259 2372 bostis,
1270 2321 1298 2357 ut
1346 2282 1347 2370 4

803 2391 845 2442 vel
856 2393 1025 2442 miseratione
1037 2402 1125 2440 motus
1139 2407 1182 2438 me
1200 2387 1297 2458 suppli·
1346 2407 1347 2422 ¹

804 2483 922 2535 cantem,
934 2483 964 2521 ut
979 2471 1035 2520 vita
1052 2468 1147 2519 liberet
1159 2467 1215 2531 me,
1229 2469 1297 2518 occi-

801 2550 859 2614 dat;
877 2550 918 2602 vel
936 2550 1042 2601 exuvias
1052 2559 1137 2619 petet,
1153 2559 1181 2599 et
1195 2546 1296 2598 occidet

801 2649 856 2693 me,
865 2642 896 2680 ut
904 2629 1001 2700 spoliet
1010 2647 1060 2679 me.
1070 2628 1188 2677 Priorem
1195 2639 1297 2696 partem

800 2708 904 2758 Servius
916 2707 1012 2759 babet:
1032 2706 1101 2758 dixit
1109 2703 1212 2774 affeetu
1229 2708 1295 2775 ejus,

801 2786 850 2858 qui
879 2786 1001 2855 cupiebat
1025 2783 1156 2846 interimi,
1187 2795 1217 2832 ut
1238 2802 1296 2833 eum

801 2865 879 2916 bostis
888 2865 962 2935 quusi
972 2864 1106 2914 miseratus
1118 2862 1258 2926 occideret,
1269 2876 1296 2912 ut

799 2945 847 2996 inf.
860 2945 910 3007 IX,
924 2944 983 3013 495.
996 2943 1037 3005 X,
1049 2942 1108 3010 676.
1120 2940 1243 2993 Cadaver
1258 2946 1296 2992 in-

800 3023 933 3094 sepultum
951 3023 1045 3092 abjici,
1067 3019 1140 3090 quod
1165 3021 1223 3073 aliis
1244 3034 1296 3074 tam

799 3101 978 3165 horrendum,
991 3099 1055 3150 mihi
1066 3118 1146 3170 grave
1156 3117 1212 3151 non
1220 3114 1268 3152 est.

834 3182 995 3250 647-649.
1016 3179 1125 3230 Fundus
1149 3180 1247 3231 fabule
1269 3183 1295 3231 in

799 3264 902 3334 Hymno
915 3263 943 3312 in
955 3257 1085 3312 Venerem
1095 3279 1118 3310 v.
1135 3260 1184 3329 287
1194 3290 1226 3299 -
1236 3263 1294 3329 289:

800 3340 904 3392 afflatus
917 3340 1027 3390 fulmine
1036 3351 1062 3389 et
1070 3337 1217 3390 secundum
1229 3339 1295 3390 alios

799 3433 957 3485 excecatus,
967 3422 1043 3489 juxte
1057 3431 1177 3469 nostrum
1194 3431 1294 3471 tantum

799 3501 951 3552 debilitatus
983 3499 1162 3568 membrisque
1186 3513 1295 3568 captus,

798 3579 940 3644 Anchises,
971 3577 1043 3648 quod
1076 3579 1294 3628 consuetudinem

799 3679 859 3719 cum
869 3661 970 3711 Venere
980 3657 1127 3728 evulgaret.
1140 3659 1175 3707 cf.
1187 3659 1291 3708 Excurs.

798 3739 869 3790 XVII
882 3739 916 3789 ad
932 3738 959 3788 h.
976 3737 1037 3788 libr.
1057 3755 1140 3787 annos
1158 3737 1293 3798 demumr,

797 3821 873 3888 quasi
892 3819 1048 3868 festinantes
1061 3815 1108 3866 diu
1120 3815 1234 3866 vivendo
1250 3816 1293 3867 de-

796 3891 877 3940 tineo.
890 3889 960 3939 Serv'.
974 3889 1080 3937 Dictum
1093 3904 1142 3956 pro
1155 3889 1254 3937 morari
1267 3889 1292 3937 in

796 3971 863 4038 vite,
876 3967 974 4018 morari
983 3967 1064 4018 uitam
1071 4004 1080 4031 ,
1092 3965 1142 4035 (oe
1152 3966 1273 4017 decurrat
1284 3967 1294 4020 l
