2724 4580
263 249 303 346 96
504 257 539 318 P.
562 243 1040 332 vrncrnrtuu'nours

262 383 372 484 {tegna
384 337 615 458 Liburnoruni,
629 396 661 443 et
672 381 797 444 fontem
809 403 960 468 superare
972 384 1115 462 Tirnavi3

261 486 358 551 Unde
369 507 429 574 per
440 509 496 551 ora
507 509 625 550 novem
637 504 726 551 vasto
739 510 814 553 cum
827 512 994 553 murmure
1006 491 1125 553 montis

262 597 290 658 It
301 615 390 658 mare
403 609 611 680 proruptum,
625 610 657 657 et
668 594 783 682 pelago
794 598 912 682 premit
923 619 998 660 arva
1010 596 1155 675 sonanti;

262 703 324 768 Hic
335 717 444 766 tamen
455 683 509 764 ille
522 699 636 764 urbem
648 702 757 772 Pataui
769 701 927 791 sedesque
939 704 1056 768 locavit
1144 751 1147 758 .

292 892 343 951 245.
364 908 443 956 muqno
454 890 556 938 Parthas.
574 908 602 938 ex
617 911 638 940 v.
653 893 688 939 55.
700 909 753 938 cum
762 902 825 940 vasto
836 895 893 942 alter
909 897 989 942 Hamb.
1001 894 1091 950 -uut
1102 903 1236 958 prompmm
1245 895 1287 941 de·
1347 923 1348 958 j

1263 495 1287 518 ,ὃ

1244 515 1287 558 ΣΗ

260 966 335 1012 fendit
344 965 449 1010 Heinsius
460 963 498 1008 hic
508 975 530 1008 et
540 963 603 1009 alibi.
616 964 646 1009 cf.
658 965 763 1026 inprimis
778 965 807 1009 ad
816 965 897 1010 Silium
911 968 955 1021 111,
966 967 1003 1010 51.
1012 967 1051 1012 Est
1060 978 1113 1012 rane
1123 967 1236 1027 exquisita
1243 982 1286 1011 vox

261 1037 306 1084 boc
315 1051 395 1090 sensu,
407 1051 450 1096 pro
459 1050 612 1096 prorumpens.
627 1034 694 1080 multi
706 1045 856 1098 praeruptum,
866 1037 896 1081 cf.
908 1037 989 1084 Cerda.
1004 1039 1072 1082 etiarn
1089 1038 1176 1098 Fragm.
1187 1037 1262 1082 Vatic.
1274 1052 1286 1078 a

261 1123 297 1170 pr.
309 1122 339 1150 m.
351 1118 373 1150 et
385 1121 421 1166 ap.
438 1107 518 1150 Senec.
537 1105 582 1162 Qu.
596 1118 643 1151 nat.
656 1106 700 1160 lll,
715 1121 735 1150 c.
754 1121 773 1150 1.
787 1104 851 1167 quod
862 1121 916 1151 sane
933 1107 1027 1152 defendi
1038 1118 1121 1168 posset.
1131 1105 1161 1151 ci.
1172 1121 1223 1168 sup.
1237 1105 1285 1150 105.

262 1184 398 1241 prereptum
406 1174 448 1219 Ed.
459 1175 517 1220 Ven.
528 1177 549 1218 in
560 1189 619 1220 nure
629 1184 759 1237 proruetum
767 1175 848 1220 Moret.
859 1192 894 1237 pr.
905 1185 927 1221 et
937 1178 1016 1221 Franc.
1026 1200 1057 1212 -
1065 1173 1115 1236 247.
1124 1173 1189 1220 urbes
1197 1172 1286 1220 Zuiich.

261 1329 355 1384 intima
377 1349 455 1403 reque
475 1331 664 1397 Liburnorum,
687 1351 749 1385 uam

260 1429 349 1464 versus
365 1413 501 1463 interiores
513 1429 629 1493 necepsus
648 1410 750 1464 habita·

261 1502 322 1541 runt
329 1489 450 1555 Liburni,
457 1489 551 1560 lllyrici
558 1490 682 1560 populos,
692 1503 748 1542 tum

259 1571 331 1635 Istri,
347 1567 409 1619 hinc
425 1568 518 1618 Veneti
534 1578 560 1618 et
571 1567 700 1638 Euganei,
720 1571 749 1620 in

261 1645 746 1718 quorumsedesVenetisuccesserant.

260 1727 366 1798 Spectat
379 1739 465 1779 autern
477 1725 511 1776 ad
525 1725 678 1796 dignitatem
689 1745 749 1778 ora·
763 1785 765 1788 ¹

259 1809 339 1857 tionis
351 1807 473 1876 poeticae,
485 1816 514 1854 ut
528 1802 694 1856 declarentur
706 1825 748 1857 re-

260 1886 350 1958 giones
369 1901 423 1933 non
441 1883 555 1953 vulgari,
574 1883 620 1936 sed
637 1885 749 1953 exquisi-

260 1966 327 2016 tiore
343 1963 463 2024 nomine,
482 1978 506 2010 v.
527 1980 549 2012 c.
570 1980 586 2014 a
606 1961 700 2012 finibus
718 1981 748 2012 nc

203 2108 205 2112 .
260 2043 376 2095 finitimis
394 2041 500 2112 populis
518 2044 616 2113 petitor
637 2041 709 2112 qnod
728 2043 750 2094 si

259 2135 362 2188 teneas,
374 2133 480 2193 poetam
492 2121 559 2172 male
572 2141 588 2174 a
603 2121 692 2172 Servio
703 2139 748 2172 ac-

260 2213 380 2254 cusatum
395 2201 480 2264 dices,
501 2201 573 2270 quod
590 2201 750 2252 Antenorem

259 2281 391 2353 Illyrium
411 2292 436 2332 et
459 2279 612 2331 Liburniam
634 2282 748 2332 tenuisse

259 2359 304 2410 ille
318 2359 424 2422 dixerit,
440 2377 489 2409 nec
507 2359 592 2408 minus
608 2359 677 2409 male
689 2369 749 2428 post

259 2436 406 2507 Corradum
418 2455 434 2487 a
446 2437 595 2486 Burmanno
612 2434 750 2486 defensum

261 2533 292 2565 ex
303 2533 352 2565 usu
363 2532 420 2564 voc.
432 2523 591 2582 penetrasse,
605 2513 677 2581 quod
690 2513 717 2564 h.
728 2513 748 2564 l.

261 2595 309 2656 sit,
323 2593 463 2643 transiisse.
476 2593 557 2640 Immo
569 2609 632 2652 uero
643 2611 658 2642 a
670 2605 750 2661 poeta

260 2671 355 2723 finibus
375 2671 453 2722 latius
470 2673 619 2721 constitutis
635 2674 750 2723 Veneto-

255 2768 318 2802 rum
338 2767 385 2801 ora
407 2748 448 2799 his
468 2749 531 2817 ipsis
550 2751 710 2818 uss-243.
732 2751 749 2817 4

261 2829 363 2881 doctius
387 2827 552 2891 declaratur,
577 2847 656 2897 quam
676 2829 747 2881 nudo

260 2911 365 2960 nomine
386 2906 570 2978 geographico.
589 2908 667 2973 Quod
685 2926 747 2959 vero

261 2998 344 3051 tutus,
362 3003 408 3038 seu
424 2985 575 3049 incolumis,
589 2985 623 3036 ad
634 2988 748 3038 Venetos

259 3068 391 3138 pervenit,
404 3065 454 3116 hoc
464 3064 617 3133 simpliciter
630 3064 663 3114 ad
677 3083 748 3115 erro·

259 3161 318 3196 rum
333 3144 484 3195 discrimina
500 3144 620 3193 referam.
638 3145 747 3196 Potuere

260 3236 385 3288 tamenet
398 3224 448 3274 alia
459 3239 514 3274 esse
526 3224 666 3274 Antenoris
674 3224 746 3288 iata,

261 3321 317 3374 quae
328 3321 398 3352 nuuc
414 3304 575 3372 ignorantur.
584 3294 634 3368 “Jta
653 3301 747 3372 colligo

260 3400 291 3433 ex
302 3381 358 3435 Sex.
373 3380 461 3431 Aurei,
479 3381 577 3430 Victor.
592 3379 624 3430 de
637 3383 701 3450 orig.
716 3381 745 3431 G.

258 3461 332 3510 Rom.
349 3479 370 3509 c.
388 3477 397 3508 1
419 3460 504 3528 Quare
518 3470 605 3508 aretem
621 3460 750 3512 addiderit

258 3550 400 3601 tutus„suo
411 3536 466 3587 loco
476 3535 626 3606 planissime
637 3548 747 3588 ariuota·

258 3616 341 3666 vimus
366 3615 643 3680 incommentatione,
667 3635 746 3686 quam

258 3693 412 3745 conscribere
432 3693 567 3761 coepimus,
590 3695 746 3764 recoquitam

257 3789 289 3822 ex
306 3789 335 3822 eo
350 3769 439 3833 libro,
450 3771 496 3840 qui
515 3771 650 3840 inscriptus
665 3784 701 3822 est
715 3776 745 3824 de

260 3849 745 3922 OrtqinePatavino.(Sirenimlocum

258 3927 332 3982 illum
349 3929 418 3996 forte
437 3930 579 3982 constituas
596 3931 748 4012 tuendam

797 1335 889 1400 etiam,
901 1345 1038 1404 poetarum
1049 1351 1137 1397 more,
1151 1333 1196 1402 qui
1206 1350 1222 1383 a
1232 1331 1287 1382 fini-
1347 1319 1348 1326 ἵ

797 1413 866 1462 timis
878 1411 943 1462 locis
956 1410 1110 1464 clarioribus
1127 1423 1173 1462 aut
1184 1410 1288 1460 notabi-

797 1488 907 1541 lioribus
916 1490 998 1543 multa
1008 1490 1159 1561 designant,
1170 1487 1288 1556 (scilicet

797 1581 826 1618 ut
833 1581 954 1620 ornatum
961 1568 1022 1620 inde
1030 1580 1056 1620 et
1065 1585 1192 1619 novarum
1199 1584 1287 1618 rerum

782 1647 949 1720 „notionibus
983 1648 1138 1698 suavitatem
1168 1645 1286 1712 versibus

797 1727 850 1775 suis
863 1725 1015 1796 querant,)
1031 1725 1183 1788 Timavum,
1197 1741 1287 1793 quarn-

798 1822 877 1873 quam
886 1805 977 1875 paullo
989 1806 1159 1856 remotiorem
1170 1802 1286 1865 fluvium,

797 1883 844 1934 scd
869 1887 999 1935 notiorem
1026 1896 1052 1934 et
1078 1895 1196 1934 veterum
1218 1883 1287 1932 forte

796 1975 934 2032 poetarum
955 1968 1005 2014 usti
1023 1964 1232 2032 frequentatum,
1253 1957 1288 2010 ad

797 2044 876 2092 situm
888 2042 1002 2094 eundem
1016 2041 1203 2094 declarandum
1216 2057 1287 2092 com·
1347 2091 1348 2110 Ξ

797 2135 933 2176 memorat.
945 2123 1052 2173 Fontem
1071 2121 1173 2172 Timavi
1183 2138 1288 2190 supera·
1347 2179 1348 2182 Ἴ

798 2200 836 2251 vit
852 2202 982 2266 Antenor,
1000 2213 1129 2270 quatenus
1148 2200 1231 2261 classe
1256 2198 1288 2249 li·

797 2293 857 2332 tora
872 2281 960 2352 legens
978 2279 989 2348 (
1007 2281 1178 2350 nequeenim
1197 2278 1285 2342 aliter,

798 2359 847 2408 nisi
869 2376 947 2408 cursu
970 2361 1078 2428 propius
1100 2357 1134 2408 ad
1155 2357 1287 2428 Illyricum

797 2437 859 2488 litus
884 2451 1011 2502 servato,
1032 2457 1103 2490 mare
1123 2437 1287 2488 Adriaticum
1347 2459 1348 2488 ζ

798 2527 854 2565 tuto
869 2519 987 2587 navigari
1004 2529 1106 2586 potest:
1126 2517 1159 2567 cf.
1177 2516 1231 2566 Liv.
1249 2517 1273 2565 X
1279 2549 1286 2579 ,

798 2595 836 2664 n)
853 2607 1038 2663 praetervectus
1053 2608 1109 2646 erut
1122 2595 1207 2644 sinum
1225 2595 1288 2645 Ter·

797 2674 940 2744 gestinum,
952 2676 979 2724 in
999 2692 1076 2744 quem
1097 2674 1219 2724 Timavus
1239 2676 1288 2724 im-

797 2753 916 2804 mittitur.
928 2754 988 2803 Non
998 2753 1075 2826 longe
1088 2772 1105 2805 e
1113 2753 1180 2804 mori
1189 2755 1215 2803 in
1225 2753 1289 2806 Car·
1347 2801 1348 2806 ,

796 2849 891 2882 norum
910 2831 1005 2884 finibus
1027 2833 1079 2884 ille.
1094 2835 1162 2884 inter
1182 2836 1286 2902 rupium
1347 2889 1348 2892 Ἴ

797 2929 921 2962 cavernas
934 2913 1114 2982 compluribus
1127 2913 1288 2984 ingentibus·

797 3007 847 3059 que
869 3007 997 3059 aquarum
1017 2990 1134 3042 fontibus
1157 2993 1287 3062 erumpit,

797 3070 843 3138 qui
858 3069 948 3138 paullo
967 3083 1027 3140 post
1041 3073 1068 3120 in
1084 3071 1287 3134 unum-alveum

797 3149 878 3200 delati
890 3148 987 3202 flumen
1005 3152 1119 3216 faciunt,
1138 3149 1223 3220 quod,
1241 3149 1289 3201 ubi

796 3229 839 3278 vix
854 3229 889 3278 Μ.
904 3246 995 3298 passus
1015 3247 1148 3281 emensum
1160 3242 1215 3293 est,
1232 3230 1287 3280 lato
1347 3263 1348 3298 t

797 3309 863 3359 ostio
875 3311 902 3360 in
911 3329 983 3362 mare
994 3313 1052 3362 exit.
1065 3311 1160 3360 Fontes
1170 3310 1233 3361 olim
1242 3309 1290 3362 ha·
1347 3307 1348 3370 ζ

796 3387 845 3438 biti
856 3401 916 3439 sunt
935 3407 1038 3448 novem;
1052 3405 1082 3440 ex
1093 3389 1124 3438 iis
1136 3392 1288 3458 prorumpit
1347 3381 1348 3392 ³

797 3484 866 3536 aqua
884 3485 979 3538 magno
999 3485 1057 3518 cum
1073 3467 1195 3536 fragore:
1216 3477 1289 3518 vasto
1347 3481 1348 3508 t

795 3563 853 3594 cnm
870 3563 1002 3595 murmure
1017 3544 1125 3603 montis;
1143 3545 1287 3614 statimque

795 3627 821 3675 in
829 3644 910 3676 unum
918 3624 1012 3676 flumen
1021 3623 1132 3676 collecta
1139 3627 1218 3676 maris
1227 3643 1287 3697 spe·

795 3705 861 3762 ciem
873 3705 952 3754 refert
965 3703 1015 3752 late
1026 3720 1102 3772 agros
1112 3704 1265 3756 inundantis
1277 3727 1283 3752 r

793 3783 904 3842 Itmare
914 3791 1068 3850 proruptum
1080 3793 1106 3832 et
1120 3780 1213 3854 pelaqo
1222 3802 1284 3853 pre-

792 3859 843 3922 mit
851 3877 912 3908 arna
922 3858 1032 3909 sonanti.
1045 3859 1133 3928 Latius
1144 3861 1198 3914 hec
1211 3863 1284 3928 illus·

793 3951 861 4004 trata
877 3957 900 4004 y.
919 3941 945 3989 in
961 3939 1078 4004 Excursu
1094 3941 1128 3995 ad
1143 3941 1169 3994 h.
1187 3961 1211 3994 v.
1231 3943 1283 3994 Hic
