2718 4598
246 265 312 354 stt
495 273 530 336 r.
554 270 784 337 vtnomu
806 261 1039 336 nunonis

247 399 289 461 vi
300 398 434 488 potitur.
447 397 535 480 Quid
547 420 615 463 nou
626 397 775 464 mortalia
786 398 920 484 pectora
931 397 1036 484 copie,

246 506 328 569 Auri
340 528 429 570 sacra
440 505 558 570 fames!
572 507 749 593 Postquam
763 522 866 591 pavor
877 523 949 566 ossa
961 501 1114 590 reliquit:

247 611 401 676 Delectos
413 610 529 700 populi
540 610 582 676 ad
593 631 762 699 proceres,
775 609 987 697 primumque
999 613 1192 695 parentem,

174 753 177 760 ·
246 719 396 782 Monstra
407 715 507 782 deum
520 717 642 794 refero,
657 731 704 794 et,
719 737 792 804 quae
805 713 1033 792 absentantis,
1047 735 1167 802 posco.

247 821 409 886 Omnibus
422 820 510 885 idem
522 821 651 887 animus
663 821 819 886 scelerata
831 818 989 884 excedere
1002 836 1109 899 terra;
1266 829 1292 876 60

248 927 370 1016 Linqui
381 926 546 1014 pollutum
556 925 752 1015 hospitium,
767 941 800 989 et
812 923 890 989 dare
902 923 1061 989 classibus
1073 939 1217 990 austros.

192 1026 198 1034 ”
247 1033 335 1119 Ergo
347 1032 565 1096 instauramus
577 1030 740 1121 Polydoro
753 1031 868 1109 funus,
882 1047 915 1094 et
926 1030 1044 1118 ingens
1124 1107 1127 1116 Ι

248 1135 425 1224 Adgeritur
436 1137 564 1208 tumulo
577 1137 691 1216 tellus3
704 1153 791 1202 stant
801 1136 958 1200 Manibus
969 1158 1048 1215 arae,

163 1259 165 1264 ·
249 1242 403 1305 Caeruleis
414 1258 538 1305 moestae
549 1242 638 1305 vittis
649 1259 785 1331 atraque
797 1261 972 1330 cupresso;

249 1349 291 1410 Et
303 1346 426 1411 circum
439 1346 557 1411 Iliades
569 1345 694 1412 crinem
707 1347 748 1413 de
761 1370 854 1411 more
866 1347 993 1412 solutae.
1046 1353 1048 1360 ’

194 1435 212 1543 *¹
241 1453 430 1537 inferimus,
437 1452 551 1541 tepido
564 1446 750 1541 spumantia
761 1453 891 1544 cymbia
902 1453 1000 1531 lacte,

249 1558 420 1646 Sanguinis
433 1575 466 1623 et
477 1560 559 1624 sacri
571 1576 699 1648 pateras
710 1583 716 1622 :
730 1561 940 1648 animamque
953 1558 1110 1647 sepulcro

281 1748 318 1794 56.
330 1763 424 1810 corporo
434 1745 543 1792 Walt-
551 1749 588 1809 57.
601 1747 687 1810 omof-
698 1745 769 1792 Wall.
780 1745 888 1810 relinquit
896 1745 944 1790 duo
952 1747 1033 1792 Burm.
1041 1769 1074 1780 -
1081 1741 1119 1790 58.
1130 1743 1236 1791 Dilectos
1246 1744 1297 1791 alter

249 1818 331 1866 llamb.
338 1835 361 1881 p.
371 1828 395 1864 et
401 1834 503 1881 proceres
513 1820 605 1880 Meuag.
614 1835 650 1880 pr.
659 1826 779 1880 potentum
788 1817 878 1880 aliquot
887 1818 997 1862 Pieriani.
1005 1840 1038 1850 -
1048 1817 1086 1876 59.
1099 1824 1122 1860 et
1131 1815 1203 1863 deest
1209 1817 1296 1878 Menag.

248 1907 285 1954 pr.
294 1915 326 1926 -
335 1889 373 1934 6ο.
389 1889 506 1936 abscedere
517 1889 587 1935 Goth.
598 1902 650 1935 tert.
661 1914 693 1924 -
703 1889 740 1934 61.
757 1891 869 1952 Linquere
884 1903 937 1950 pars
954 1887 1024 1933 codd.
1038 1899 1062 1934 et
1077 1886 1135 1933 edd.
1151 1888 1183 1934 At
1194 1891 1298 1934 Heinsius

164 1965 175 2000 -’
249 1976 303 2006 cum
310 1959 373 2015 aliis,
385 1961 446 2005 iuter
455 1975 514 2022 quos
523 1960 609 2005 Medic.
623 1959 697 2016 suu,
708 1957 792 2022 linqui,
799 1959 888 2022 ¹eadem
899 1961 934 2014 ri,
946 1957 988 2004 sed
999 1969 1070 2020 poeta
1080 1969 1162 2020 potest
1172 1958 1249 2005 videri
1259 1974 1299 2003 vo-

249 2030 320 2076 luisse
330 2033 459 2076 orationem
467 2034 564 2078 variare.
575 2029 662 2094 polluto
676 2041 729 2076 tert.
744 2030 855 2076 Rotteud.
865 2039 969 2075 ausuum
983 2045 1019 2091 pr.
1036 2029 1119 2074 Hamb.
1131 2055 1167 2066 -
1176 2031 1216 2076 62.
1231 2028 1299 2088 Poly·

249 2103 300 2148 dori
309 2117 354 2148 sec.
367 2103 476 2149 Rottend.
489 2104 572 2149 Moret.
585 2119 631 2150 sec.
640 2127 672 2139 -
681 2102 718 2148 63.
731 2100 822 2148 cumulo
833 2100 893 2148 alter
904 2101 1030 2166 Hamburg.
1044 2114 1067 2148 et
1081 2117 1119 2163 pr.
1131 2117 1179 2164 pro
1185 2119 1236 2148 var.
1248 2101 1300 2147 leet.

249 2173 316 2222 tellus
329 2173 414 2220 tumulo
430 2177 505 2237 Sprot.
515 2199 547 2210 -
558 2175 595 2232 64.
615 2189 680 2220 uexoe
690 2175 757 2220 Voss.
774 2189 883 2236 cupressu
899 2185 945 2218 tres
963 2174 1041 2218 Burin.
1057 2189 1112 2218 cum
1128 2173 1261 2227 Plotianis,
1277 2182 1303 2216 ut

195 2271 197 2276 ·
249 2247 305 2292 alibi
315 2249 411 2293 variant.
422 2247 451 2292 66.
461 2237 523 2292 Pier.
532 2272 565 2282 —
574 2247 612 2292 65.
623 2246 655 2291 At
663 2263 699 2308 pr.
711 2245 794 2290 llamb.
808 2243 894 2290 Iliados
903 2245 969 2289 Voss.
979 2249 1048 2290 crinis
1056 2243 1113 2288 libri
1124 2243 1191 2304 apud
1202 2244 1264 2288 Pier.
1272 2268 1303 2279 -

250 2319 288 2364 66.
302 2319 386 2380 trepido
396 2318 478 2363 Hamb.
489 2333 534 2364 sec.
547 2331 571 2364 et
586 2319 640 2364 Exc.
650 2319 729 2362 Burm.
738 2317 859 2381 firmantia
871 2315 969 2362 Oud'art.
985 2314 1089 2376 Kymbia
1104 2313 1215 2360 Parrhas.
1224 2339 1256 2350 -
1265 2313 1302 2375 67.

249 2403 326 2452 sacras
335 2404 359 2450 p.
371 2390 426 2434 Euo.
443 2389 569 2436 Burmann.
580 2393 699 2454 animeque
709 2391 790 2436 Frauc.

250 2545 398 2615 abrumpit,
413 2547 513 2618 'paullo
538 2547 665 2600 audacius
688 2549 747 2601 dic·
795 2569 855 2601 rum
867 2546 1197 2612 hominum,altissimus,
1211 2543 1303 2610 fieret,

249 2635 306 2672 tum
324 2623 442 2688 videtur,
455 2624 553 2678 divina
574 2627 747 2698 humanaque
796 2637 851 2682 non
874 2644 973 2682 temere
997 2639 1135 2699 aggestus,
1157 2637 1187 2676 ut
1208 2644 1234 2676 v.
1258 2642 1302 2676 aa.

247 2704 309 2770 jura
321 2703 454 2774 infringit,
465 2706 555 2758 violat.
567 2708 630 2758 Mox
640 2707 673 2759 56
683 2707 750 2778 quid
795 2719 940 2774 stantune,
951 2708 1072 2771 doctius,
1083 2723 1179 2775 quam,
1190 2723 1241 2756 ara
1251 2717 1305 2755 sta-

249 2797 305 2830 non
315 2809 349 2819 -
361 2782 429 2854 copis
438 2801 486 2853 pro
497 2785 533 2835 ad
538 2785 610 2856 quid.
622 2785 673 2836 Sed
682 2804 748 2856 prae·
797 2790 887 2840 tuitur.
902 2785 1018 2839 crentleoe
1029 2787 1100 2836 vittae
1111 2795 1174 2835 sunt
1182 2785 1266 2854 nigrae
1276 2801 1300 2832 v.

248 2859 347 2929 positio
372 2862 524 2912 omittitur:
549 2861 663 2914 illustrat
683 2864 748 2914 Bur·
797 2867 869 2919 Serv.
889 2869 977 2918 Burin.
997 2873 1093 2914 moesto
1111 2862 1183 2914 vittis
1201 2863 1303 2913 moesti-

249 2957 371 3004 fflffitnus·
382 2939 424 2992 Sic
435 2938 458 2992 ‘tl
467 2960 517 3012 pro
527 2937 582 3010 vpe‘t
590 2964 622 2995 rr.
797 2948 862 2998 tiam
874 2944 1058 3006 declarantes,
1073 2942 1223 3012 exquisite,
1241 2959 1302 2992 cum

284 3020 326 3070 61.
349 3021 419 3071 Dore
437 3019 558 3074 classibus
578 3033 676 3076 austros
692 3041 747 3074 non
797 3035 914 3089 oruatoe,
938 3022 1045 3086 velate,
1070 3020 1160 3072 dicere
1181 3019 1301 3072 deberet.
1340 3005 1341 3056 l

250 3111 289 3150 est
298 3097 449 3172 hypallage,
460 3102 627 3173 quamvulgo
634 3104 747 3172 jactant,
796 3103 948 3176 ctqrressittis
980 3099 1124 3152 frondibus
1155 3113 1301 3152 coronatur
1340 3147 1341 3158 ,

248 3183 747 3250 utperversarationeresefferantur3
795 3183 822 3234 h.
836 3183 1201 3252 l.ara.Cupressusatranon
1210 3181 1301 3230 nativo
1340 3173 1341 3226 l

250 3258 310 3320 sed,
323 3273 352 3310 ut
363 3260 443 3332 vulgo
456 3260 530 3312 navis
539 3273 615 3312 vento
626 3262 695 3312 tradi
707 3263 748 3314 di·
782 3323 783 3330 ¹
796 3263 899 3324 colore;
913 3261 961 3312 sed
980 3261 1044 3329 quia
1060 3258 1182 3318 funebris
1204 3259 1300 3322 arbor,

250 3341 332 3404 citur,
343 3341 380 3391 sio
391 3343 561 3410 exquisitiore
572 3332 674 3402 ratione
685 3343 749 3392 navi
795 3335 850 3393 Dili
862 3359 947 3392 sacra.
960 3340 1091 3389 Matrona
1098 3339 1224 3406 Trojanar
1232 3337 1303 3388 solu·

248 3431 357 3482 ventus,
376 3419 477 3472 utvela
492 3421 748 3491 ventis'pandantur
795 3423 829 3472 tis
851 3421 968 3472 crinibus
990 3419 1194 3470 circumstantes
1215 3429 1301 3468 tumu-

163 3491 166 3495 ’
250 3509 276 3547 et
290 3515 327 3548 sic
337 3516 427 3567 porro
796 3501 851 3552 lum
869 3499 1000 3570 plangunt
1018 3510 1045 3548 et
1056 3496 1250 3548 lamentantur
1266 3498 1300 3548 66.

284 3577 317 3626 62
331 3593 389 3644 sqq
403 3577 488 3629 Locus
506 3579 537 3629 de
557 3555 658 3648 inferiis
678 3577 747 3630 clas-
795 3581 848 3643 XI,
862 3579 903 3631 35.
916 3575 1095 3646 inferimuss
1084 3591 1226 3644 ιπιφιρομιν
1233 3571 1301 3640 zoas

249 3657 326 3705 sicus.
351 3657 423 3706 Nota
445 3676 534 3709 rerum
554 3675 585 3708 ao
604 3657 748 3709 verborum
797 3656 997 3710 effundimusin
1010 3671 1071 3704 aras
1082 3665 1114 3708 et
1121 3671 1149 3704 tn
1160 3655 1299 3704 tumulum.

247 3735 448 3806 proprietatem.
461 3735 747 3804 Instauramusfuuus,
784 3737 900 3807 ¹cymbia
924 3734 999 3786 lactis
1020 3735 1093 3785 conf.
1115 3733 1173 3787 Ecl.
1197 3735 1237 3799 V,
1258 3735 1299 3803 67

249 3817 374 3888 religioso
392 3817 546 3880 vocabulo,
556 3833 606 3886 pro
622 3817 745 3868 facimus.
796 3815 948 3887 sanquiuis,
968 3815 1078 3866 victima
1098 3830 1183 3877 casa,
1187 3814 1234 3865 6.6
1254 3814 1299 3864 inf.

251 3894 369 3960 tumulo,
382 3909 412 3946 ut
422 3895 538 3946 tumulus
550 3913 611 3946 vere
625 3893 711 3946 dictus
722 3907 748 3948 et
796 3897 835 3962 V,
858 3911 890 3964 77
914 3913 953 3964 sq.
985 3893 1161 3966 animamque
1185 3892 1301 3965 sepulcro

251 3976 300 4026 rite
312 3988 421 4046 paratus
431 3977 520 4046 isque,
534 3993 547 4028 e
560 3991 633 4028 more
645 3975 749 4050 prisco·¹
797 3933 953 4029 cobdimut:
979 3973 1075 4028 Manes
1096 3972 1253 4045 placamuS,
1274 3985 1302 4024 ut
