2718 4598
423 290 486 362 'An
509 279 779 362 rrnnun'u.
1060 300 1122 388 309

71 430 246 487 putaverant.
260 417 312 471 Sed
323 418 355 472 de
367 407 420 470 boc
431 434 503 472 nunc
515 439 568 472 non
581 425 683 492 agitur;
697 440 789 472 verum
801 415 911 472 Iliadem
922 421 1030 474 Homeri
1040 434 1124 475 trans-

70 496 177 548 tulerat
191 500 235 550 Crt.
250 498 379 563 Mattius,
390 512 416 550 et
429 500 525 570 Cypria
536 501 657 551 cannino
669 502 739 551 infra
748 499 896 550 videbimus
909 519 924 551 a
936 501 1028 552 Navio
1040 500 1122 553 latine

69 573 167 641 sacta,
182 589 222 641 et,
236 578 258 627 si
271 577 317 628 alii
335 579 404 629 iuter
424 579 556 632 Romanos
572 593 769 644 memorantur,
791 580 838 648 qui
854 592 1038 649 argumentum
1058 579 1123 631 bclli

69 653 189 723 Trojani
208 670 370 723 tractarunt,
390 671 419 709 ut
437 660 529 710 Macer
544 660 764 726 Antehornerica,
775 679 800 710 v.
813 660 891 712 Ovid.
910 663 934 711 Il
951 662 1008 711 Am.
1030 661 1077 725 18,
1096 671 1124 712 et

69 732 277 789 Posthomerica
289 740 313 788 ll
325 757 356 789 ex
365 740 449 789 Ponto
467 755 514 801 10,
530 739 578 803 13,
589 731 653 790 item
668 739 836 803 Camerinus,
848 741 884 789 IV
895 759 926 791 ex
936 742 1020 791 Ponto
1033 742 1077 807 16,
1091 739 1122 804 6,

70 811 123 862 ubi
136 831 161 864 v.
175 828 231 866 not.
245 836 277 868 ex
285 817 383 869 Graecis
392 820 449 870 fere
463 836 509 870 eos
521 836 570 870 sua
582 818 729 884 effinxisse,
742 821 891 890 exemplum
901 839 1009 885 eorum,
1021 814 1068 892 qui
1080 839 1125 872 su·
1148 833 1153 846 ¹

70 895 201 959 perstites
214 910 290 962 sunt,
306 897 414 949 credere
424 897 510 966 jubet.
523 899 622 950 Verum
635 897 667 950 de
681 898 782 950 Latinis
797 898 951 950 Homeristis
962 900 1040 952 docte
1052 918 1125 950 nunc

71 971 130 1040 egit
147 973 305 1046 Wernsdorf.
318 979 346 1028 in
358 978 430 1028 Poct.
444 977 539 1028 minor.
553 978 583 1027 T.
597 978 641 1041 IV,
652 975 711 1029 565.
727 976 776 1029 568
789 995 828 1046 sq.
843 975 903 1046 579.

109 1053 218 1107 Munita
225 1059 283 1125 jam
301 1070 327 1109 et
339 1059 474 1128 patefacta
487 1070 526 1109 est
539 1059 599 1123 via,
612 1069 642 1108 ut
654 1056 781 1109 accedere
797 1060 929 1127 possimus
945 1058 979 1110 ad
991 1058 1035 1123 id,
1048 1061 1123 1127 cujus

70 1149 173 1184 caussa
185 1147 268 1188 totam
286 1137 355 1189 hau'c
375 1137 583 1208 disputationem
599 1139 777 1208 suscepimus,
790 1151 820 1188 ut
838 1138 939 1190 scilicet
956 1158 1123 1209 quaeramus,
1190 1205 1193 1211 s
1216 1153 1218 1161 ‘

72 1225 157 1278 quem
166 1215 330 1284 potissimum
343 1233 374 1266 ex
390 1217 515 1267 vetcnbus
524 1215 609 1287 poetis
622 1217 649 1270 V
648 1214 750 1287 irqilius
762 1217 790 1266 ia
804 1216 905 1269 excidio
921 1219 1033 1290 Trojano
1046 1237 1125 1269 enar-

71 1289 160 1341 rando
171 1305 294 1365 sequutus
304 1295 345 1348 sit.
358 1295 421 1346 Esse
433 1294 504 1346 hunc
521 1297 660 1362 intereos,
674 1297 720 1365 qui
732 1296 897 1360 interierint,
907 1297 986 1348 facile
999 1297 1126 1368 intelligi·
1156 1347 1157 1350 ,

72 1375 119 1415 tur
130 1407 140 1433 ,
152 1373 370 1444 quandoquidem
379 1393 429 1426 nec
441 1374 601 1445 cyclicorum
610 1386 750 1445 poetarum
763 1375 876 1444 aliquis,
889 1395 939 1428 nec
951 1394 1043 1428 eorum
1055 1380 1125 1448 quis·

72 1465 174 1517 quam,
188 1455 233 1522 qui
243 1456 356 1524 proximi
369 1467 444 1520 aetate
456 1456 547 1519 fuere,
561 1457 723 1525 omninoque
735 1457 781 1525 qui
793 1469 855 1507 ante
866 1456 1006 1528 Virgilium
1020 1460 1123 1516 vixere,

73 1528 111 1579 ad
123 1543 217 1583 nostra
236 1546 358 1604 tempora
369 1534 499 1605 pervenit.
512 1532 611 1585 Sedula
626 1546 716 1584 tamen
735 1533 880 1585 multarum
892 1553 980 1586 rerum
993 1549 1124 1588 eteorum

71 1608 208 1679 inprimis,
221 1613 281 1682 qui,
293 1613 405 1664 seriores
417 1610 535 1682 quidem,
547 1625 649 1664 veteres
662 1624 751 1663 tamen
762 1614 966 1682 exscripserunt,
979 1627 1005 1665 et
1016 1614 1125 1665 Tabulae

71 1687 163 1738 lliacae
176 1708 193 1740 a
201 1690 327 1742 Fabretto
337 1691 465 1762 vulgata,
478 1691 506 1740 in
517 1708 570 1760 qua
581 1703 704 1762 auctores
716 1688 843 1761 adscripti
856 1707 931 1758 sunt,
942 1710 995 1762 una
1008 1711 1069 1742 cum
1078 1694 1125 1742 Po·

72 1764 178 1836 lygnoti
190 1770 282 1822 tabula
306 1769 378 1840 apud
400 1772 575 1836 Pausaniam,
589 1773 818 1841 comparatione,
838 1790 910 1823 nunc
931 1785 1020 1824 autem
1040 1773 1124 1824 multo

72 1848 161 1918 magis
174 1867 205 1900 ex
217 1849 303 1901 Procli
315 1852 474 1922 Fragmenta
485 1838 635 1919 conjectare
647 1851 720 1916 licet,
734 1849 878 1923 Virgilium
885 1853 1050 1922 potissimum
1062 1851 1126 1902 Arc·
1186 1893 1188 1899 .

72 1924 127 1978 tini
138 1925 207 1977 Ἰλίου
219 1924 334 1996 alpaide,
348 1940 442 1982 etcum
456 1929 504 1979 hac
516 1927 622 1981 Leschei
631 1929 745 1981 Iliadem
756 1948 866 2000 pomam
876 1933 1033 2002 expressisse,
1042 1932 1127 1984 multa

71 2014 181 2072 tamen,
192 2021 221 2058 ut
233 2011 303 2062 infra
315 2011 343 2060 in
355 2009 465 2086 singulis
476 2009 643 2074 videbimus,
656 2011 755 2080 passim
770 2029 801 2061 ex
815 2011 909 2064 Gracis
923 2013 1052 2084 tragoediis
1060 2015 1124 2078 ,in-
1195 2004 1197 2010 ’

70 2087 167 2153 primis
186 2089 340 2159 Euripidis,
359 2089 456 2142 hausta
473 2091 673 2154 intertexuisse,
695 2089 768 2159 quod
788 2101 828 2139 tot
846 2089 907 2142 loca
926 2109 957 2142 ex
975 2092 1086 2143 Hecuba
1098 2102 1125 2141 et

71 2166 225 2220 Troadibus
238 2169 361 2221 traducta
378 2169 491 2230 docent;
505 2183 535 2220 ut
547 2171 655 2220 omnino
667 2168 823 2239 Euripidem
839 2170 984 2239 plurimum
1001 2169 1124 2220 videatur

71 2247 203 2317 probasse
215 2248 349 2318 Virgilius.
363 2248 444 2315 Quod
458 2261 548 2300 autem
563 2261 649 2319 poetae
662 2251 779 2299 animum
792 2250 915 2316 inprimis
934 2248 969 2300 ad
982 2246 1125 2318 tragoedias

71 2327 245 2398 fructumque
262 2328 372 2380 indeed
390 2329 541 2380 ornandum
557 2331 663 2398 epicum
680 2345 787 2378 carmen
806 2327 969 2376 uberrimum
979 2326 1124 2397 petendum

72 2410 164 2476 potuit
173 2419 327 2460 convertere
341 2420 368 2460 et
380 2407 524 2474 adducere,
536 2407 589 2459 hoc
601 2409 683 2459 fuisse
695 2407 820 2470 arbitror,
834 2407 907 2476 quod
916 2426 1013 2478 magna
1022 2405 1126 2458 fabula·

73 2505 134 2538 rum
144 2489 296 2540 Graecarum
307 2507 370 2559 pars
383 2489 417 2540 ab
423 2490 531 2552 Ennio,
544 2489 626 2540 Accio
636 2526 645 2552 ,
658 2489 732 2538 Livio
743 2486 914 2552 Andronico,
927 2490 1035 2551 Navio,
1045 2489 1126 2538 Pacu-

73 2567 134 2630 vio,
155 2568 290 2631 Varrone,
311 2569 404 2619 forsan
426 2581 452 2620 et
474 2569 549 2632 aliis,
563 2568 646 2619 latine
666 2578 723 2618 erat
736 2585 873 2618 conversa.
889 2566 1019 2618 Proficere
1037 2585 1068 2618 ex
1083 2564 1125 2616 lris

72 2657 157 2714 poeta
167 2663 223 2696 non
241 2661 337 2716 parum
348 2645 442 2698 debuit
455 2665 510 2698 nou
521 2646 603 2698 modo
620 2644 655 2697 ad
671 2647 834 2697 narrationis
846 2647 1020 2711 varietatem,
1033 2664 1125 2698 verum
1141 2681 1145 2694 .

73 2722 159 2774 multo
177 2726 260 2796 magis
278 2725 313 2776 ad
327 2727 454 2776 orationis
471 2727 596 2796 poeticae,
610 2725 652 2775 cui
665 2723 835 2780 elaboranda
849 2726 970 2794 inprimis
983 2723 1124 2787 studebat,

75 2800 233 2873 dignitatem
251 2816 278 2855 et
296 2817 427 2856 ornatum.
447 2805 504 2855 Etsi
523 2803 593 2856 enini
610 2802 791 2854 diversissima
809 2805 844 2852 sit
863 2805 969 2874 tragicae
990 2805 1126 2873 epicaeque

76 2884 205 2934 orationis
218 2883 337 2948 indoles,
350 2896 439 2936 tamen
454 2885 557 2954 tragica
568 2883 615 2933 illa
628 2884 714 2934 oratic
725 2882 877 2953 Virgilianoe
892 2880 1004 2931 dictioni
1015 2882 1128 2950 gravita.

74 2973 129 3012 tem
140 2961 225 3028 illam,
239 2981 320 3034 quam
331 2976 471 3034 tantopere
482 2965 620 3027 miramur,
633 2974 659 3013 et
671 2963 850 3030 majestatem,
864 2959 997 3015 interdum
1007 2958 1126 3020 ditrictae

75 3042 193 3111 aliquam
205 3043 375 3108 rhetoricam,
388 3045 600 3114 eloquentiaeque
610 3042 692 3095 modo
706 3032 821 3112 copiam,
830 3040 910 3092 modo
920 3060 1041 3107 acumen,
1053 3059 1126 3092 com·
1166 3089 1169 3099 s

73 3140 183 3192 parasse
197 3125 311 3176 videtur.
323 3125 411 3191 Quam
423 3122 542 3194 proclive
552 3135 642 3174 autem
653 3123 764 3193 Virgilio
776 3123 876 3185 fuerit,
890 3122 918 3170 in
929 3121 1000 3172 bello
1016 3134 1042 3173 et
1054 3122 1127 3174 exci-

74 3202 121 3252 dio
131 3204 264 3273 Trojano,
275 3205 308 3276 de
322 3223 375 3275 quo
387 3223 458 3256 nunc
467 3205 635 3274 potissimum
645 3203 803 3272 querimus,
816 3199 956 3274 tractando
967 3214 993 3252 et
1003 3199 1125 3254 ornando

73 3283 374 3353 Tragicorum-inventis
387 3286 440 3348 uti,
456 3301 529 3335 exeo
548 3282 705 3352 apparebit,
717 3283 739 3330 si
752 3280 942 3352 tragoediarum
953 3280 1032 3350 hujus
1046 3299 1127 3353 argu·

73 3366 159 3414 menti
171 3365 292 3434 copiam,
310 3367 379 3416 inter
395 3367 529 3416 Romanos
542 3364 650 3428 saltem,
661 3373 721 3414 ante
738 3361 830 3412 oculos
838 3363 954 3431 positam
962 3361 1071 3423 habeas.
1086 3363 1127 3426 lta

74 3441 164 3491 Livius
185 3442 354 3496 Andronicus
383 3441 534 3509 Achillem,
562 3441 711 3507 Helenam,
735 3440 927 3505 Laodamiam,
950 3439 1127 3492 Protesilaum

76 3518 139 3588 (nisi
149 3521 244 3574 eadem
256 3543 316 3575 cum
325 3525 473 3577 Laodamia
485 3525 536 3575 fuit
545 3523 658 3594 fabula),
671 3523 779 3594 Ajacem
789 3559 797 3586 ,
807 3551 843 3560 —-
852 3522 961 3592 Equam
973 3523 1127 3592 Trrp'anum,

75 3632 111 3641 -
126 3601 264 3670 Odysseam
271 3643 279 3670 ,
292 3604 461 3678 AEqisthum,
473 3605 645 3656 Hermionam
657 3607 683 3654 in
696 3621 804 3655 scenam
815 3601 986 3673 produxerat.
997 3603 1032 3651 At
1041 3601 1126 3651 Naevii

75 3683 150 3734 fuere
160 3684 296 3754 tragoedia
305 3685 462 3758 Iphigenia,
476 3683 654 3749 Protesilaus,
671 3682 816 3755 Telephus,
832 3683 947 3748 Hector,
959 3683 1051 3754 Equus
1065 3681 1127 3731 Tro-

71 3766 166 3834 janus,
179 3765 331 3837 AEqisthus;
342 3768 449 3818 Pacuvii
461 3765 576 3836 Chryses,
588 3765 731 3816 Armorum
740 3763 872 3835 judicium
880 3802 888 3828 ,
901 3765 1010 3826 Teucer,
1023 3760 1125 3823 Iliona,

75 3842 217 3909 Anchises,
230 3847 392 3911 Hermiona,
403 3845 563 3906 Dulorestes3
576 3846 651 3897 Accii
661 3843 796 3910 Achilles,
812 3843 941 3914 Telephus
950 3882 958 3907 ,
967 3842 1105 3894 Diomedes
1115 3875 1125 3901 ,

75 3920 260 3993 Nyctepresia,
274 3925 521 3995 Epinausimachc,¹
532 3925 712 3994 Mynnidoaes
723 3962 732 3988 ,
742 3923 887 3974 Armorum
898 3920 1033 3991 jadicium
1046 3951 1054 3980 ,
1072 3917 1126 3966 Eu-

74 4016 190 4068 rysacen,
200 4000 399 4073 Neoptolemus,
412 4001 581 4068 Philoctetes,
589 4033 624 4044 -
634 4003 756 4069 Troades,
768 3997 968 4063 Andromache,
980 3995 1125 4066 Astyanax,
