2742 4586
451 276 515 339 An
538 263 735 342 aranon
759 269 783 341 t.

345 613 704 710 EXCURSUS·
737 620 885 710 vlit.

492 792 547 856 De
559 791 735 858 Antenore.

121 953 151 1017 I,
172 952 223 1018 ada
237 967 295 1022 sqq.
312 948 430 1001 Antenor
446 951 550 1021 peterit,
573 952 665 1004 mediis
686 951 788 1023 elapsus
806 951 930 1019 Achivis,
950 937 1069 1026 Illyricos
1086 977 1132 1029 pe·

84 1042 197 1083 netrare
208 1030 280 1082 sinus
289 1037 367 1099 atque
379 1028 471 1079 intima
482 1039 551 1081 tutus
559 1031 649 1101 Ileyna
663 1025 854 1096 Liburnorum,
865 1032 1001 1103 etfontem
1011 1054 1132 1107 superare

87 1109 221 1160 Timavi:
239 1106 314 1158 Unde
324 1123 373 1176 per
391 1125 436 1156 ora
455 1125 562 1172 novem,
580 1119 650 1159 vasto
669 1125 729 1158 cum
741 1121 875 1160 munnere
885 1112 995 1176 montis,
1017 1115 1044 1163 It
1059 1132 1130 1164 mare

83 1197 249 1258 proruptum
262 1195 289 1235 et
295 1183 391 1254 pelapo
398 1184 495 1261 premit
507 1203 569 1235 arua
579 1186 700 1236 sonanti:
718 1186 771 1245 Hic
781 1195 867 1237 tamen
878 1187 923 1238 itte
935 1191 1022 1240 urbem
1035 1192 1130 1242 Patavi

92 1266 219 1335 sedesque
242 1262 337 1314 locauit
362 1262 520 1328 Teucrorum
531 1301 541 1326 ,
566 1273 593 1313 et
611 1265 686 1335 penti
704 1279 798 1315 nonrert
815 1265 900 1330 dedit,
921 1284 1046 1340 armaque
1064 1267 1131 1340 fixit

88 1345 191 1404 Troiu5
204 1361 278 1394 nunc
292 1340 398 1413 placida
418 1353 555 1411 conpostus
568 1361 634 1412 poce
646 1344 761 1416 quiescit.

122 1425 188 1474 Fuit
204 1423 323 1474 Antenor
334 1423 403 1474 inter
416 1439 478 1485 eos,
491 1423 518 1472 in
531 1439 645 1491 quorum
661 1423 739 1474 rebus
753 1424 878 1476 ornandIs
890 1425 908 1475 ii
920 1428 1031 1479 maxime
1046 1430 1130 1498 scrip-

87 1515 162 1556 tores
175 1503 347 1565 laborarunt,
361 1503 407 1572 qni
418 1504 585 1553 narrationes
600 1504 752 1580 Homericap
765 1506 839 1554 novis
860 1507 1014 1557 commentis
1026 1506 1059 1559 de
1080 1525 1127 1558 suo

88 1596 256 1646 onerarunt,
276 1601 331 1632 non
351 1581 427 1632 aliter
449 1600 479 1632 ac
498 1582 522 1634 si
544 1581 685 1633 delectatio
709 1601 725 1634 a
747 1601 817 1634 mere
837 1585 965 1637 fabulosis
985 1597 1011 1636 et
1030 1599 1128 1638 temere

87 1663 185 1714 effusis
206 1661 334 1734 figmentis
355 1659 575 1730 proficisceretur.
602 1660 706 1712 Scilicet
724 1677 779 1710 nen
801 1662 942 1729 tenebant,
962 1665 1126 1716 narrationes

87 1740 148 1792 illas
168 1741 322 1792 Homericae
341 1737 392 1789 fide
416 1741 562 1808 majorum,
582 1739 655 1790 ferna
681 1739 808 1809 antiqua,
829 1751 951 1810 acceptas
974 1757 1004 1791 ex
1025 1743 1127 1811 antiqui
1178 1768 1180 1774 .

88 1821 200 1890 quidem
220 1821 347 1870 sermonis
360 1818 449 1869 indole
462 1831 488 1870 et
499 1819 636 1885 formulis,
649 1819 819 1888 opinionibus
835 1819 984 1883 hominum,
997 1833 1126 1891 motaequc

88 1902 186 1951 mentis
201 1902 316 1968 impetu,
336 1899 494 1968 poeticoque
508 1911 619 1960 ornatu,
637 1897 782 1949 adscititios
799 1897 901 1949 colores
922 1900 1049 1962 traxisse,
1066 1917 1127 1950 mox

87 1979 180 2030 multis
192 1979 278 2030 modis
289 1991 315 2030 et
324 1977 413 2028 multis
424 1977 456 2028 de
467 1981 582 2042 caussis,
594 1979 626 2028 in'
634 1979 794 2030 carminibus
806 1979 973 2050 cyclicorum,
985 1979 1126 2050 lyricorum

88 2071 114 2109 et
126 2061 290 2130 tragicorum
310 2076 367 2110 esse
378 2060 501 2110 variatas.
522 2058 556 2112 At
568 2057 606 2126 illi
623 2057 742 2110 homines
754 2058 860 2110 laudem
873 2059 1024 2128 querebant
1036 2079 1068 2126 ex
1080 2078 1125 2122 eo,

88 2138 164 2207 quod
185 2155 245 2201 res,
268 2155 333 2207 quas
352 2135 481 2188 Homerus
503 2154 549 2186 seu
577 2139 730 2187 summatim*
750 2150 923 2206 exposuerat,
945 2155 991 2189 seu
1015 2139 1125 2189 strictim
1149 2132 1151 2136 ’

86 2230 275 2289 percurrerat,
289 2219 315 2267 in
327 2216 466 2281 historias,
479 2219 586 2285 copiose
599 2228 625 2268 et
638 2215 730 2267 ordine.
741 2217 880 2280 omnibus,
894 2233 950 2285 quae
961 2215 1138 2280 inciderant,x

88 2299 234 2362 enarratis,
257 2297 454 2349 convertebant·
467 2308 512 2348 aut
535 2295 666 2348 clarorum
692 2295 803 2348 heroum
822 2296 971 2347 nominibus
1000 2297 1073 2348 faeta
1098 2310 1126 2349 et
1205 2303 1208 2310 '

87 2377 144 2427 lata
166 2377 345 2426 commentitia
365 2375 534 2448 assignabant
548 2397 553 2424 ι
568 2392 681 2444 quorum
698 2375 779 2439 nihil,
797 2373 929 2424 interdum
941 2392 974 2425 ne
985 2376 1126 2445 vestigium
1153 2373 1156 2376 ’

88 2456 217 2527 quidem,
240 2460 268 2508 in
288 2458 481 2528 antiquioribus
499 2467 610 2517 extaret;
631 2455 684 2507 alia
700 2473 731 2506 ex
747 2455 848 2527 Cypriis
864 2455 1023 2506 carminibus
1046 2466 1091 2505 aut
1109 2459 1123 2506 'e

86 2536 204 2588 Lescheo
228 2539 339 2608 aliisque
366 2539 451 2609 poetis
475 2538 579 2610 cyclicis
609 2538 761 2606 arripuere,
784 2535 876 2588 saltem
899 2553 930 2587 ex
952 2535 1045 2587 rivulis
1061 2533 1125 2586 inde

90 2618 175 2670 ductis
196 2617 316 2671 hausere.
339 2620 378 2670 De
395 2619 527 2670 Antenore
544 2635 679 2688 perpauca
696 2617 729 2668 ab
750 2619 865 2668 Homero
887 2625 1032 2668 memorata
1053 2629 1121 2670 sunt.

12 2703 16 2770 Ἰ
87 2697 189 2749 Glarior
201 2712 241 2750 est
259 2703 314 2768 ejus
331 2715 410 2764 uxor,
434 2699 557 2764 Theano,
570 2699 683 2750 Hecuba
701 2696 815 2749 eCisseo
831 2715 922 2760 soror,
936 2695 1060 2748 Minerva
1078 2714 1122 2748 sa·

90 2777 181 2829 cerdos
204 2779 244 2848 (v.
267 2781 343 2833 Iliad.
368 2783 400 2848 ζ,
423 2797 471 2849 297
490 2781 583 2852 sqq),
606 2797 726 2832 necnon
748 2777 813 2842 filli,
836 2780 934 2848 passim
957 2780 985 2828 in
1006 2794 1123 2850 pugnam

88 2857 264 2926 prodeuntes;
284 2861 340 2929 ipse
361 2861 429 2911 inter
448 2861 582 2923 seniores,
599 2861 645 2929 qui
661 2857 804 2929 prudentia
828 2857 894 2908 alios
911 2855 1120 2908 antecellebant:

89 2935 161 2987 Iliad.
181 2957 210 3002 y,
234 2940 290 3004 148.
314 2939 384 2994 idem
407 2939 519 3001 suadet,
545 2952 574 2989 ut
595 2940 696 2990 Helena
716 2937 862 3000 reddatur,
887 2956 919 2997 r,
941 2935 991 3004 347
1015 2953 1072 3005 sqq.
1095 2949 1121 2986 et

89 3015 203 3087 Ulyssem
227 3038 287 3070 curn
303 3019 441 3084 Menelao,
464 3032 606 3089 antequam
628 3038 701 3072 arma
717 3029 803 3069 sumta
823 3027 915 3080 erant,
933 3015 967 3067 ad
985 3032 1026 3066 res
1045 3031 1121 3085 repe-

91 3095 179 3147 tendas
190 3098 298 3168 Trojam
317 3103 425 3150 missum
442 3099 560 3168 hospitio
582 3110 736 3168 exceperat:
757 3095 832 3148 Iliad.
845 3115 878 3160 γ,
897 3093 945 3145 205
958 3109 1015 3163 sqq.
1028 3096 1120 3162 Itaque

90 3174 167 3242 Troja
184 3189 262 3246 capta
280 3196 296 3228 a
315 3178 438 3230 Menelao
456 3191 575 3244 servatur
599 3197 658 3229 cum
673 3177 773 3228 sobole.
786 3174 830 3226 cf.
851 3172 995 3244 Tryphiod.
1016 3172 1117 3242 653ysq.

90 3253 145 3303 Hoc
157 3265 279 3324 tanquam
291 3257 375 3306 fluido
392 3268 588 3326 superstruxere
607 3249 772 3308 fabulatores
789 3249 845 3318 illi,
861 3252 984 3322 equibus
1002 3251 1120 3303 Pseudo·

91 3330 169 3402 dictys
181 3344 206 3382 et
222 3333 404 3385 Pseudodares
418 3335 505 3386 adhuc
522 3338 675 3406 superstites
693 3347 769 3398 sunt,
783 3333 849 3397 alia,
866 3349 890 3382 v.
904 3349 927 3382 c.
940 3329 973 3382 de
985 3331 1119 3400 Antenore

93 3431 107 3462 a
119 3413 292 3467 Laomedonte
304 3414 424 3484 Delphos
437 3417 515 3466 misso
526 3415 614 3486 (Serv.
635 3416 669 3468 ad
683 3418 740 3468 AEn.
751 3417 791 3477 II,
811 3411 877 3481 318)
894 3409 1069 3480 delegatione
1085 3411 1119 3462 ad

91 3489 198 3542 Achivos
210 3494 259 3544 sub
278 3505 393 3545 extrema
410 3494 483 3546 urbis
504 3496 560 3548 fata
578 3496 677 3566 (Tzctz.
699 3492 831 3544 Posthom.
854 3491 905 3561 607
927 3488 982 3560 sq.)
999 3491 1120 3560 inprimis

92 3589 149 3622 vero
161 3571 273 3640 plurima
291 3572 324 3626 de
339 3573 490 3645 proditione
503 3577 574 3628 urbis
597 3576 630 3627 ab
650 3593 681 3627 eo
696 3588 722 3626 et
734 3594 752 3627 a
769 3573 828 3624 liliis
849 3573 929 3624 facta.
949 3571 983 3622 cf.
1001 3569 1070 3622 Serv.
1083 3569 1119 3623 ad

92 3667 115 3699 v.
130 3649 182 3714 tlt.
195 3652 351 3704 Praeiverant
371 3665 459 3704 tamen
478 3654 525 3706 alii,
536 3656 698 3724 antiquiores
715 3667 743 3704 ut
755 3650 882 3724 Lycophr.
902 3650 953 3717 340
972 3667 1047 3720 sqq,
1068 3667 1118 3700 nec

94 3726 177 3778 dubito
189 3729 216 3778 in
229 3728 362 3782 bisurmm
375 3749 406 3782 ex
425 3731 529 3803 cyclicis
548 3735 634 3802 poetis
650 3734 740 3784 fuisse.
762 3729 920 3782 Proditionis
937 3728 971 3780 ab
983 3729 1117 3778 Antenore

93 3806 161 3855 facte
177 3808 359 3859 auctoritatem
374 3812 429 3878 jam
446 3810 508 3860 olim
522 3811 680 3882 Polygnotus
695 3821 837 3882 agnoverat
855 3810 881 3858 in
901 3806 995 3858 tabula
1007 3823 1055 3856 sua
1072 3823 1115 3873 ap.

95 3887 194 3938 Pausan.
211 3889 249 3952 X,
272 3905 312 3956 ²7·
334 3909 393 3962 pag.
419 3891 469 3943 865
494 3889 631 3962 Sophoclis
652 3893 725 3942 fuere
746 3891 904 3958 ’Arrtrop'dan
928 3885 1021 3938 Strabo
1041 3885 1116 3943 XIII,

96 3983 120 4036 p.
134 3967 180 4035 9⁰5
198 3970 225 4020 B.
243 3983 370 4024 memorat
389 3971 522 4044 panthera
545 3971 642 4042 pellem
660 3971 799 4024 Antenoris
818 3971 917 4022 foribus
934 3968 1073 4034 injectam,
1086 3973 1115 4012 ut
