<?xml version="1.0" encoding="UTF-8"?>
<!DOCTYPE html PUBLIC "-//W3C//DTD XHTML 1.0 Transitional//EN"
    "http://www.w3.org/TR/xhtml1/DTD/xhtml1-transitional.dtd">
<html xmlns="http://www.w3.org/1999/xhtml" xml:lang="en" lang="en">
 <head>
  <title>
</title>
<meta http-equiv="Content-Type" content="text/html;charset=utf-8" />
  <meta name='ocr-system' content='tesseract 3.04.00' />
  <meta name='ocr-capabilities' content='ocr_page ocr_carea ocr_par ocr_line ocrx_word'/>
</head>
<body>
  <div class='ocr_page' id='page_1' title='image "./pvirgiliusmaroq00barbgoog_0435.png"; bbox 0 0 2690 4594; ppageno 0'>
   <div class='ocr_carea' id='block_1_1' title="bbox 323 279 1111 375">
    <p class='ocr_par' dir='ltr' id='par_1_1' title="bbox 323 279 1111 375">
     <span class='ocr_line' id='line_1_1' title="bbox 323 279 1111 375; baseline -0.029 1"><span class='ocrx_word' id='word_1_1' title='bbox 323 303 556 375; x_wconf 85' lang='lat' dir='ltr'>AENEIDOS</span> <span class='ocrx_word' id='word_1_2' title='bbox 578 299 734 366; x_wconf 87' lang='lat' dir='ltr'>LIBER</span> <span class='ocrx_word' id='word_1_3' title='bbox 758 298 829 362; x_wconf 94' lang='lat' dir='ltr'><strong>lll.</strong></span> <span class='ocrx_word' id='word_1_4' title='bbox 880 347 881 352; x_wconf 61' lang='grc'>,</span> <span class='ocrx_word' id='word_1_5' title='bbox 1032 279 1111 370; x_wconf 70' lang='grc'><strong>’423</strong></span> 
     </span>
    </p>
   </div>
   <div class='ocr_carea' id='block_1_2' title="bbox 57 424 1106 1064">
    <p class='ocr_par' dir='ltr' id='par_1_2' title="bbox 57 423 837 535">
     <span class='ocr_line' id='line_1_2' title="bbox 57 424 837 535; baseline -0.032 -24"><span class='ocrx_word' id='word_1_6' title='bbox 57 443 150 535; x_wconf 82' lang='lat' dir='ltr'><strong>lpse3</strong></span> <span class='ocrx_word' id='word_1_7' title='bbox 163 438 222 507; x_wconf 90' lang='lat' dir='ltr'><strong>sed</strong></span> <span class='ocrx_word' id='word_1_8' title='bbox 234 436 396 503; x_wconf 87' lang='lat' dir='ltr'><strong>horrificis</strong></span> <span class='ocrx_word' id='word_1_9' title='bbox 404 435 496 524; x_wconf 85' lang='lat' dir='ltr'><strong>juxta</strong></span> <span class='ocrx_word' id='word_1_10' title='bbox 508 445 600 494; x_wconf 91' lang='lat' dir='ltr'><strong>tonat</strong></span> <span class='ocrx_word' id='word_1_11' title='bbox 612 431 706 492; x_wconf 88' lang='lat' dir='ltr'><strong>AEtna</strong></span> <span class='ocrx_word' id='word_1_12' title='bbox 718 424 837 500; x_wconf 90' lang='lat' dir='ltr'><strong>ruinis,</strong></span> 
     </span>
    </p>

    <p class='ocr_par' dir='ltr' id='par_1_3' title="bbox 58 526 950 734">
     <span class='ocr_line' id='line_1_3' title="bbox 59 526 950 635; baseline -0.035 -17"><span class='ocrx_word' id='word_1_13' title='bbox 59 550 301 635; x_wconf 81' lang='lat' dir='ltr'><strong>Interdumque</strong></span> <span class='ocrx_word' id='word_1_14' title='bbox 312 559 415 608; x_wconf 85' lang='lat' dir='ltr'><strong>atram</strong></span> <span class='ocrx_word' id='word_1_15' title='bbox 426 537 612 629; x_wconf 82' lang='lat' dir='ltr'><strong>prorumpit</strong></span> <span class='ocrx_word' id='word_1_16' title='bbox 625 532 666 598; x_wconf 88' lang='lat' dir='ltr'><strong>ad</strong></span> <span class='ocrx_word' id='word_1_17' title='bbox 680 532 800 596; x_wconf 87' lang='lat' dir='ltr'><strong>aethera</strong></span> <span class='ocrx_word' id='word_1_18' title='bbox 813 526 950 603; x_wconf 85' lang='lat' dir='ltr'><strong>nubem,</strong></span> 
     </span>
     <span class='ocr_line' id='line_1_4' title="bbox 58 633 868 734; baseline -0.036 -10"><span class='ocrx_word' id='word_1_19' title='bbox 58 657 210 724; x_wconf 87' lang='lat' dir='ltr'>Turbine</span> <span class='ocrx_word' id='word_1_20' title='bbox 222 653 405 716; x_wconf 85' lang='lat' dir='ltr'><strong>fumantem</strong></span> <span class='ocrx_word' id='word_1_21' title='bbox 417 646 512 734; x_wconf 90' lang='lat' dir='ltr'><strong>piceo</strong></span> <span class='ocrx_word' id='word_1_22' title='bbox 525 660 559 707; x_wconf 91' lang='lat' dir='ltr'><strong>et</strong></span> <span class='ocrx_word' id='word_1_23' title='bbox 570 638 731 706; x_wconf 88' lang='lat' dir='ltr'><strong>candente</strong></span> <span class='ocrx_word' id='word_1_24' title='bbox 744 633 868 713; x_wconf 79' lang='lat' dir='ltr'><strong>favilla3</strong></span> 
     </span>
    </p>

    <p class='ocr_par' dir='ltr' id='par_1_4' title="bbox 60 737 1106 1064">
     <span class='ocr_line' id='line_1_5' title="bbox 60 737 938 849; baseline -0.034 -20"><span class='ocrx_word' id='word_1_25' title='bbox 60 761 265 849; x_wconf 90' lang='lat' dir='ltr'><strong>Adtollitque</strong></span> <span class='ocrx_word' id='word_1_26' title='bbox 279 755 395 844; x_wconf 79' lang='lat' dir='ltr'>globos</span> <span class='ocrx_word' id='word_1_27' title='bbox 407 750 630 826; x_wconf 80' lang='lat' dir='ltr'><strong>flammarum,</strong></span> <span class='ocrx_word' id='word_1_28' title='bbox 645 761 678 810; x_wconf 92' lang='lat' dir='ltr'><strong>et</strong></span> <span class='ocrx_word' id='word_1_29' title='bbox 690 741 797 808; x_wconf 88' lang='lat' dir='ltr'><strong>sidera</strong></span> <span class='ocrx_word' id='word_1_30' title='bbox 808 737 938 803; x_wconf 84' lang='lat' dir='ltr'><strong>lambit:</strong></span> 
     </span>
     <span class='ocr_line' id='line_1_6' title="bbox 60 849 1106 952; baseline -0.036 -16"><span class='ocrx_word' id='word_1_31' title='bbox 60 866 235 936; x_wconf 89' lang='lat' dir='ltr'><strong>Interdum</strong></span> <span class='ocrx_word' id='word_1_32' title='bbox 248 862 401 952; x_wconf 88' lang='lat' dir='ltr'><strong>scopulos</strong></span> <span class='ocrx_word' id='word_1_33' title='bbox 414 859 590 946; x_wconf 82' lang='lat' dir='ltr'><strong>avolsaque</strong></span> <span class='ocrx_word' id='word_1_34' title='bbox 602 856 727 919; x_wconf 85' lang='lat' dir='ltr'><strong>viscera</strong></span> <span class='ocrx_word' id='word_1_35' title='bbox 742 849 863 915; x_wconf 88' lang='lat' dir='ltr'><strong>montis</strong></span> <span class='ocrx_word' id='word_1_36' title='bbox 1063 853 1106 916; x_wconf 83' lang='lat'><strong>575</strong></span> 
     </span>
     <span class='ocr_line' id='line_1_7' title="bbox 61 957 873 1064; baseline -0.031 -23"><span class='ocrx_word' id='word_1_37' title='bbox 61 975 167 1064; x_wconf 81' lang='lat' dir='ltr'><strong>Erigit</strong></span> <span class='ocrx_word' id='word_1_38' title='bbox 181 987 346 1047; x_wconf 86' lang='lat' dir='ltr'><strong>eructans,</strong></span> <span class='ocrx_word' id='word_1_39' title='bbox 358 965 603 1056; x_wconf 81' lang='lat' dir='ltr'><strong>liquefactaque</strong></span> <span class='ocrx_word' id='word_1_40' title='bbox 616 981 690 1025; x_wconf 86' lang='lat' dir='ltr'><strong>saxa</strong></span> <span class='ocrx_word' id='word_1_41' title='bbox 703 957 765 1022; x_wconf 89' lang='lat' dir='ltr'><strong>sub</strong></span> <span class='ocrx_word' id='word_1_42' title='bbox 778 974 873 1020; x_wconf 85' lang='lat' dir='ltr'><strong>auras</strong></span> 
     </span>
    </p>
   </div>
   <div class='ocr_carea' id='block_1_3' title="bbox 60 1134 1198 1432">
    <p class='ocr_par' dir='ltr' id='par_1_5' title="bbox 60 1134 1198 1432">
     <span class='ocr_line' id='line_1_8' title="bbox 61 1134 1110 1221; baseline -0.031 -10"><span class='ocrx_word' id='word_1_43' title='bbox 61 1165 154 1219; x_wconf 64' lang='lat' dir='ltr'><strong>Graes,</strong></span> <span class='ocrx_word' id='word_1_44' title='bbox 169 1158 211 1208; x_wconf 86' lang='lat' dir='ltr'><strong>sed</strong></span> <span class='ocrx_word' id='word_1_45' title='bbox 221 1158 362 1221; x_wconf 87' lang='lat' dir='ltr'><strong>adscriptum</strong></span> <span class='ocrx_word' id='word_1_46' title='bbox 373 1166 464 1201; x_wconf 84' lang='lat' dir='ltr'><strong>accessu</strong></span> <span class='ocrx_word' id='word_1_47' title='bbox 475 1179 507 1190; x_wconf 94' lang='lat'>-</span> <span class='ocrx_word' id='word_1_48' title='bbox 515 1159 589 1197; x_wconf 85' lang='lat' dir='ltr'><strong>motus</strong></span> <span class='ocrx_word' id='word_1_49' title='bbox 600 1147 694 1195; x_wconf 87' lang='lat' dir='ltr'><strong>Vratisl.</strong></span> <span class='ocrx_word' id='word_1_50' title='bbox 704 1170 736 1182; x_wconf 88' lang='lat'><strong>--</strong></span> <span class='ocrx_word' id='word_1_51' title='bbox 748 1147 800 1208; x_wconf 83' lang='lat'>⁵7¹·</span> <span class='ocrx_word' id='word_1_52' title='bbox 812 1145 863 1206; x_wconf 84' lang='lat' dir='ltr'><strong>Ipse</strong></span> <span class='ocrx_word' id='word_1_53' title='bbox 872 1139 961 1186; x_wconf 85' lang='lat' dir='ltr'><strong>Pierius</strong></span> <span class='ocrx_word' id='word_1_54' title='bbox 973 1148 996 1183; x_wconf 89' lang='lat' dir='ltr'><strong>et</strong></span> <span class='ocrx_word' id='word_1_55' title='bbox 1006 1134 1043 1182; x_wconf 89' lang='lat' dir='ltr'><strong>alii</strong></span> <span class='ocrx_word' id='word_1_56' title='bbox 1057 1147 1110 1179; x_wconf 88' lang='lat' dir='ltr'><strong>curn</strong></span> 
     </span>
     <span class='ocr_line' id='line_1_9' title="bbox 60 1204 1198 1296; baseline -0.033 -16"><span class='ocrx_word' id='word_1_57' title='bbox 60 1235 134 1281; x_wconf 80' lang='lat' dir='ltr'><strong>AEtsa</strong></span> <span class='ocrx_word' id='word_1_58' title='bbox 143 1235 253 1296; x_wconf 71' lang='lat' dir='ltr'><strong>jungunt.</strong></span> <span class='ocrx_word' id='word_1_59' title='bbox 266 1247 287 1276; x_wconf 83' lang='lat' dir='ltr'><strong>v.</strong></span> <span class='ocrx_word' id='word_1_60' title='bbox 298 1231 377 1273; x_wconf 78' lang='lat' dir='ltr'><strong>burm.</strong></span> <span class='ocrx_word' id='word_1_61' title='bbox 390 1229 438 1288; x_wconf 84' lang='lat' dir='ltr'><strong>ipsa</strong></span> <span class='ocrx_word' id='word_1_62' title='bbox 447 1223 493 1268; x_wconf 81' lang='lat' dir='ltr'><strong>Eri.</strong></span> <span class='ocrx_word' id='word_1_63' title='bbox 509 1222 562 1276; x_wconf 90' lang='lat' dir='ltr'><strong>sed,</strong></span> <span class='ocrx_word' id='word_1_64' title='bbox 574 1221 626 1283; x_wconf 86' lang='lat' dir='ltr'><strong>Ipse</strong></span> <span class='ocrx_word' id='word_1_65' title='bbox 633 1226 720 1281; x_wconf 84' lang='lat' dir='ltr'><strong>portus.</strong></span> <span class='ocrx_word' id='word_1_66' title='bbox 732 1214 773 1260; x_wconf 83' lang='lat' dir='ltr'><strong>sub</strong></span> <span class='ocrx_word' id='word_1_67' title='bbox 784 1211 931 1274; x_wconf 66' lang='lat' dir='ltr'><strong>borrficis-</strong></span> <span class='ocrx_word' id='word_1_68' title='bbox 942 1208 1012 1252; x_wconf 84' lang='lat' dir='ltr'><strong>ruinis</strong></span> <span class='ocrx_word' id='word_1_69' title='bbox 1022 1204 1112 1265; x_wconf 82' lang='lat' dir='ltr'><strong>aliquot</strong></span> <span class='ocrx_word' id='word_1_70' title='bbox 1196 1233 1198 1240; x_wconf 71' lang='grc'>,</span> 
     </span>
     <span class='ocr_line' id='line_1_10' title="bbox 61 1271 1111 1366; baseline -0.031 -17"><span class='ocrx_word' id='word_1_71' title='bbox 61 1303 128 1366; x_wconf 90' lang='lat' dir='ltr'><strong>apud</strong></span> <span class='ocrx_word' id='word_1_72' title='bbox 139 1304 214 1358; x_wconf 73' lang='lat' dir='ltr'><strong>Pien,</strong></span> <span class='ocrx_word' id='word_1_73' title='bbox 226 1297 268 1346; x_wconf 89' lang='lat' dir='ltr'><strong>sed</strong></span> <span class='ocrx_word' id='word_1_74' title='bbox 276 1298 301 1346; x_wconf 92' lang='lat' dir='ltr'><strong>id</strong></span> <span class='ocrx_word' id='word_1_75' title='bbox 311 1308 371 1344; x_wconf 87' lang='lat' dir='ltr'><strong>esset</strong></span> <span class='ocrx_word' id='word_1_76' title='bbox 381 1294 513 1357; x_wconf 76' lang='lat' dir='ltr'><strong>vulgarius3</strong></span> <span class='ocrx_word' id='word_1_77' title='bbox 526 1300 588 1338; x_wconf 69' lang='lat' dir='ltr'><strong>tonsu</strong></span> <span class='ocrx_word' id='word_1_78' title='bbox 598 1289 718 1342; x_wconf 86' lang='lat' dir='ltr'><strong>meliores,</strong></span> <span class='ocrx_word' id='word_1_79' title='bbox 730 1287 801 1332; x_wconf 82' lang='lat' dir='ltr'><strong>utris</strong></span> <span class='ocrx_word' id='word_1_80' title='bbox 812 1283 903 1345; x_wconf 83' lang='lat' dir='ltr'><strong>poetica</strong></span> <span class='ocrx_word' id='word_1_81' title='bbox 916 1275 1026 1340; x_wconf 89' lang='lat' dir='ltr'><strong>postulat.</strong></span> <span class='ocrx_word' id='word_1_82' title='bbox 1041 1271 1111 1319; x_wconf 88' lang='lat' dir='ltr'><strong>Multi</strong></span> 
     </span>
     <span class='ocr_line' id='line_1_11' title="bbox 62 1343 1113 1432; baseline -0.033 -12"><span class='ocrx_word' id='word_1_83' title='bbox 62 1381 143 1428; x_wconf 83' lang='lat' dir='ltr'><strong>sonas,</strong></span> <span class='ocrx_word' id='word_1_84' title='bbox 152 1383 179 1417; x_wconf 91' lang='lat' dir='ltr'><strong>ut</strong></span> <span class='ocrx_word' id='word_1_85' title='bbox 187 1383 278 1432; x_wconf 79' lang='lat' dir='ltr'>semper</span> <span class='ocrx_word' id='word_1_86' title='bbox 289 1370 386 1415; x_wconf 75' lang='lat' dir='ltr'><strong>variant.</strong></span> <span class='ocrx_word' id='word_1_87' title='bbox 396 1389 427 1402; x_wconf 82' lang='lat'><strong>--</strong></span> <span class='ocrx_word' id='word_1_88' title='bbox 437 1364 489 1426; x_wconf 79' lang='lat'>57².</span> <span class='ocrx_word' id='word_1_89' title='bbox 501 1363 634 1425; x_wconf 72' lang='lat' dir='ltr'><strong>praerumpit</strong></span> <span class='ocrx_word' id='word_1_90' title='bbox 643 1355 741 1404; x_wconf 85' lang='lat' dir='ltr'><strong>Dorvill.</strong></span> <span class='ocrx_word' id='word_1_91' title='bbox 754 1353 785 1400; x_wconf 83' lang='lat' dir='ltr'><strong>ad</strong></span> <span class='ocrx_word' id='word_1_92' title='bbox 795 1353 860 1399; x_wconf 87' lang='lat' dir='ltr'><strong>abest</strong></span> <span class='ocrx_word' id='word_1_93' title='bbox 871 1367 883 1395; x_wconf 88' lang='lat' dir='ltr'><strong>a</strong></span> <span class='ocrx_word' id='word_1_94' title='bbox 897 1348 957 1393; x_wconf 88' lang='lat' dir='ltr'><strong>Gud.</strong></span> <span class='ocrx_word' id='word_1_95' title='bbox 967 1372 998 1382; x_wconf 84' lang='lat'><strong>—-</strong></span> <span class='ocrx_word' id='word_1_96' title='bbox 1009 1343 1060 1406; x_wconf 86' lang='lat'>573.</span> <span class='ocrx_word' id='word_1_97' title='bbox 1072 1357 1113 1387; x_wconf 84' lang='lat' dir='ltr'><strong>ca·</strong></span> 
     </span>
    </p>
   </div>
   <div class='ocr_carea' id='block_1_4' title="bbox 63 1413 1114 1503">
    <p class='ocr_par' dir='ltr' id='par_1_6' title="bbox 63 1413 1114 1503">
     <span class='ocr_line' id='line_1_12' title="bbox 63 1413 1114 1503; baseline -0.031 -13"><span class='ocrx_word' id='word_1_98' title='bbox 63 1451 132 1489; x_wconf 71' lang='lat' dir='ltr'><strong>mute</strong></span> <span class='ocrx_word' id='word_1_99' title='bbox 142 1456 155 1486; x_wconf 91' lang='lat' dir='ltr'><strong>a</strong></span> <span class='ocrx_word' id='word_1_100' title='bbox 165 1457 195 1486; x_wconf 88' lang='lat' dir='ltr'><strong>ro.</strong></span> <span class='ocrx_word' id='word_1_101' title='bbox 207 1457 243 1503; x_wconf 87' lang='lat' dir='ltr'><strong>pr.</strong></span> <span class='ocrx_word' id='word_1_102' title='bbox 253 1438 362 1486; x_wconf 84' lang='lat' dir='ltr'><strong>Leidens.</strong></span> <span class='ocrx_word' id='word_1_103' title='bbox 373 1434 471 1481; x_wconf 72' lang='grc' dir='ltr'><strong>οανιάονε</strong></span> <span class='ocrx_word' id='word_1_104' title='bbox 483 1435 550 1478; x_wconf 88' lang='lat' dir='ltr'><strong>Voss.</strong></span> <span class='ocrx_word' id='word_1_105' title='bbox 559 1456 591 1467; x_wconf 89' lang='lat'>—</span> <span class='ocrx_word' id='word_1_106' title='bbox 601 1427 653 1492; x_wconf 66' lang='lat'>574.</span> <span class='ocrx_word' id='word_1_107' title='bbox 665 1429 783 1472; x_wconf 83' lang='lat' dir='ltr'><strong>Haeserant</strong></span> <span class='ocrx_word' id='word_1_108' title='bbox 792 1423 871 1468; x_wconf 89' lang='lat' dir='ltr'><strong>Critici</strong></span> <span class='ocrx_word' id='word_1_109' title='bbox 882 1421 929 1480; x_wconf 86' lang='lat' dir='ltr'><strong>jam</strong></span> <span class='ocrx_word' id='word_1_110' title='bbox 939 1415 1003 1483; x_wconf 89' lang='lat' dir='ltr'><strong>apud</strong></span> <span class='ocrx_word' id='word_1_111' title='bbox 1012 1413 1114 1482; x_wconf 76' lang='lat' dir='ltr'><strong>Gelliuin</strong></span> 
     </span>
    </p>
   </div>
   <div class='ocr_carea' id='block_1_5' title="bbox 64 1487 1209 1575">
    <p class='ocr_par' dir='ltr' id='par_1_7' title="bbox 64 1487 1209 1575">
     <span class='ocr_line' id='line_1_13' title="bbox 64 1487 1209 1575; baseline -0.031 -15"><span class='ocrx_word' id='word_1_112' title='bbox 64 1519 102 1575; x_wconf 82' lang='lat' dir='ltr'><strong>(v.</strong></span> <span class='ocrx_word' id='word_1_113' title='bbox 115 1514 169 1558; x_wconf 83' lang='lat' dir='ltr'><strong>Ere.</strong></span> <span class='ocrx_word' id='word_1_114' title='bbox 181 1513 236 1572; x_wconf 89' lang='lat' dir='ltr'><strong>XV)</strong></span> <span class='ocrx_word' id='word_1_115' title='bbox 248 1514 272 1557; x_wconf 91' lang='lat' dir='ltr'><strong>in</strong></span> <span class='ocrx_word' id='word_1_116' title='bbox 282 1511 340 1565; x_wconf 91' lang='lat' dir='ltr'><strong>hoc,</strong></span> <span class='ocrx_word' id='word_1_117' title='bbox 353 1505 419 1570; x_wconf 91' lang='lat' dir='ltr'><strong>quod</strong></span> <span class='ocrx_word' id='word_1_118' title='bbox 437 1516 506 1567; x_wconf 89' lang='lat' dir='ltr'><strong>poeta</strong></span> <span class='ocrx_word' id='word_1_119' title='bbox 522 1519 571 1548; x_wconf 92' lang='lat' dir='ltr'><strong>uno</strong></span> <span class='ocrx_word' id='word_1_120' title='bbox 583 1515 688 1562; x_wconf 87' lang='lat' dir='ltr'><strong>tempore</strong></span> <span class='ocrx_word' id='word_1_121' title='bbox 698 1498 788 1544; x_wconf 85' lang='lat' dir='ltr'><strong>fumum</strong></span> <span class='ocrx_word' id='word_1_122' title='bbox 799 1505 821 1539; x_wconf 88' lang='lat' dir='ltr'><strong>et</strong></span> <span class='ocrx_word' id='word_1_123' title='bbox 833 1491 935 1538; x_wconf 85' lang='lat' dir='ltr'><strong>flammas</strong></span> <span class='ocrx_word' id='word_1_124' title='bbox 945 1491 1019 1534; x_wconf 81' lang='lat' dir='ltr'><strong>emitti</strong></span> <span class='ocrx_word' id='word_1_125' title='bbox 1031 1487 1114 1540; x_wconf 87' lang='lat' dir='ltr'><strong>faciat,</strong></span> <span class='ocrx_word' id='word_1_126' title='bbox 1203 1541 1209 1556; x_wconf 23' lang='lat' dir='ltr'>x</span> 
     </span>
    </p>
   </div>
   <div class='ocr_carea' id='block_1_6' title="bbox 13 1559 1124 2061">
    <p class='ocr_par' dir='ltr' id='par_1_8' title="bbox 13 1559 1124 2061">
     <span class='ocr_line' id='line_1_14' title="bbox 65 1559 1124 1644; baseline -0.03 -14"><span class='ocrx_word' id='word_1_127' title='bbox 65 1599 122 1632; x_wconf 89' lang='lat' dir='ltr'><strong>cum</strong></span> <span class='ocrx_word' id='word_1_128' title='bbox 143 1594 235 1638; x_wconf 88' lang='lat' dir='ltr'><strong>tamen,</strong></span> <span class='ocrx_word' id='word_1_129' title='bbox 254 1580 318 1644; x_wconf 91' lang='lat' dir='ltr'><strong>quod</strong></span> <span class='ocrx_word' id='word_1_130' title='bbox 336 1575 451 1624; x_wconf 75' lang='lat' dir='ltr'><strong>Pindarus</strong></span> <span class='ocrx_word' id='word_1_131' title='bbox 469 1575 530 1620; x_wconf 88' lang='lat' dir='ltr'><strong>bene</strong></span> <span class='ocrx_word' id='word_1_132' title='bbox 550 1571 722 1624; x_wconf 81' lang='lat' dir='ltr'><strong>observaverit,</strong></span> <span class='ocrx_word' id='word_1_133' title='bbox 743 1564 839 1610; x_wconf 74' lang='lat' dir='ltr'><strong>interdiu</strong></span> <span class='ocrx_word' id='word_1_134' title='bbox 852 1559 929 1622; x_wconf 83' lang='lat' dir='ltr'><strong>furnet</strong></span> <span class='ocrx_word' id='word_1_135' title='bbox 946 1559 1030 1612; x_wconf 83' lang='lat' dir='ltr'><strong>AEtnu,</strong></span> <span class='ocrx_word' id='word_1_136' title='bbox 1048 1563 1124 1607; x_wconf 52' lang='lat' dir='ltr'><strong>noctu,</strong></span> 
     </span>
     <span class='ocr_line' id='line_1_15' title="bbox 13 1629 1116 1718; baseline -0.034 -14"><span class='ocrx_word' id='word_1_137' title='bbox 13 1695 19 1708; x_wconf 81' lang='grc'>.</span> <span class='ocrx_word' id='word_1_138' title='bbox 59 1655 196 1718; x_wconf 77' lang='lat' dir='ltr'><strong>flammiqet.</strong></span> <span class='ocrx_word' id='word_1_139' title='bbox 205 1652 261 1706; x_wconf 88' lang='lat' dir='ltr'><strong>Cui,</strong></span> <span class='ocrx_word' id='word_1_140' title='bbox 271 1653 290 1696; x_wconf 89' lang='lat' dir='ltr'><strong>si</strong></span> <span class='ocrx_word' id='word_1_141' title='bbox 301 1660 372 1713; x_wconf 87' lang='lat' dir='ltr'><strong>poeta</strong></span> <span class='ocrx_word' id='word_1_142' title='bbox 383 1647 408 1692; x_wconf 93' lang='lat' dir='ltr'><strong>id</strong></span> <span class='ocrx_word' id='word_1_143' title='bbox 419 1646 503 1692; x_wconf 80' lang='lat' dir='ltr'><strong>vitiose</strong></span> <span class='ocrx_word' id='word_1_144' title='bbox 514 1658 527 1688; x_wconf 91' lang='lat' dir='ltr'><strong>a</strong></span> <span class='ocrx_word' id='word_1_145' title='bbox 539 1658 563 1688; x_wconf 90' lang='lat' dir='ltr'><strong>se</strong></span> <span class='ocrx_word' id='word_1_146' title='bbox 575 1642 632 1704; x_wconf 89' lang='lat' dir='ltr'><strong>poni</strong></span> <span class='ocrx_word' id='word_1_147' title='bbox 644 1647 758 1701; x_wconf 85' lang='lat' dir='ltr'><strong>putasset,</strong></span> <span class='ocrx_word' id='word_1_148' title='bbox 776 1631 844 1679; x_wconf 83' lang='lat' dir='ltr'><strong>facile</strong></span> <span class='ocrx_word' id='word_1_149' title='bbox 856 1629 969 1692; x_wconf 87' lang='lat' dir='ltr'><strong>potuisset</strong></span> <span class='ocrx_word' id='word_1_150' title='bbox 976 1639 1116 1684; x_wconf 77' lang='lat' dir='ltr'><strong>occurrere,</strong></span> 
     </span>
     <span class='ocr_line' id='line_1_16' title="bbox 65 1693 1117 1785; baseline -0.033 -12"><span class='ocrx_word' id='word_1_151' title='bbox 65 1724 193 1774; x_wconf 88' lang='lat' dir='ltr'><strong>scribendo</strong></span> <span class='ocrx_word' id='word_1_152' title='bbox 203 1739 209 1769; x_wconf 81' lang='lat' dir='ltr'>z</span> <span class='ocrx_word' id='word_1_153' title='bbox 219 1720 336 1769; x_wconf 81' lang='lat' dir='ltr'><strong>Attollituc</strong></span> <span class='ocrx_word' id='word_1_154' title='bbox 346 1717 430 1785; x_wconf 78' lang='lat' dir='ltr'><strong>qlobos.</strong></span> <span class='ocrx_word' id='word_1_155' title='bbox 440 1713 564 1762; x_wconf 81' lang='lat' dir='ltr'><strong>Enimvero</strong></span> <span class='ocrx_word' id='word_1_156' title='bbox 573 1715 592 1759; x_wconf 91' lang='lat' dir='ltr'><strong>si</strong></span> <span class='ocrx_word' id='word_1_157' title='bbox 601 1722 670 1774; x_wconf 89' lang='lat' dir='ltr'><strong>poeta</strong></span> <span class='ocrx_word' id='word_1_158' title='bbox 683 1721 729 1754; x_wconf 88' lang='lat' dir='ltr'><strong>tam</strong></span> <span class='ocrx_word' id='word_1_159' title='bbox 739 1702 854 1770; x_wconf 81' lang='lat' dir='ltr'><strong>subtiliter</strong></span> <span class='ocrx_word' id='word_1_160' title='bbox 864 1715 912 1746; x_wconf 88' lang='lat' dir='ltr'><strong>rem</strong></span> <span class='ocrx_word' id='word_1_161' title='bbox 922 1708 1019 1768; x_wconf 72' lang='lat' dir='ltr'><strong>tractare</strong></span> <span class='ocrx_word' id='word_1_162' title='bbox 1029 1693 1117 1742; x_wconf 89' lang='lat' dir='ltr'><strong>voluis-</strong></span> 
     </span>
     <span class='ocr_line' id='line_1_17' title="bbox 66 1771 1116 1853; baseline -0.034 -10"><span class='ocrx_word' id='word_1_163' title='bbox 66 1807 116 1851; x_wconf 87' lang='lat' dir='ltr'><strong>set,</strong></span> <span class='ocrx_word' id='word_1_164' title='bbox 128 1809 182 1839; x_wconf 85' lang='lat' dir='ltr'><strong>curn</strong></span> <span class='ocrx_word' id='word_1_165' title='bbox 193 1806 265 1838; x_wconf 89' lang='lat' dir='ltr'><strong>noctu</strong></span> <span class='ocrx_word' id='word_1_166' title='bbox 278 1793 378 1853; x_wconf 83' lang='lat' dir='ltr'><strong>Trojaua</strong></span> <span class='ocrx_word' id='word_1_167' title='bbox 392 1787 470 1834; x_wconf 87' lang='lat' dir='ltr'><strong>classis</strong></span> <span class='ocrx_word' id='word_1_168' title='bbox 485 1783 614 1848; x_wconf 84' lang='lat' dir='ltr'><strong>appulerit,</strong></span> <span class='ocrx_word' id='word_1_169' title='bbox 628 1779 689 1826; x_wconf 90' lang='lat' dir='ltr'><strong>nibil</strong></span> <span class='ocrx_word' id='word_1_170' title='bbox 703 1776 767 1822; x_wconf 89' lang='lat' dir='ltr'><strong>aliud</strong></span> <span class='ocrx_word' id='word_1_171' title='bbox 781 1787 851 1837; x_wconf 90' lang='lat' dir='ltr'><strong>quam</strong></span> <span class='ocrx_word' id='word_1_172' title='bbox 859 1771 977 1832; x_wconf 79' lang='lat' dir='ltr'><strong>flammam</strong></span> <span class='ocrx_word' id='word_1_173' title='bbox 988 1779 1116 1812; x_wconf 86' lang='lat' dir='ltr'><strong>memorare</strong></span> 
     </span>
     <span class='ocr_line' id='line_1_18' title="bbox 66 1833 1119 1911; baseline -0.034 1"><span class='ocrx_word' id='word_1_174' title='bbox 66 1865 191 1911; x_wconf 84' lang='lat' dir='ltr'><strong>debuerat.</strong></span> <span class='ocrx_word' id='word_1_175' title='bbox 202 1863 247 1908; x_wconf 87' lang='lat' dir='ltr'><strong>Sed</strong></span> <span class='ocrx_word' id='word_1_176' title='bbox 256 1858 384 1907; x_wconf 82' lang='lat' dir='ltr'><strong>intervalla</strong></span> <span class='ocrx_word' id='word_1_177' title='bbox 393 1857 465 1903; x_wconf 85' lang='lat' dir='ltr'><strong>habet</strong></span> <span class='ocrx_word' id='word_1_178' title='bbox 474 1856 598 1901; x_wconf 87' lang='lat' dir='ltr'><strong>intestinus</strong></span> <span class='ocrx_word' id='word_1_179' title='bbox 613 1854 699 1896; x_wconf 81' lang='lat' dir='ltr'><strong>AEtneae</strong></span> <span class='ocrx_word' id='word_1_180' title='bbox 711 1847 777 1893; x_wconf 89' lang='lat' dir='ltr'><strong>labor</strong></span> <span class='ocrx_word' id='word_1_181' title='bbox 785 1859 834 1890; x_wconf 91' lang='lat' dir='ltr'><strong>uon</strong></span> <span class='ocrx_word' id='word_1_182' title='bbox 843 1840 913 1887; x_wconf 87' lang='lat' dir='ltr'><strong>modo</strong></span> <span class='ocrx_word' id='word_1_183' title='bbox 927 1839 1014 1900; x_wconf 77' lang='lat' dir='ltr'><strong>majora</strong></span> <span class='ocrx_word' id='word_1_184' title='bbox 1025 1833 1065 1880; x_wconf 89' lang='lat' dir='ltr'><strong>illa</strong></span> <span class='ocrx_word' id='word_1_185' title='bbox 1078 1848 1119 1878; x_wconf 84' lang='lat' dir='ltr'><strong>er·</strong></span> 
     </span>
     <span class='ocr_line' id='line_1_19' title="bbox 67 1908 1119 1983; baseline -0.034 -2"><span class='ocrx_word' id='word_1_186' title='bbox 67 1936 140 1981; x_wconf 85' lang='lat' dir='ltr'><strong>tremi</strong></span> <span class='ocrx_word' id='word_1_187' title='bbox 151 1933 237 1978; x_wconf 79' lang='lat' dir='ltr'><strong>furoris</strong></span> <span class='ocrx_word' id='word_1_188' title='bbox 247 1943 270 1978; x_wconf 88' lang='lat' dir='ltr'><strong>et</strong></span> <span class='ocrx_word' id='word_1_189' title='bbox 278 1930 433 1983; x_wconf 69' lang='lat' dir='ltr'><strong>remissionis3</strong></span> <span class='ocrx_word' id='word_1_190' title='bbox 442 1926 496 1973; x_wconf 89' lang='lat' dir='ltr'><strong>vide</strong></span> <span class='ocrx_word' id='word_1_191' title='bbox 506 1942 528 1972; x_wconf 87' lang='lat' dir='ltr'><strong>v.</strong></span> <span class='ocrx_word' id='word_1_192' title='bbox 539 1940 560 1970; x_wconf 85' lang='lat' dir='ltr'><strong>c.</strong></span> <span class='ocrx_word' id='word_1_193' title='bbox 575 1921 650 1968; x_wconf 88' lang='lat' dir='ltr'><strong>Strab.</strong></span> <span class='ocrx_word' id='word_1_194' title='bbox 660 1921 706 1974; x_wconf 88' lang='lat' dir='ltr'><strong>Vl,</strong></span> <span class='ocrx_word' id='word_1_195' title='bbox 717 1934 742 1980; x_wconf 88' lang='lat' dir='ltr'><strong>p.</strong></span> <span class='ocrx_word' id='word_1_196' title='bbox 756 1913 801 1977; x_wconf 67' lang='lat'><strong>274</strong></span> <span class='ocrx_word' id='word_1_197' title='bbox 810 1914 829 1956; x_wconf 84' lang='lat' dir='ltr'>A</span> <span class='ocrx_word' id='word_1_198' title='bbox 837 1912 862 1956; x_wconf 90' lang='lat' dir='ltr'><strong>C.</strong></span> <span class='ocrx_word' id='word_1_199' title='bbox 873 1945 879 1966; x_wconf 92' lang='lat'><strong>,</strong></span> <span class='ocrx_word' id='word_1_200' title='bbox 893 1916 974 1955; x_wconf 68' lang='lat' dir='ltr'><strong>serum</strong></span> <span class='ocrx_word' id='word_1_201' title='bbox 984 1908 1053 1951; x_wconf 86' lang='lat' dir='ltr'><strong>etiam</strong></span> <span class='ocrx_word' id='word_1_202' title='bbox 1065 1917 1119 1948; x_wconf 87' lang='lat' dir='ltr'><strong>cum</strong></span> 
     </span>
     <span class='ocr_line' id='line_1_20' title="bbox 68 1975 1119 2061; baseline -0.036 -7"><span class='ocrx_word' id='word_1_203' title='bbox 68 2004 143 2054; x_wconf 88' lang='lat' dir='ltr'><strong>semel</strong></span> <span class='ocrx_word' id='word_1_204' title='bbox 155 2006 251 2061; x_wconf 79' lang='lat' dir='ltr'><strong>exarsit,</strong></span> <span class='ocrx_word' id='word_1_205' title='bbox 262 2004 353 2048; x_wconf 86' lang='lat' dir='ltr'><strong>minora</strong></span> <span class='ocrx_word' id='word_1_206' title='bbox 362 1999 416 2056; x_wconf 90' lang='lat' dir='ltr'><strong>illa,</strong></span> <span class='ocrx_word' id='word_1_207' title='bbox 428 1993 567 2054; x_wconf 86' lang='lat' dir='ltr'><strong>iumimodo</strong></span> <span class='ocrx_word' id='word_1_208' title='bbox 576 1992 696 2045; x_wconf 82' lang='lat' dir='ltr'><strong>continui,</strong></span> <span class='ocrx_word' id='word_1_209' title='bbox 707 1986 778 2034; x_wconf 89' lang='lat' dir='ltr'><strong>modo</strong></span> <span class='ocrx_word' id='word_1_210' title='bbox 790 1988 851 2030; x_wconf 90' lang='lat' dir='ltr'><strong>inter</strong></span> <span class='ocrx_word' id='word_1_211' title='bbox 859 1982 950 2027; x_wconf 85' lang='lat' dir='ltr'><strong>fumum</strong></span> <span class='ocrx_word' id='word_1_212' title='bbox 959 1975 1119 2028; x_wconf 50' lang='lat' dir='ltr'><strong>flammasin-</strong></span> 
     </span>
    </p>
   </div>
   <div class='ocr_carea' id='block_1_7' title="bbox 69 2050 1205 2714">
    <p class='ocr_par' dir='ltr' id='par_1_9' title="bbox 69 2050 1205 2714">
     <span class='ocr_line' id='line_1_21' title="bbox 69 2050 1205 2134; baseline -0.039 -9"><span class='ocrx_word' id='word_1_213' title='bbox 69 2078 165 2125; x_wconf 86' lang='lat' dir='ltr'><strong>terdum</strong></span> <span class='ocrx_word' id='word_1_214' title='bbox 179 2089 232 2122; x_wconf 86' lang='lat' dir='ltr'><strong>curn</strong></span> <span class='ocrx_word' id='word_1_215' title='bbox 248 2073 339 2119; x_wconf 83' lang='lat' dir='ltr'><strong>flamma</strong></span> <span class='ocrx_word' id='word_1_216' title='bbox 356 2070 450 2134; x_wconf 83' lang='lat' dir='ltr'><strong>expulsa</strong></span> <span class='ocrx_word' id='word_1_217' title='bbox 467 2085 528 2115; x_wconf 83' lang='lat' dir='ltr'><strong>sara.</strong></span> <span class='ocrx_word' id='word_1_218' title='bbox 544 2068 676 2126; x_wconf 85' lang='lat' dir='ltr'><strong>Utrumque</strong></span> <span class='ocrx_word' id='word_1_219' title='bbox 693 2061 759 2121; x_wconf 90' lang='lat' dir='ltr'><strong>sequi</strong></span> <span class='ocrx_word' id='word_1_220' title='bbox 772 2067 842 2119; x_wconf 88' lang='lat' dir='ltr'><strong>poeta</strong></span> <span class='ocrx_word' id='word_1_221' title='bbox 860 2051 951 2115; x_wconf 86' lang='lat' dir='ltr'><strong>potuit;</strong></span> <span class='ocrx_word' id='word_1_222' title='bbox 967 2050 1121 2108; x_wconf 83' lang='lat' dir='ltr'><strong>conjunxerat</strong></span> <span class='ocrx_word' id='word_1_223' title='bbox 1201 2056 1205 2062; x_wconf 92' lang='lat'>·</span> 
     </span>
     <span class='ocr_line' id='line_1_22' title="bbox 70 2112 1121 2208; baseline -0.038 -14"><span class='ocrx_word' id='word_1_224' title='bbox 70 2151 143 2195; x_wconf 87' lang='lat' dir='ltr'><strong>etiam</strong></span> <span class='ocrx_word' id='word_1_225' title='bbox 155 2148 232 2191; x_wconf 88' lang='lat' dir='ltr'><strong>omnia</strong></span> <span class='ocrx_word' id='word_1_226' title='bbox 242 2147 330 2208; x_wconf 88' lang='lat' dir='ltr'><strong>pariter</strong></span> <span class='ocrx_word' id='word_1_227' title='bbox 340 2143 435 2187; x_wconf 87' lang='lat' dir='ltr'><strong>Lucret.</strong></span> <span class='ocrx_word' id='word_1_228' title='bbox 447 2141 490 2195; x_wconf 90' lang='lat' dir='ltr'><strong>Vl,</strong></span> <span class='ocrx_word' id='word_1_229' title='bbox 505 2133 651 2198; x_wconf 84' lang='lat'><strong>690-693,</strong></span> <span class='ocrx_word' id='word_1_230' title='bbox 665 2145 736 2194; x_wconf 86' lang='lat' dir='ltr'><strong>quem</strong></span> <span class='ocrx_word' id='word_1_231' title='bbox 750 2138 803 2172; x_wconf 88' lang='lat' dir='ltr'><strong>aute</strong></span> <span class='ocrx_word' id='word_1_232' title='bbox 817 2121 898 2169; x_wconf 90' lang='lat' dir='ltr'><strong>oculos</strong></span> <span class='ocrx_word' id='word_1_233' title='bbox 909 2119 1017 2165; x_wconf 90' lang='lat' dir='ltr'><strong>habuisse</strong></span> <span class='ocrx_word' id='word_1_234' title='bbox 1027 2112 1121 2160; x_wconf 88' lang='lat' dir='ltr'><strong>videtur</strong></span> 
     </span>
     <span class='ocr_line' id='line_1_23' title="bbox 69 2181 1121 2280; baseline -0.041 -12"><span class='ocrx_word' id='word_1_235' title='bbox 69 2216 192 2280; x_wconf 74' lang='lat' dir='ltr'><strong>Virgilius.</strong></span> <span class='ocrx_word' id='word_1_236' title='bbox 201 2242 233 2252; x_wconf 92' lang='lat'>-</span> <span class='ocrx_word' id='word_1_237' title='bbox 243 2205 295 2278; x_wconf 64' lang='lat'><strong>573.</strong></span> <span class='ocrx_word' id='word_1_238' title='bbox 305 2211 410 2260; x_wconf 83' lang='lat' dir='ltr'><strong>convolsa</strong></span> <span class='ocrx_word' id='word_1_239' title='bbox 422 2212 512 2274; x_wconf 88' lang='lat' dir='ltr'><strong>aliquot</strong></span> <span class='ocrx_word' id='word_1_240' title='bbox 522 2210 582 2255; x_wconf 90' lang='lat' dir='ltr'><strong>Pier.</strong></span> <span class='ocrx_word' id='word_1_241' title='bbox 593 2219 617 2252; x_wconf 88' lang='lat' dir='ltr'><strong>et</strong></span> <span class='ocrx_word' id='word_1_242' title='bbox 625 2203 691 2250; x_wconf 85' lang='lat' dir='ltr'><strong>Leid.</strong></span> <span class='ocrx_word' id='word_1_243' title='bbox 700 2225 732 2236; x_wconf 89' lang='lat'><em>-</em></span> <span class='ocrx_word' id='word_1_244' title='bbox 739 2197 792 2262; x_wconf 82' lang='lat'><strong>576.</strong></span> <span class='ocrx_word' id='word_1_245' title='bbox 802 2196 874 2257; x_wconf 73' lang='lat' dir='ltr'><strong>Eripit</strong></span> <span class='ocrx_word' id='word_1_246' title='bbox 883 2193 962 2236; x_wconf 86' lang='lat' dir='ltr'><strong>Heius.</strong></span> <span class='ocrx_word' id='word_1_247' title='bbox 973 2203 1026 2232; x_wconf 84' lang='lat' dir='ltr'><strong>cunr</strong></span> <span class='ocrx_word' id='word_1_248' title='bbox 1035 2181 1121 2229; x_wconf 89' lang='lat' dir='ltr'><strong>melio-</strong></span> 
     </span>
     <span class='ocr_line' id='line_1_24' title="bbox 69 2253 1122 2346; baseline -0.038 -11"><span class='ocrx_word' id='word_1_249' title='bbox 69 2289 139 2336; x_wconf 84' lang='lat' dir='ltr'><strong>ribus</strong></span> <span class='ocrx_word' id='word_1_250' title='bbox 149 2288 254 2332; x_wconf 86' lang='lat' dir='ltr'><strong>retinuit.</strong></span> <span class='ocrx_word' id='word_1_251' title='bbox 270 2285 386 2346; x_wconf 69' lang='lat' dir='ltr'><strong>siliquis</strong></span> <span class='ocrx_word' id='word_1_252' title='bbox 399 2298 435 2344; x_wconf 92' lang='lat' dir='ltr'><strong>pr.</strong></span> <span class='ocrx_word' id='word_1_253' title='bbox 448 2283 533 2325; x_wconf 78' lang='lat' dir='ltr'><strong>Mores.</strong></span> <span class='ocrx_word' id='word_1_254' title='bbox 547 2276 606 2323; x_wconf 88' lang='lat' dir='ltr'><strong>alter</strong></span> <span class='ocrx_word' id='word_1_255' title='bbox 615 2277 681 2319; x_wconf 88' lang='lat' dir='ltr'><strong>Voss.</strong></span> <span class='ocrx_word' id='word_1_256' title='bbox 695 2283 718 2317; x_wconf 90' lang='lat' dir='ltr'><strong>et</strong></span> <span class='ocrx_word' id='word_1_257' title='bbox 734 2281 787 2315; x_wconf 88' lang='lat' dir='ltr'><strong>tert.</strong></span> <span class='ocrx_word' id='word_1_258' title='bbox 805 2262 915 2310; x_wconf 83' lang='lat' dir='ltr'><strong>Rottend.</strong></span> <span class='ocrx_word' id='word_1_259' title='bbox 932 2274 975 2320; x_wconf 93' lang='lat' dir='ltr'><strong>pro</strong></span> <span class='ocrx_word' id='word_1_260' title='bbox 991 2272 1038 2302; x_wconf 83' lang='lat' dir='ltr'><strong>rar.</strong></span> <span class='ocrx_word' id='word_1_261' title='bbox 1053 2253 1122 2303; x_wconf 78' lang='lat' dir='ltr'><strong>lect..</strong></span> 
     </span>
     <span class='ocr_line' id='line_1_25' title="bbox 69 2323 1122 2414; baseline -0.039 -10"><span class='ocrx_word' id='word_1_262' title='bbox 69 2356 120 2404; x_wconf 82' lang='lat' dir='ltr'><strong>Eri.</strong></span> <span class='ocrx_word' id='word_1_263' title='bbox 131 2367 155 2401; x_wconf 90' lang='lat' dir='ltr'><strong>et</strong></span> <span class='ocrx_word' id='word_1_264' title='bbox 168 2354 233 2400; x_wconf 88' lang='lat' dir='ltr'><strong>malit</strong></span> <span class='ocrx_word' id='word_1_265' title='bbox 243 2355 322 2398; x_wconf 81' lang='lat' dir='ltr'><strong>Burin.</strong></span> <span class='ocrx_word' id='word_1_266' title='bbox 337 2361 434 2414; x_wconf 86' lang='lat' dir='ltr'><strong>propter</strong></span> <span class='ocrx_word' id='word_1_267' title='bbox 445 2343 471 2394; x_wconf 78' lang='lat' dir='ltr'><strong>ri</strong></span> <span class='ocrx_word' id='word_1_268' title='bbox 481 2354 599 2399; x_wconf 80' lang='lat' dir='ltr'><strong>eructans,</strong></span> <span class='ocrx_word' id='word_1_269' title='bbox 610 2355 633 2388; x_wconf 90' lang='lat' dir='ltr'><strong>et</strong></span> <span class='ocrx_word' id='word_1_270' title='bbox 642 2341 741 2387; x_wconf 86' lang='lat' dir='ltr'><strong>adstruit</strong></span> <span class='ocrx_word' id='word_1_271' title='bbox 750 2335 868 2397; x_wconf 84' lang='lat' dir='ltr'><strong>copiosius</strong></span> <span class='ocrx_word' id='word_1_272' title='bbox 878 2332 958 2374; x_wconf 79' lang='lat' dir='ltr'><strong>Burin.</strong></span> <span class='ocrx_word' id='word_1_273' title='bbox 967 2328 1018 2371; x_wconf 86' lang='lat' dir='ltr'><strong>Sec.</strong></span> <span class='ocrx_word' id='word_1_274' title='bbox 1032 2323 1061 2368; x_wconf 89' lang='lat' dir='ltr'><strong>ad</strong></span> <span class='ocrx_word' id='word_1_275' title='bbox 1072 2323 1122 2364; x_wconf 84' lang='lat' dir='ltr'><strong>An-</strong></span> 
     </span>
     <span class='ocr_line' id='line_1_26' title="bbox 71 2389 1124 2486; baseline -0.039 -12"><span class='ocrx_word' id='word_1_276' title='bbox 71 2426 134 2475; x_wconf 85' lang='lat' dir='ltr'><strong>thol.</strong></span> <span class='ocrx_word' id='word_1_277' title='bbox 144 2425 194 2470; x_wconf 82' lang='lat' dir='ltr'><strong>Lat.</strong></span> <span class='ocrx_word' id='word_1_278' title='bbox 208 2440 232 2486; x_wconf 88' lang='lat' dir='ltr'><strong>p.</strong></span> <span class='ocrx_word' id='word_1_279' title='bbox 245 2422 298 2469; x_wconf 83' lang='lat'><strong>350.</strong></span> <span class='ocrx_word' id='word_1_280' title='bbox 311 2422 454 2467; x_wconf 86' lang='lat' dir='ltr'><strong>Permutatio</strong></span> <span class='ocrx_word' id='word_1_281' title='bbox 463 2433 518 2464; x_wconf 88' lang='lat' dir='ltr'><strong>saue</strong></span> <span class='ocrx_word' id='word_1_282' title='bbox 527 2417 650 2476; x_wconf 88' lang='lat' dir='ltr'><strong>utriusque</strong></span> <span class='ocrx_word' id='word_1_283' title='bbox 660 2411 723 2457; x_wconf 84' lang='lat' dir='ltr'><strong>vocis</strong></span> <span class='ocrx_word' id='word_1_284' title='bbox 734 2417 768 2454; x_wconf 88' lang='lat' dir='ltr'><strong>est</strong></span> <span class='ocrx_word' id='word_1_285' title='bbox 779 2405 833 2450; x_wconf 87' lang='lat' dir='ltr'><strong>satis</strong></span> <span class='ocrx_word' id='word_1_286' title='bbox 844 2399 925 2452; x_wconf 85' lang='lat' dir='ltr'><strong>obvia;</strong></span> <span class='ocrx_word' id='word_1_287' title='bbox 934 2414 956 2442; x_wconf 82' lang='lat' dir='ltr'><strong>v.</strong></span> <span class='ocrx_word' id='word_1_288' title='bbox 967 2409 1019 2456; x_wconf 87' lang='lat' dir='ltr'><strong>sup.</strong></span> <span class='ocrx_word' id='word_1_289' title='bbox 1032 2389 1089 2448; x_wconf 73' lang='lat'><strong>423,</strong></span> <span class='ocrx_word' id='word_1_290' title='bbox 1100 2401 1124 2435; x_wconf 91' lang='lat' dir='ltr'><strong>et</strong></span> 
     </span>
     <span class='ocr_line' id='line_1_27' title="bbox 72 2465 1124 2564; baseline -0.04 -18"><span class='ocrx_word' id='word_1_291' title='bbox 72 2512 162 2564; x_wconf 71' lang='lat' dir='ltr'><strong>sperem</strong></span> <span class='ocrx_word' id='word_1_292' title='bbox 171 2512 214 2559; x_wconf 87' lang='lat' dir='ltr'><strong>per</strong></span> <span class='ocrx_word' id='word_1_293' title='bbox 225 2511 249 2542; x_wconf 88' lang='lat' dir='ltr'><strong>se</strong></span> <span class='ocrx_word' id='word_1_294' title='bbox 262 2493 355 2556; x_wconf 71' lang='lat' dir='ltr'><strong>elegans</strong></span> <span class='ocrx_word' id='word_1_295' title='bbox 364 2503 439 2548; x_wconf 88' lang='lat' dir='ltr'><strong>esset;</strong></span> <span class='ocrx_word' id='word_1_296' title='bbox 455 2490 497 2537; x_wconf 87' lang='lat' dir='ltr'><strong>sed</strong></span> <span class='ocrx_word' id='word_1_297' title='bbox 508 2491 590 2552; x_wconf 75' lang='lat' dir='ltr'><strong>en&#39;qere</strong></span> <span class='ocrx_word' id='word_1_298' title='bbox 604 2497 628 2531; x_wconf 88' lang='lat' dir='ltr'><strong>ct</strong></span> <span class='ocrx_word' id='word_1_299' title='bbox 637 2480 773 2545; x_wconf 84' lang='lat' dir='ltr'><strong>exquisitius</strong></span> <span class='ocrx_word' id='word_1_300' title='bbox 782 2491 809 2522; x_wconf 90' lang='lat' dir='ltr'><strong>ac</strong></span> <span class='ocrx_word' id='word_1_301' title='bbox 819 2473 911 2519; x_wconf 89' lang='lat' dir='ltr'><strong>doctius</strong></span> <span class='ocrx_word' id='word_1_302' title='bbox 920 2483 969 2514; x_wconf 87' lang='lat' dir='ltr'><strong>esse</strong></span> <span class='ocrx_word' id='word_1_303' title='bbox 980 2477 1003 2512; x_wconf 87' lang='lat' dir='ltr'><strong>et</strong></span> <span class='ocrx_word' id='word_1_304' title='bbox 1011 2465 1124 2526; x_wconf 86' lang='lat' dir='ltr'><strong>majorem</strong></span> 
     </span>
     <span class='ocr_line' id='line_1_28' title="bbox 70 2534 1125 2622; baseline -0.037 -5"><span class='ocrx_word' id='word_1_305' title='bbox 70 2575 122 2619; x_wconf 84' lang='lat' dir='ltr'><strong>vim</strong></span> <span class='ocrx_word' id='word_1_306' title='bbox 134 2569 222 2614; x_wconf 82' lang='lat' dir='ltr'><strong>habere</strong></span> <span class='ocrx_word' id='word_1_307' title='bbox 233 2566 338 2622; x_wconf 86' lang='lat' dir='ltr'><strong>videtur,</strong></span> <span class='ocrx_word' id='word_1_308' title='bbox 354 2576 381 2610; x_wconf 93' lang='lat' dir='ltr'><strong>ut</strong></span> <span class='ocrx_word' id='word_1_309' title='bbox 396 2565 421 2609; x_wconf 91' lang='lat' dir='ltr'><strong>in</strong></span> <span class='ocrx_word' id='word_1_310' title='bbox 434 2562 507 2608; x_wconf 86' lang='lat' dir='ltr'><strong>altum</strong></span> <span class='ocrx_word' id='word_1_311' title='bbox 517 2561 629 2607; x_wconf 87' lang='lat' dir='ltr'><strong>continuo</strong></span> <span class='ocrx_word' id='word_1_312' title='bbox 638 2566 714 2600; x_wconf 87' lang='lat' dir='ltr'><strong>tractu</strong></span> <span class='ocrx_word' id='word_1_313' title='bbox 724 2548 844 2612; x_wconf 73' lang='lat' dir='ltr'><strong>surgentia</strong></span> <span class='ocrx_word' id='word_1_314' title='bbox 856 2557 909 2588; x_wconf 88' lang='lat' dir='ltr'><strong>saxa</strong></span> <span class='ocrx_word' id='word_1_315' title='bbox 921 2555 948 2585; x_wconf 91' lang='lat' dir='ltr'><strong>ac</strong></span> <span class='ocrx_word' id='word_1_316' title='bbox 960 2534 1053 2584; x_wconf 88' lang='lat' dir='ltr'><strong>metalla</strong></span> <span class='ocrx_word' id='word_1_317' title='bbox 1067 2535 1125 2579; x_wconf 88' lang='lat' dir='ltr'><strong>eniti</strong></span> 
     </span>
     <span class='ocr_line' id='line_1_29' title="bbox 73 2604 1126 2714; baseline -0.048 -18"><span class='ocrx_word' id='word_1_318' title='bbox 73 2640 164 2714; x_wconf 52' lang='lat' dir='ltr'><strong>Videas:</strong></span> <span class='ocrx_word' id='word_1_319' title='bbox 181 2637 226 2684; x_wconf 79' lang='lat' dir='ltr'><strong>lnf·</strong></span> <span class='ocrx_word' id='word_1_320' title='bbox 235 2637 279 2694; x_wconf 82' lang='lat' dir='ltr'><strong>IX,</strong></span> <span class='ocrx_word' id='word_1_321' title='bbox 299 2635 343 2698; x_wconf 83' lang='lat'><strong>239</strong></span> <span class='ocrx_word' id='word_1_322' title='bbox 354 2643 447 2698; x_wconf 57' lang='lat' dir='ltr'><strong>aisque</strong></span> <span class='ocrx_word' id='word_1_323' title='bbox 461 2631 493 2678; x_wconf 86' lang='lat' dir='ltr'><strong>ad</strong></span> <span class='ocrx_word' id='word_1_324' title='bbox 507 2631 581 2677; x_wconf 77' lang='lat' dir='ltr'><strong>siiera</strong></span> <span class='ocrx_word' id='word_1_325' title='bbox 593 2627 676 2691; x_wconf 84' lang='lat' dir='ltr'><strong>fumus</strong></span> <span class='ocrx_word' id='word_1_326' title='bbox 692 2623 801 2685; x_wconf 70' lang='lat' dir='ltr'><strong>Eripitur.</strong></span> <span class='ocrx_word' id='word_1_327' title='bbox 817 2614 872 2667; x_wconf 88' lang='lat' dir='ltr'><strong>vu,</strong></span> <span class='ocrx_word' id='word_1_328' title='bbox 886 2612 929 2672; x_wconf 85' lang='lat'><strong>5²9</strong></span> <span class='ocrx_word' id='word_1_329' title='bbox 943 2604 1065 2654; x_wconf 84' lang='lat' dir='ltr'><strong>Paullatim</strong></span> <span class='ocrx_word' id='word_1_330' title='bbox 1074 2617 1126 2666; x_wconf 83' lang='lat' dir='ltr'><strong>sess</strong></span> 
     </span>
    </p>
   </div>
   <div class='ocr_carea' id='block_1_8' title="bbox 76 2775 1209 4070">
    <p class='ocr_par' dir='ltr' id='par_1_10' title="bbox 76 2775 1209 3193">
     <span class='ocr_line' id='line_1_30' title="bbox 76 2775 1128 2880; baseline -0.037 -21"><span class='ocrx_word' id='word_1_331' title='bbox 76 2808 198 2880; x_wconf 80' lang='lat' dir='ltr'><strong>prusiam</strong></span> <span class='ocrx_word' id='word_1_332' title='bbox 218 2817 244 2858; x_wconf 89' lang='lat' dir='ltr'><strong>et</strong></span> <span class='ocrx_word' id='word_1_333' title='bbox 256 2804 410 2878; x_wconf 58' lang='lat' dir='ltr'><strong>*Cyclopum</strong></span> <span class='ocrx_word' id='word_1_334' title='bbox 428 2800 505 2854; x_wconf 85' lang='lat' dir='ltr'><strong>sedes</strong></span> <span class='ocrx_word' id='word_1_335' title='bbox 519 2811 579 2852; x_wconf 89' lang='lat' dir='ltr'><strong>aute</strong></span> <span class='ocrx_word' id='word_1_336' title='bbox 618 2779 702 2848; x_wconf 80' lang='lat' dir='ltr'><strong>¹tonat</strong></span> <span class='ocrx_word' id='word_1_337' title='bbox 721 2790 804 2840; x_wconf 83' lang='lat' dir='ltr'><strong>AEtna</strong></span> <span class='ocrx_word' id='word_1_338' title='bbox 825 2780 909 2834; x_wconf 85' lang='lat' dir='ltr'><strong>ruinis</strong></span> <span class='ocrx_word' id='word_1_339' title='bbox 927 2777 955 2828; x_wconf 85' lang='lat' dir='ltr'><strong>h.</strong></span> <span class='ocrx_word' id='word_1_340' title='bbox 976 2794 998 2842; x_wconf 49' lang='lat' dir='ltr'><strong>e,</strong></span> <span class='ocrx_word' id='word_1_341' title='bbox 1021 2775 1128 2843; x_wconf 69' lang='lat' dir='ltr'><strong>fragore</strong></span> 
     </span>
     <span class='ocr_line' id='line_1_31' title="bbox 76 2853 1131 2940; baseline -0.041 1"><span class='ocrx_word' id='word_1_342' title='bbox 76 2889 186 2940; x_wconf 85' lang='lat' dir='ltr'><strong>AEtnam</strong></span> <span class='ocrx_word' id='word_1_343' title='bbox 199 2887 226 2936; x_wconf 91' lang='lat' dir='ltr'><strong>in</strong></span> <span class='ocrx_word' id='word_1_344' title='bbox 238 2885 316 2938; x_wconf 89' lang='lat' dir='ltr'><strong>litore</strong></span> <span class='ocrx_word' id='word_1_345' title='bbox 329 2882 453 2935; x_wconf 88' lang='lat' dir='ltr'><strong>orientali</strong></span> <span class='ocrx_word' id='word_1_346' title='bbox 463 2879 581 2932; x_wconf 89' lang='lat' dir='ltr'><strong>colloca·</strong></span> <span class='ocrx_word' id='word_1_347' title='bbox 629 2881 750 2930; x_wconf 74' lang='lat' dir='ltr'><strong>resonat,</strong></span> <span class='ocrx_word' id='word_1_348' title='bbox 764 2882 843 2936; x_wconf 87' lang='lat' dir='ltr'><strong>quem</strong></span> <span class='ocrx_word' id='word_1_349' title='bbox 861 2859 964 2911; x_wconf 84' lang='lat' dir='ltr'><strong>iaciunt</strong></span> <span class='ocrx_word' id='word_1_350' title='bbox 980 2855 1062 2904; x_wconf 87' lang='lat' dir='ltr'><strong>ruinae</strong></span> <span class='ocrx_word' id='word_1_351' title='bbox 1077 2853 1131 2901; x_wconf 82' lang='lat' dir='ltr'><strong>vis-</strong></span> 
     </span>
     <span class='ocr_line' id='line_1_32' title="bbox 78 2935 1131 3034; baseline -0.039 -16"><span class='ocrx_word' id='word_1_352' title='bbox 78 2961 581 3034; x_wconf 75' lang='lat' dir='ltr'><strong>rent3nouadDrepanumetErycem‚</strong></span> <span class='ocrx_word' id='word_1_353' title='bbox 631 2970 722 3007; x_wconf 90' lang='lat' dir='ltr'><strong>cerum</strong></span> <span class='ocrx_word' id='word_1_354' title='bbox 744 2944 851 2998; x_wconf 87' lang='lat' dir='ltr'><strong>montis.</strong></span> <span class='ocrx_word' id='word_1_355' title='bbox 876 2938 939 2989; x_wconf 85' lang='lat' dir='ltr'><strong>satis</strong></span> <span class='ocrx_word' id='word_1_356' title='bbox 959 2935 1131 3004; x_wconf 59' lang='lat' dir='ltr'><strong>gravium—-</strong></span> 
     </span>
     <span class='ocr_line' id='line_1_33' title="bbox 78 3005 1132 3114; baseline -0.04 -16"><span class='ocrx_word' id='word_1_357' title='bbox 78 3060 111 3098; x_wconf 90' lang='lat' dir='ltr'><strong>ut</strong></span> <span class='ocrx_word' id='word_1_358' title='bbox 123 3046 170 3097; x_wconf 85' lang='lat' dir='ltr'><strong>ulii</strong></span> <span class='ocrx_word' id='word_1_359' title='bbox 185 3045 277 3114; x_wconf 86' lang='lat' dir='ltr'><strong>etipse</strong></span> <span class='ocrx_word' id='word_1_360' title='bbox 287 3045 418 3094; x_wconf 86' lang='lat' dir='ltr'><strong>Homerus</strong></span> <span class='ocrx_word' id='word_1_361' title='bbox 428 3062 434 3090; x_wconf 75' lang='grc' dir='ltr'><strong>ι</strong></span> <span class='ocrx_word' id='word_1_362' title='bbox 445 3057 513 3110; x_wconf 88' lang='lat' dir='ltr'><strong>quos</strong></span> <span class='ocrx_word' id='word_1_363' title='bbox 523 3038 584 3089; x_wconf 91' lang='lat' dir='ltr'><strong>Clu·</strong></span> <span class='ocrx_word' id='word_1_364' title='bbox 633 3035 692 3102; x_wconf 82' lang='lat'><strong>572.</strong></span> <span class='ocrx_word' id='word_1_365' title='bbox 700 3021 862 3102; x_wconf 83' lang='lat' dir='ltr'><strong>prorumpit,</strong></span> <span class='ocrx_word' id='word_1_366' title='bbox 871 3016 977 3080; x_wconf 88' lang='lat' dir='ltr'><strong>emittit,</strong></span> <span class='ocrx_word' id='word_1_367' title='bbox 987 3005 1132 3074; x_wconf 68' lang='lat' dir='ltr'><strong>dissiparis,</strong></span> 
     </span>
     <span class='ocr_line' id='line_1_34' title="bbox 79 3092 1209 3193; baseline -0.04 -15"><span class='ocrx_word' id='word_1_368' title='bbox 79 3127 172 3179; x_wconf 87' lang='lat' dir='ltr'><strong>verius</strong></span> <span class='ocrx_word' id='word_1_369' title='bbox 185 3125 349 3193; x_wconf 47' lang='lat' dir='ltr'><strong>sequimur</strong></span> <span class='ocrx_word' id='word_1_370' title='bbox 634 3113 744 3180; x_wconf 89' lang='lat' dir='ltr'><strong>antiquo</strong></span> <span class='ocrx_word' id='word_1_371' title='bbox 764 3098 893 3173; x_wconf 89' lang='lat' dir='ltr'><strong>loquendi</strong></span> <span class='ocrx_word' id='word_1_372' title='bbox 911 3094 1009 3155; x_wconf 87' lang='lat' dir='ltr'><strong>modo,</strong></span> <span class='ocrx_word' id='word_1_373' title='bbox 1030 3103 1060 3141; x_wconf 90' lang='lat' dir='ltr'><strong>ut</strong></span> <span class='ocrx_word' id='word_1_374' title='bbox 1077 3092 1133 3158; x_wconf 86' lang='lat' dir='ltr'><strong>jam</strong></span> <span class='ocrx_word' id='word_1_375' title='bbox 1207 3147 1209 3152; x_wconf 68' lang='lat'><strong>,</strong></span> 
     </span>
    </p>

    <p class='ocr_par' dir='ltr' id='par_1_11' title="bbox 80 3169 1203 4070">
     <span class='ocr_line' id='line_1_35' title="bbox 119 3169 1135 3274; baseline -0.041 -17"><span class='ocrx_word' id='word_1_376' title='bbox 119 3203 278 3274; x_wconf 85' lang='lat'><strong>571—577.</strong></span> <span class='ocrx_word' id='word_1_377' title='bbox 288 3201 315 3253; x_wconf 89' lang='lat' dir='ltr'><strong>Si</strong></span> <span class='ocrx_word' id='word_1_378' title='bbox 325 3198 378 3252; x_wconf 90' lang='lat' dir='ltr'><strong>alia</strong></span> <span class='ocrx_word' id='word_1_379' title='bbox 390 3196 424 3249; x_wconf 90' lang='lat' dir='ltr'><strong>de</strong></span> <span class='ocrx_word' id='word_1_380' title='bbox 433 3198 515 3248; x_wconf 82' lang='lat' dir='ltr'><strong>AEtna</strong></span> <span class='ocrx_word' id='word_1_381' title='bbox 523 3195 585 3247; x_wconf 86' lang='lat' dir='ltr'><strong>loca</strong></span> <span class='ocrx_word' id='word_1_382' title='bbox 633 3191 737 3242; x_wconf 87' lang='lat' dir='ltr'><strong>Lucret.</strong></span> <span class='ocrx_word' id='word_1_383' title='bbox 747 3183 819 3237; x_wconf 86' lang='lat' dir='ltr'><strong>conf.</strong></span> <span class='ocrx_word' id='word_1_384' title='bbox 830 3197 889 3248; x_wconf 88' lang='lat' dir='ltr'><strong>sup.</strong></span> <span class='ocrx_word' id='word_1_385' title='bbox 900 3169 1052 3240; x_wconf 69' lang='lat' dir='ltr'><strong>1,246&#39;.uhi</strong></span> <span class='ocrx_word' id='word_1_386' title='bbox 1062 3185 1135 3218; x_wconf 78' lang='lat' dir='ltr'><strong>mare</strong></span> 
     </span>
     <span class='ocr_line' id='line_1_36' title="bbox 80 3247 1136 3353; baseline -0.035 -18"><span class='ocrx_word' id='word_1_387' title='bbox 80 3285 124 3336; x_wconf 77' lang='lat' dir='ltr'><strong>vis</strong></span> <span class='ocrx_word' id='word_1_388' title='bbox 137 3299 310 3353; x_wconf 80' lang='lat' dir='ltr'><strong>comparare,</strong></span> <span class='ocrx_word' id='word_1_389' title='bbox 327 3297 353 3329; x_wconf 84' lang='lat' dir='ltr'><strong>v.</strong></span> <span class='ocrx_word' id='word_1_390' title='bbox 373 3275 460 3328; x_wconf 83' lang='lat' dir='ltr'><strong>Cerdo</strong></span> <span class='ocrx_word' id='word_1_391' title='bbox 475 3274 503 3327; x_wconf 93' lang='lat' dir='ltr'><strong>h.</strong></span> <span class='ocrx_word' id='word_1_392' title='bbox 521 3273 539 3324; x_wconf 93' lang='lat' dir='ltr'><strong>l.</strong></span> <span class='ocrx_word' id='word_1_393' title='bbox 559 3285 586 3325; x_wconf 89' lang='lat' dir='ltr'><strong>et</strong></span> <span class='ocrx_word' id='word_1_394' title='bbox 632 3275 799 3340; x_wconf 82' lang='lat' dir='ltr'><strong>proruptum.</strong></span> <span class='ocrx_word' id='word_1_395' title='bbox 809 3288 845 3301; x_wconf 91' lang='lat'><strong>--</strong></span> <span class='ocrx_word' id='word_1_396' title='bbox 855 3255 916 3326; x_wconf 82' lang='lat'><strong>573.</strong></span> <span class='ocrx_word' id='word_1_397' title='bbox 932 3250 1048 3305; x_wconf 82' lang='lat' dir='ltr'><strong>Turbine</strong></span> <span class='ocrx_word' id='word_1_398' title='bbox 1059 3247 1136 3320; x_wconf 85' lang='lat' dir='ltr'><strong>piceo</strong></span> 
     </span>
     <span class='ocr_line' id='line_1_37' title="bbox 81 3330 1138 3420; baseline -0.039 -3"><span class='ocrx_word' id='word_1_399' title='bbox 81 3365 191 3416; x_wconf 84' lang='lat' dir='ltr'><strong>Cluver.</strong></span> <span class='ocrx_word' id='word_1_400' title='bbox 209 3361 281 3413; x_wconf 89' lang='lat' dir='ltr'><strong>Sicil.</strong></span> <span class='ocrx_word' id='word_1_401' title='bbox 302 3370 356 3411; x_wconf 83' lang='lat' dir='ltr'><strong>aut.</strong></span> <span class='ocrx_word' id='word_1_402' title='bbox 370 3357 417 3408; x_wconf 91' lang='lat' dir='ltr'><strong>lib.</strong></span> <span class='ocrx_word' id='word_1_403' title='bbox 435 3357 463 3420; x_wconf 86' lang='lat'><strong>1,</strong></span> <span class='ocrx_word' id='word_1_404' title='bbox 480 3373 503 3406; x_wconf 88' lang='lat' dir='ltr'><strong>c.</strong></span> <span class='ocrx_word' id='word_1_405' title='bbox 517 3353 546 3416; x_wconf 85' lang='lat'><strong>83</strong></span> <span class='ocrx_word' id='word_1_406' title='bbox 560 3364 587 3405; x_wconf 93' lang='lat' dir='ltr'><strong>et</strong></span> <span class='ocrx_word' id='word_1_407' title='bbox 635 3357 662 3397; x_wconf 88' lang='lat' dir='ltr'><strong>et</strong></span> <span class='ocrx_word' id='word_1_408' title='bbox 671 3340 789 3416; x_wconf 73' lang='lat' dir='ltr'><strong>favilla.-</strong></span> <span class='ocrx_word' id='word_1_409' title='bbox 802 3341 830 3392; x_wconf 88' lang='lat' dir='ltr'><strong>h.</strong></span> <span class='ocrx_word' id='word_1_410' title='bbox 846 3357 869 3390; x_wconf 90' lang='lat' dir='ltr'><strong>e.</strong></span> <span class='ocrx_word' id='word_1_411' title='bbox 880 3333 966 3408; x_wconf 66' lang='lat' dir='ltr'><strong>globis</strong></span> <span class='ocrx_word' id='word_1_412' title='bbox 978 3330 1060 3393; x_wconf 83' lang='lat' dir='ltr'><strong>fumi,</strong></span> <span class='ocrx_word' id='word_1_413' title='bbox 1075 3345 1138 3378; x_wconf 89' lang='lat' dir='ltr'><strong>cum</strong></span> 
     </span>
     <span class='ocr_line' id='line_1_38' title="bbox 85 3406 1139 3515; baseline -0.03 -20"><span class='ocrx_word' id='word_1_414' title='bbox 85 3445 147 3515; x_wconf 87' lang='lat' dir='ltr'><strong>quis</strong></span> <span class='ocrx_word' id='word_1_415' title='bbox 156 3444 242 3494; x_wconf 88' lang='lat' dir='ltr'><strong>nescit</strong></span> <span class='ocrx_word' id='word_1_416' title='bbox 248 3438 366 3493; x_wconf 85' lang='lat' dir='ltr'><strong>Cornelii</strong></span> <span class='ocrx_word' id='word_1_417' title='bbox 372 3435 462 3490; x_wconf 77' lang='lat' dir='ltr'><strong>Severi</strong></span> <span class='ocrx_word' id='word_1_418' title='bbox 471 3434 588 3486; x_wconf 78' lang='lat' dir='ltr'><strong>AEtuarn?</strong></span> <span class='ocrx_word' id='word_1_419' title='bbox 637 3428 725 3477; x_wconf 88' lang='lat' dir='ltr'><strong>cinere</strong></span> <span class='ocrx_word' id='word_1_420' title='bbox 737 3421 885 3493; x_wconf 87' lang='lat' dir='ltr'><strong>permistis,</strong></span> <span class='ocrx_word' id='word_1_421' title='bbox 899 3406 1139 3482; x_wconf 60' lang='lat' dir='ltr'><strong>pissinuntis,</strong></span> 
     </span>
     <span class='ocr_line' id='line_1_39' title="bbox 85 3489 1140 3594; baseline -0.029 -19"><span class='ocrx_word' id='word_1_422' title='bbox 85 3542 169 3594; x_wconf 85' lang='lat' dir='ltr'><strong>quam</strong></span> <span class='ocrx_word' id='word_1_423' title='bbox 181 3523 258 3574; x_wconf 85' lang='lat' dir='ltr'><strong>nobis</strong></span> <span class='ocrx_word' id='word_1_424' title='bbox 271 3521 350 3572; x_wconf 80' lang='lat' dir='ltr'><strong>docte</strong></span> <span class='ocrx_word' id='word_1_425' title='bbox 365 3516 525 3568; x_wconf 81' lang='lat' dir='ltr'><strong>illustratam</strong></span> <span class='ocrx_word' id='word_1_426' title='bbox 544 3513 589 3567; x_wconf 82' lang='lat' dir='ltr'><strong>de·</strong></span> <span class='ocrx_word' id='word_1_427' title='bbox 638 3518 667 3556; x_wconf 85' lang='lat' dir='ltr'><strong>ut</strong></span> <span class='ocrx_word' id='word_1_428' title='bbox 677 3501 772 3554; x_wconf 82' lang='lat' dir='ltr'><strong>Strabo</strong></span> <span class='ocrx_word' id='word_1_429' title='bbox 782 3501 831 3567; x_wconf 87' lang='lat' dir='ltr'><strong>vl,</strong></span> <span class='ocrx_word' id='word_1_430' title='bbox 842 3517 870 3569; x_wconf 89' lang='lat' dir='ltr'><strong>p.</strong></span> <span class='ocrx_word' id='word_1_431' title='bbox 885 3494 936 3566; x_wconf 67' lang='lat'><strong>274</strong></span> <span class='ocrx_word' id='word_1_432' title='bbox 947 3493 979 3543; x_wconf 79' lang='lat' dir='ltr'><strong>A·</strong></span> <span class='ocrx_word' id='word_1_433' title='bbox 990 3489 1075 3540; x_wconf 77' lang='lat' dir='ltr'><strong>Aliter</strong></span> <span class='ocrx_word' id='word_1_434' title='bbox 1083 3505 1140 3539; x_wconf 85' lang='lat' dir='ltr'><strong>non</strong></span> 
     </span>
     <span class='ocr_line' id='line_1_40' title="bbox 86 3571 1203 3656; baseline -0.038 1"><span class='ocrx_word' id='word_1_435' title='bbox 86 3605 129 3656; x_wconf 91' lang='lat' dir='ltr'><strong>dit</strong></span> <span class='ocrx_word' id='word_1_436' title='bbox 140 3602 308 3656; x_wconf 85' lang='lat' dir='ltr'><strong>Werusdori.</strong></span> <span class='ocrx_word' id='word_1_437' title='bbox 326 3600 401 3651; x_wconf 89' lang='lat' dir='ltr'><strong>Poet.</strong></span> <span class='ocrx_word' id='word_1_438' title='bbox 418 3598 483 3648; x_wconf 90' lang='lat' dir='ltr'><strong>min.</strong></span> <span class='ocrx_word' id='word_1_439' title='bbox 498 3596 530 3647; x_wconf 88' lang='lat' dir='ltr'><strong>T.</strong></span> <span class='ocrx_word' id='word_1_440' title='bbox 543 3595 589 3646; x_wconf 79' lang='lat' dir='ltr'><strong>IV.</strong></span> <span class='ocrx_word' id='word_1_441' title='bbox 639 3584 779 3653; x_wconf 84' lang='lat' dir='ltr'><strong>accipiam.</strong></span> <span class='ocrx_word' id='word_1_442' title='bbox 792 3575 894 3650; x_wconf 72' lang='lat' dir='ltr'><strong>favilla</strong></span> <span class='ocrx_word' id='word_1_443' title='bbox 913 3571 1042 3633; x_wconf 46' lang='lat' dir='ltr'><strong>candus,</strong></span> <span class='ocrx_word' id='word_1_444' title='bbox 1055 3579 1085 3619; x_wconf 92' lang='lat' dir='ltr'><strong>ut</strong></span> <span class='ocrx_word' id='word_1_445' title='bbox 1097 3585 1141 3618; x_wconf 88' lang='lat' dir='ltr'><strong>ca·</strong></span> <span class='ocrx_word' id='word_1_446' title='bbox 1202 3587 1203 3591; x_wconf 44' lang='lat'>¹</span> 
     </span>
     <span class='ocr_line' id='line_1_41' title="bbox 84 3645 1142 3753; baseline -0.039 -17"><span class='ocrx_word' id='word_1_447' title='bbox 84 3687 115 3736; x_wconf 91' lang='lat' dir='ltr'><strong>P.</strong></span> <span class='ocrx_word' id='word_1_448' title='bbox 129 3684 148 3732; x_wconf 90' lang='lat' dir='ltr'><strong>l.</strong></span> <span class='ocrx_word' id='word_1_449' title='bbox 162 3682 217 3733; x_wconf 90' lang='lat' dir='ltr'><strong>ubi.</strong></span> <span class='ocrx_word' id='word_1_450' title='bbox 230 3700 256 3734; x_wconf 87' lang='lat' dir='ltr'><strong>v.</strong></span> <span class='ocrx_word' id='word_1_451' title='bbox 276 3701 305 3753; x_wconf 85' lang='lat' dir='ltr'><strong>p.</strong></span> <span class='ocrx_word' id='word_1_452' title='bbox 322 3679 372 3746; x_wconf 68' lang='lat'><strong>104</strong></span> <span class='ocrx_word' id='word_1_453' title='bbox 389 3689 416 3731; x_wconf 85' lang='lat' dir='ltr'><strong>et</strong></span> <span class='ocrx_word' id='word_1_454' title='bbox 434 3697 461 3749; x_wconf 89' lang='lat' dir='ltr'><strong>p.</strong></span> <span class='ocrx_word' id='word_1_455' title='bbox 478 3676 512 3743; x_wconf 66' lang='lat'><strong>24</strong></span> <span class='ocrx_word' id='word_1_456' title='bbox 524 3673 590 3726; x_wconf 74' lang='lat' dir='ltr'><strong>alios</strong></span> <span class='ocrx_word' id='word_1_457' title='bbox 640 3681 689 3716; x_wconf 82' lang='lat' dir='ltr'><strong>stus</strong></span> <span class='ocrx_word' id='word_1_458' title='bbox 707 3660 787 3720; x_wconf 85' lang='lat' dir='ltr'><strong>cinis,·</strong></span> <span class='ocrx_word' id='word_1_459' title='bbox 809 3672 908 3708; x_wconf 88' lang='lat' dir='ltr'><strong>ornans</strong></span> <span class='ocrx_word' id='word_1_460' title='bbox 922 3649 1061 3723; x_wconf 87' lang='lat' dir='ltr'><strong>epitheton</strong></span> <span class='ocrx_word' id='word_1_461' title='bbox 1075 3645 1142 3698; x_wconf 85' lang='lat' dir='ltr'><strong>arei</strong></span> 
     </span>
     <span class='ocr_line' id='line_1_42' title="bbox 89 3725 1143 3826; baseline -0.035 -12"><span class='ocrx_word' id='word_1_462' title='bbox 89 3774 213 3814; x_wconf 88' lang='lat' dir='ltr'><strong>auctores</strong></span> <span class='ocrx_word' id='word_1_463' title='bbox 225 3760 318 3814; x_wconf 89' lang='lat' dir='ltr'><strong>laudd.</strong></span> <span class='ocrx_word' id='word_1_464' title='bbox 339 3758 392 3812; x_wconf 89' lang='lat' dir='ltr'><strong>Sed</strong></span> <span class='ocrx_word' id='word_1_465' title='bbox 412 3777 458 3820; x_wconf 87' lang='lat' dir='ltr'><strong>ea,</strong></span> <span class='ocrx_word' id='word_1_466' title='bbox 479 3772 537 3826; x_wconf 82' lang='lat' dir='ltr'><strong>quae</strong></span> <span class='ocrx_word' id='word_1_467' title='bbox 557 3752 592 3806; x_wconf 89' lang='lat' dir='ltr'><strong>ad</strong></span> <span class='ocrx_word' id='word_1_468' title='bbox 640 3725 1143 3798; x_wconf 70' lang='lat' dir='ltr'><strong>nuturaductum.cl.Lueret.Yl,689</strong></span> 
     </span>
     <span class='ocr_line' id='line_1_43' title="bbox 88 3811 1144 3906; baseline -0.04 -11"><span class='ocrx_word' id='word_1_469' title='bbox 88 3841 422 3906; x_wconf 83' lang='lat' dir='ltr'><strong>Maronemiaciuut,v.in</strong></span> <span class='ocrx_word' id='word_1_470' title='bbox 428 3833 593 3889; x_wconf 85' lang='lat' dir='ltr'><strong>Excurs.XV</strong></span> <span class='ocrx_word' id='word_1_471' title='bbox 641 3825 741 3892; x_wconf 66' lang='lat'><strong>—692</strong></span> <span class='ocrx_word' id='word_1_472' title='bbox 754 3820 794 3872; x_wconf 91' lang='lat' dir='ltr'><strong>De</strong></span> <span class='ocrx_word' id='word_1_473' title='bbox 810 3814 931 3870; x_wconf 89' lang='lat' dir='ltr'><strong>scintillis</strong></span> <span class='ocrx_word' id='word_1_474' title='bbox 944 3811 1049 3864; x_wconf 84' lang='lat' dir='ltr'><strong>Servius</strong></span> <span class='ocrx_word' id='word_1_475' title='bbox 1063 3823 1144 3874; x_wconf 87' lang='lat' dir='ltr'><strong>expo·</strong></span> 
     </span>
     <span class='ocr_line' id='line_1_44' title="bbox 90 3897 1146 3992; baseline -0.043 -14"><span class='ocrx_word' id='word_1_476' title='bbox 90 3921 128 3974; x_wconf 78' lang='lat' dir='ltr'><strong>ad</strong></span> <span class='ocrx_word' id='word_1_477' title='bbox 142 3921 171 3976; x_wconf 82' lang='lat' dir='ltr'><strong>h.</strong></span> <span class='ocrx_word' id='word_1_478' title='bbox 192 3919 209 3970; x_wconf 92' lang='lat' dir='ltr'><strong>l.</strong></span> <span class='ocrx_word' id='word_1_479' title='bbox 228 3921 271 3972; x_wconf 82' lang='lat' dir='ltr'><strong>Ad</strong></span> <span class='ocrx_word' id='word_1_480' title='bbox 288 3931 374 3992; x_wconf 82' lang='lat' dir='ltr'><strong>poetae</strong></span> <span class='ocrx_word' id='word_1_481' title='bbox 385 3917 471 3970; x_wconf 86' lang='lat' dir='ltr'><strong>nostri</strong></span> <span class='ocrx_word' id='word_1_482' title='bbox 483 3913 594 3965; x_wconf 89' lang='lat' dir='ltr'><strong>ductum</strong></span> <span class='ocrx_word' id='word_1_483' title='bbox 642 3908 689 3960; x_wconf 88' lang='lat' dir='ltr'><strong>nit.</strong></span> <span class='ocrx_word' id='word_1_484' title='bbox 700 3934 735 3945; x_wconf 93' lang='grc'><strong>--</strong></span> <span class='ocrx_word' id='word_1_485' title='bbox 749 3901 809 3973; x_wconf 84' lang='grc'>576.</span> <span class='ocrx_word' id='word_1_486' title='bbox 829 3897 918 3970; x_wconf 72' lang='lat' dir='ltr'><strong>Eripit</strong></span> <span class='ocrx_word' id='word_1_487' title='bbox 931 3901 1051 3945; x_wconf 83' lang='lat' dir='ltr'><strong>eructans</strong></span> <span class='ocrx_word' id='word_1_488' title='bbox 1067 3903 1146 3936; x_wconf 86' lang='lat' dir='ltr'><strong>orna·</strong></span> 
     </span>
     <span class='ocr_line' id='line_1_45' title="bbox 90 3965 1143 4070; baseline -0.039 -16"><span class='ocrx_word' id='word_1_489' title='bbox 90 4002 188 4054; x_wconf 87' lang='lat' dir='ltr'><strong>Justiu.</strong></span> <span class='ocrx_word' id='word_1_490' title='bbox 209 4001 262 4069; x_wconf 84' lang='lat' dir='ltr'><strong>IV,</strong></span> <span class='ocrx_word' id='word_1_491' title='bbox 277 4017 310 4053; x_wconf 83' lang='lat' dir='ltr'><strong>r.</strong></span> <span class='ocrx_word' id='word_1_492' title='bbox 332 4025 367 4042; x_wconf 90' lang='lat'><strong>·-·</strong></span> <span class='ocrx_word' id='word_1_493' title='bbox 386 3997 446 4070; x_wconf 85' lang='lat'>571.</span> <span class='ocrx_word' id='word_1_494' title='bbox 467 3988 595 4064; x_wconf 81' lang='lat' dir='ltr'><strong>bom&#39;ficis</strong></span> <span class='ocrx_word' id='word_1_495' title='bbox 643 3989 695 4042; x_wconf 86' lang='lat' dir='ltr'><strong>tius</strong></span> <span class='ocrx_word' id='word_1_496' title='bbox 707 4001 787 4058; x_wconf 86' lang='lat' dir='ltr'><strong>quam</strong></span> <span class='ocrx_word' id='word_1_497' title='bbox 797 3988 913 4046; x_wconf 80' lang='lat' dir='ltr'><strong>eructat,</strong></span> <span class='ocrx_word' id='word_1_498' title='bbox 927 3967 1024 4040; x_wconf 54' lang='lat' dir='ltr'><strong>ipsias,</strong></span> <span class='ocrx_word' id='word_1_499' title='bbox 1039 3965 1143 4026; x_wconf 86' lang='lat' dir='ltr'><strong>emittit,</strong></span> 
     </span>
    </p>
   </div>
   <div class='ocr_carea' id='block_1_9' title="bbox 0 0 1396 4594">
    <p class='ocr_par' dir='ltr' id='par_1_12' title="bbox 0 0 1396 4594">
     <span class='ocr_line' id='line_1_46' title="bbox 0 0 1396 4594; baseline 0 0"><span class='ocrx_word' id='word_1_500' title='bbox 0 0 1396 4594; x_wconf 95' lang='lat' dir='ltr'><strong> </strong></span> 
     </span>
    </p>
   </div>
  </div>
 </body>
</html>
