2724 4580
239 295 300 374 140
482 289 1021 358 P.V11t·c1L11MARON18

234 415 370 483 Talibus
382 415 535 484 Ilioneus.
549 418 666 483 Cuncti
677 415 774 481 simul
786 439 842 480 ore
855 415 1040 482 fremebant

235 521 442 588 Dardanidae.

278 629 365 692 Tum
377 627 631 709 breviterDido,
645 627 770 694 voltum
782 627 936 705 demissa,
951 626 1116 715 profatur:

234 733 355 800 Solvite
368 734 467 799 corde
478 751 618 814 metum,
631 737 769 815 Teucri3
782 731 940 800 secludite
954 754 1057 798 curas.

207 909 211 914 ,
235 842 300 902 Res
312 838 407 919 dura,
422 856 454 904 et
462 841 557 928 regni
568 842 694 910 novitas
706 865 760 905 me
772 841 848 906 talia
859 855 982 928 cogunt

234 945 360 1024 Moliri,
374 962 407 1011 et
417 947 482 1012 late
493 947 567 1012 finis
579 946 715 1012 custode
728 947 824 1011 tueri.

234 1052 316 1132 Quis
327 1071 431 1139 genus
443 1052 724 1142 AEueadum,.quis
736 1051 844 1141 Trojae
856 1051 979 1116 nesciat
990 1049 1123 1130 urbem,
1232 1059 1277 1110 ⁵⁶⁵

235 1155 447 1244 virtutesque
459 1159 626 1246 virosque,
639 1173 696 1222 aut
706 1158 789 1222 tanti
802 1155 954 1226 incendia
965 1150 1065 1220 belli?

234 1263 310 1325 Non
322 1261 438 1328 obtusa
449 1247 533 1330 adeo
544 1281 707 1352 gestamus
719 1280 852 1352 pectora
864 1263 973 1341 Poeni3

233 1368 304 1432 Nec
315 1383 381 1435 tam
392 1391 525 1433 aversus
537 1392 640 1461 equos
653 1371 751 1458 Tyria
763 1370 817 1434 Sol
825 1369 935 1457 jungit
947 1365 987 1430 ab
1000 1365 1092 1430 urbe.

266 1551 319 1600 558.
335 1552 393 1601 lunc
406 1557 471 1602 som.
484 1566 584 1619 petemus
604 1571 649 1604 sec.
659 1556 742 1603 llamh.
754 1555 858 1609 Acestem
866 1551 942 1598 multi.
952 1577 983 1588 -
993 1551 1046 1612 559.
1059 1550 1152 1595 cuucu's.
1163 1548 1251 1595 Medic.
1262 1563 1277 1594 a

233 1637 304 1686 pum.
312 1641 325 1670 e
332 1639 443 1688 sequente
453 1625 686 1674 liters.-561.oultu
696 1627 754 1674 alter
763 1625 859 1672 Mentel.
868 1626 959 1670 dimisso
968 1620 1186 1668 tresBurm.-562.
1195 1619 1278 1666 Solvioe

234 1695 303 1740 cordo
316 1700 378 1740 metu'
393 1697 496 1743 Perrhae.
512 1698 571 1744 forte
588 1713 641 1743 cum
655 1697 713 1745 aliis.
725 1714 747 1743 v.
760 1699 838 1742 surm.
851 1694 915 1758 quod
926 1692 1043 1753 sulfiarlm
1059 1701 1126 1742 ,611111-
1138 1691 1205 1736 corde
1216 1698 1277 1735 melu

232 1779 276 1810 w.
285 1765 370 1811 Moret.
378 1764 453 1827 pellite
462 1769 529 1814 corde
540 1777 623 1814 mecam
631 1771 708 1829 Bigot.
720 1767 766 1814 Sed
774 1765 859 1813 solam
868 1771 952 1809 metum
961 1763 1088 1824 exquisite3
1099 1775 1124 1806 ut
1134 1777 1186 1822 sup.
1199 1760 1244 1818 463
1256 1777 1276 1806 s.

232 1849 255 1879 c.
264 1844 335 1880 muts
343 1835 428 1897 plurali
439 1854 552 1894 nomio,
564 1841 654 1901 antiqui
664 1838 771 1900 plerique
784 1833 854 1881 codd.
866 1845 924 1880 teste
933 1835 1025 1890 Pieric;
1036 1845 1059 1878 et
1070 1832 1114 1878 hoc
1126 1831 1227 1878 doctius.
1240 1845 1278 1876 se-

232 1904 309 1950 ducite
317 1919 385 1952 cutus
396 1907 471 1968 Bigot.
481 1932 512 1944 -
522 1908 574 1954 563.
588 1908 655 1954 Melit
666 1907 812 1953 Burmannus
823 1921 876 1953 cum
887 1905 941 1952 edd.
957 1903 1097 1967 quibusdam
1113 1904 1216 1965 antiquis
1228 1901 1277 1947 dis-

232 1975 342 2036 tinguere
352 1986 376 2020 et
387 1975 478 2037 legere:
490 1979 534 2022 Res
547 1979 622 2022 dum.-
633 1987 658 2022 ot
667 1980 742 2040 requi,
754 1976 777 2022 h.
796 1992 816 2024 e.
829 1976 913 2022 durum
926 1975 1022 2038 quidem
1036 1987 1084 2029 est,
1095 1974 1185 2027 fateor3
1194 1972 1237 2018 sed
1245 1997 1278 2008 -

231 2043 368 2102 Enimvero,
380 2045 436 2093 ferri
445 2047 541 2109 quidem
549 2060 638 2110 potest,
648 2049 734 2102 satem
746 2048 787 2094 sed
797 2047 888 2094 doctior
905 2057 939 2094 est
950 2045 1042 2107 vulgata
1053 2045 1132 2090 lectio.
1141 2061 1164 2090 v.
1177 2055 1227 2089 not.
1241 2059 1277 2088 res

217 2165 219 2172 y
231 2113 284 2158 aba
298 2113 367 2160 Goth.
382 2131 428 2162 sec.
437 2139 469 2154 -··
479 2116 594 2179 56661ιί3
612 2135 639 2166 ex
650 2119 736 2164 Medic.
754 2116 800 2164 lato
815 2119 852 2165 ed.
868 2118 928 2164 Ven.
940 2115 1001 2179 ferti
1011 2131 1032 2160 e.
1048 2117 1124 2176 Bigot.
1137 2117 1210 2160 teneri
1228 2129 1276 2159 sec.

229 2182 314 2229 flamb.
328 2197 373 2231 eta
384 2200 419 2248 pr.
429 2203 460 2232 ut.
472 2187 531 2234 alter
539 2189 648 2236 liutteud.
655 2215 687 2226 -
694 2189 746 2236 565.
759 2192 850 2252 Trnjom
861 2189 934 2234 Graev.
945 2189 1015 2232 nescit
1023 2196 1046 2232 et
1055 2185 1132 2230 urbem
1142 2182 1180 2232 ed.
1189 2184 1276 2230 Venet.

231 2253 325 2300 -566
338 2259 433 2305 malain
444 2258 521 2322 vulqg.
536 2261 589 2307 edd.
602 2273 654 2307 ante
666 2261 745 2308 lleius.
755 2277 782 2306 uc
793 2262 849 2306 tanti
857 2259 905 2306 duo
918 2261 997 2304 llurm.
1007 2267 1030 2304 et
1040 2266 1054 2303 t.
1068 2257 1105 2302 ed.
1117 2258 1174 2300 Dan.
1186 2267 1210 2302 et
1225 2255 1277 2300 aliae

230 2325 280 2386 jam
288 2337 342 2374 ante
353 2330 463 2376 Piericam.
475 2355 507 2367 -
516 2333 568 2394 567.
580 2332 675 2378 obtunso
683 2333 762 2379 scribit
774 2333 840 2378 llum.
856 2329 942 2376 Medic.
953 2345 1005 2375 cum
1018 2329 1069 2375 aliis
1083 2329 1163 2373 Heius.
1179 2325 1277 2372 obscuro

232 2393 361 2460 61116616-
367 2398 420 2445 568.
428 2402 537 2448 adversus
546 2401 622 2460 multi,
631 2414 658 2450 ut
669 2417 768 2466 semper.
777 2404 841 2454 Bene
852 2402 930 2450 Burm.
942 2401 1042 2446 Gronov.
1051 2397 1132 2444 laudat
1141 2396 1172 2443 ad
1180 2399 1278 2444 Seneca

268 2555 328 2628 559.
342 2557 470 2616 Fremitus
480 2562 507 2616 h.
521 2564 538 2617 l.
559 2582 590 2621 ac
606 2583 727 2620 murmur
775 2559 1275 2641 quaesogitaliquidvelinvitosfaeere

233 2633 376 2691 adsensum
416 2648 554 2697 commotis
588 2647 727 2700 hominum'
774 2648 899 2719 (moliri).
912 2650 975 2698 Mox
995 2653 1076 2695 eustos
1092 2659 1142 2712 pro
1163 2641 1228 2690 viris
1246 2639 1274 2689 iu

232 2715 327 2767 smmis
343 2717 451 2773 indicat.
464 2723 613 2796 Simplicius
629 2729 725 2781 Home·
774 2720 1155 2794 custodiafiniumetpraesidio
1164 2719 1269 2770 locatis.

232 2793 318 2846 ticum
330 2817 337 2846 t
351 2795 416 2850 Ἔνθ’
429 2803 495 2854 ὧλλοι
505 2801 548 2868 μὲν
560 2803 645 2864 πένης
658 2809 727 2860 imu-
809 2809 869 2861 566.
877 2811 963 2859 Possis
971 2799 1277 2875 seneperoirtutesviro·

231 2867 341 2939 seipsum
355 2875 460 2943 Ἀχαιοί·
681 2925 683 2927 .
775 2905 835 2940 mm
847 2905 987 2958 exponere.
1001 2884 1052 2936 Sed
1063 2882 1275 2953 proprietaneis

268 2954 328 3006 561.
349 2957 433 3011 Vultu
445 2962 550 3016 derauso
569 2977 596 3015 et
616 2966 728 3018 breviter
775 2981 917 3036 utrumque
936 2967 990 3017 vim
1006 2963 1087 3014 habet
1108 2977 1202 3019 suam
1223 2975 1274 3010 uec

231 3035 305 3086 fatur
313 3037 391 3088 Dido.
404 3040 481 3093 Adde
490 3041 546 3096 lsaec
556 3043 590 3095 ad
603 3044 654 3113 496
666 3062 724 3115 sqq.
776 3047 923 3118 amplectar
935 3044 1014 3096 facile
1030 3044 1148 3112 jejunam
1161 3037 1275 3108 figuram

232 3125 260 3165 ct
275 3115 401 3184 observa,
423 3138 474 3190 que
497 3134 553 3173 arte
570 3135 652 3192 poeta
667 3123 727 3175 des·
775 3124 963 3196 hendiadyein.
974 3122 1094 3185 virtutes,
1107 3135 1150 3169 res
1160 3117 1274 3187 praecla·

232 3193 390 3263 eriptionem
412 3199 511 3262 fuciat3
536 3214 562 3253 et
578 3202 638 3254 vide
659 3202 727 3271 quid
775 3225 826 3270 rae,
844 3205 949 3256 fortiter
965 3213 1059 3273 gestae,
1072 3209 1102 3248 ut
1112 3193 1196 3265 ἀρεταὶ
1209 3213 1236 3246 v.
1249 3214 1273 3246 c.

233 3271 321 3327 adhuc
335 3277 420 3342 desit,
442 3293 471 3331 ut
490 3280 622 3334 Didonem
645 3283 724 3332 unice
775 3284 846 3356 apud
859 3282 1010 3335 Pindarum.
1021 3278 1121 3346 -567.
1136 3275 1197 3330 568.
1211 3277 1274 3326 Non

232 3352 321 3404 studio
334 3366 379 3406 tuo
392 3356 499 3429 dignam
506 3359 613 3412 habeas.
626 3361 685 3410 Jam
697 3362 725 3410 iu
775 3364 843 3417 adeo
855 3364 944 3416 obnisa
953 3371 1074 3431 pectora,
1087 3355 1114 3407 h.
1128 3375 1151 3406 e.
1164 3354 1275 3424 stupida

231 3431 290 3500 ipso
298 3436 417 3488 oratione
426 3438 513 3507 pudor
521 3440 724 3510 cumdignitate‚
774 3445 896 3515 ingenia,
909 3441 1038 3492 habemus
1049 3473 1059 3499 ,
1071 3453 1126 3486 non
1143 3446 1199 3484 tam
1210 3433 1276 3484 bar·

230 3508 438 3578 prudentiacum
446 3534 549 3570 summa
558 3518 725 3570 humanitate
773 3523 832 3573 bari
853 3537 961 3583 sumus,
986 3530 1015 3568 ut
1035 3517 1213 3585 Trojanorum
1230 3530 1275 3565 res

210 3625 215 3631 -
230 3590 344 3642 maxime
360 3591 519 3648 elucescunt.
773 3601 994 3673 praclaregestas
1005 3609 1030 3648 et
1040 3598 1096 3647 lata
1108 3597 1272 3664 ignoremus.

267 3669 657 3729 562.563.Secludite1coras:
678 3693 725 3730 ex·
772 3683 830 3732 Nec
849 3691 901 3730 tant
922 3695 1023 3728 aversus
1038 3693 1116 3747 equos
1129 3673 1212 3744 Tyria
1231 3670 1275 3722 sol

232 3749 354 3819 quisitius
364 3768 444 3823 quam
459 3755 608 3824 excludere,
618 3760 724 3825 ejicere,
766 3760 862 3832 ιῥιιηφίῑ
874 3760 907 3809 α6
922 3757 1005 3824 urbe,
1019 3755 1045 3807 h.
1059 3775 1082 3806 e.
1095 3771 1145 3804 uec
1161 3763 1217 3804 tam
1232 3771 1275 3803 re-

232 3827 382 3900 (ῙθΡθῑΙθῐθ,
397 3831 602 3890 sollicitudinem
618 3854 649 3887 ac
667 3857 725 3890 mc*
772 3851 859 3890 motas
870 3857 886 3890 a
897 3837 967 3902 sole,
981 3855 996 3886 a
1016 3835 1079 3887 solis
1096 3848 1177 3883 cursu
1191 3843 1220 3883 et
1230 3849 1274 3880 or-

231 3909 340 3960 tum.cf.
351 3908 421 3962 Serv.
430 3910 565 3976 destitero,
580 3915 652 3984 quod
665 3917 724 3968 vul-
772 3918 846 3982 bita,
868 3930 951 3969 terras
973 3915 1121 3967 incolimus.
1146 3909 1175 3960 id
1198 3907 1274 3979 quod

231 4005 266 4058 go
275 4011 281 4040 :
290 3989 417 4060 cosdore,
424 3990 583 4047 durareruru
594 3996 722 4060 conditio,
771 3995 880 4050 taudem
893 3994 927 4049 ud
937 3993 1050 4050 eandem
1061 3989 1220 4044 sentessllaffl
1233 4005 1274 4039 re-
