2670 4578
288 228 328 296 62
531 235 565 298 P.
589 235 817 306 VIRGILII
839 193 1067 320 Mttionts

286 353 471 442 Impulerit3
484 355 622 424 tantaene
633 363 749 428 animis
760 366 940 436 celestibus
953 373 1022 437 irae!

329 461 414 525 Urbs
425 464 557 553 antiquo
569 466 647 546 fuit;
660 471 750 558 Tyrii
762 487 895 540 tenuere
907 480 1033 563 coloni;

283 564 456 655 CarthagO,
471 569 595 634 ltaliam
606 591 719 638 contra
729 577 949 673 Tiberinaque
960 586 1058 675 longe

282 671 385 751 Ostia,
399 673 490 740 dives
502 697 616 764 opum,
630 680 811 772 studiisque
823 690 1001 775 asperrima
1010 691 1107 759 belli:

279 776 385 858 Quam
395 780 483 842 Jnno
495 780 599 846 fertur
609 786 702 850 terris
714 790 815 877 magis
827 795 978 862 omnibus
991 820 1090 863 unam
1301 824 1330 872 15

312 977 346 1006 rr.
364 962 487 1026 Impulerat
501 966 566 1012 Rom.
578 983 631 1014 cum
643 969 692 1018 aliis
704 989 740 1034 ap.
753 975 831 1021 Heine.
848 977 878 1022 ad
891 995 912 1024 v.
926 978 949 1035 4.
961 1005 992 1016 -
1008 997 1042 1027 ra.
1062 983 1111 1029 Cur
1124 987 1189 1046 Tyrii
1204 996 1221 1033 t.
1242 990 1330 1038 coloni

276 1031 409 1094 parenthesi
429 1033 590 1092 includantur,
610 1053 658 1084 non
678 1041 754 1087 video.
775 1047 813 1090 Est
829 1049 891 1092 enim
907 1065 932 1094 ea
951 1053 1042 1112 poetica
1054 1053 1141 1111 forma,
1160 1070 1187 1102 ut
1206 1059 1325 1109 absoluta

277 1104 435 1148 enuntiatione
445 1104 546 1160 dicatur,
556 1107 620 1169 quod
633 1111 658 1154 in
671 1126 738 1172 prosa
752 1127 825 1170 esset,
841 1117 896 1162 urbs
911 1119 969 1175 fnit,
985 1137 1054 1184 quom
1069 1127 1095 1168 T.
1109 1141 1129 1170 e.
1148 1135 1256 1184 tenuere,
1276 1131 1324 1177 ha-

274 1173 386 1220 bitarunt.
398 1201 429 1211 -
440 1177 475 1222 13.
488 1178 591 1240 Kartaqo
601 1179 685 1226 Medic.
698 1198 751 1228 cum
762 1185 840 1232 multia
852 1187 903 1234 aliie
915 1205 921 1235 ε
934 1192 991 1236 item
1005 1193 1074 1240 Goth.
1084 1211 1129 1242 tec.
1141 1197 1188 1243 Alii
1199 1199 1325 1266 Curtaqo,

274 1256 301 1288 ut
311 1255 333 1289 et
344 1244 407 1306 apud
417 1244 481 1292 alios.
496 1246 598 1292 Tiberina
607 1265 686 1297 omnes
695 1251 719 1297 h.
732 1251 761 1309 l.,
771 1271 825 1301 cum
837 1256 893 1305 aliae
901 1272 1022 1324 tantopere
1031 1266 1121 1311 varient
1130 1265 1185 1313 iibri
1197 1270 1225 1314 in
1236 1275 1323 1333 serip-

274 1326 332 1358 ture.
342 1314 423 1360 Hostia
431 1315 558 1363 Mediceur.
568 1320 593 1363 it.
607 1320 674 1366 Goth.
691 1338 726 1385 pr.
737 1335 760 1369 et
771 1337 823 1371 tort.
834 1343 877 1390 pro
894 1344 1002 1394 corrupta
1010 1331 1151 1397 {sequiornm
1162 1337 1322 1386 'saeuorum

272 1385 393 1445 scriptura.
402 1409 434 1420 -·
446 1386 479 1430 15.
489 1387 559 1435 Hanc
568 1390 642 1452 Bigot.
646 1390 725 1454 fertur
734 1402 816 1440 terram
824 1399 958 1460 Sprotiannt
966 1419 1010 1466 pro
1019 1420 1067 1450 rar.
1076 1404 1130 1452 leet.
1141 1422 1189 1452 una
1199 1410 1318 1458 Part-ahs.

267 1554 296 1599 te
306 1541 410 1610 divina,
419 1541 446 1594 h.
459 1563 481 1596 e·
495 1546 673 1615 ipsalunone.
694 1549 760 1604 Sub·
807 1575 904 1630 magno
914 1560 1051 1631 interjecto
1060 1566 1140 1628 mari,
1149 1583 1180 1617 ex
1191 1567 1316 1622 adverso

268 1625 358 1692 jicitur
374 1642 424 1694 pro
447 1625 643 1695 explicatione:
666 1625 760 1702 quidne
806 1637 888 1690 ltaliae
908 1654 934 1692 et
954 1641 1061 1711 quidem
1088 1645 1198 1712 Romae,
1223 1665 1313 1718 quem

268 1700 409 1754 dolenr-
435 1703 569 1775 impulerit
596 1705 646 1760 dea
674 1713 759 1762 virum
807 1735 855 1786 per
873 1716 1139 1794 Tiberim'deeignari
1156 1738 1235 1795 puto.
1249 1740 1312 1780 stu-

202 1775 205 1781 ’
268 1778 421 1851 (exquisite,
431 1782 458 1834 h.
470 1803 493 1834 e.
504 1787 634 1857 coegerit)
644 1797 759 1864 toteatut
806 1795 908 1868 diisque
918 1800 1059 1869 asperrima
1079 1801 1142 1854 belli
1151 1841 1161 1868 ,
1183 1809 1312 1876 graviter

268 1859 386 1926 volvere,
401 1860 428 1911 h.
444 1881 466 1914 e.
488 1876 517 1913 ut
529 1865 643 1930 subiret,
664 1867 755 1920 adiret.
806 1873 905 1926 dictum
924 1895 974 1948 pro
992 1880 1098 1931 :dedita
1104 1919 1113 1946 ,
1132 1900 1230 1938 vacans
1250 1898 1310 1938 stu-

267 1940 332 2006 Quae
344 1941 413 1992 enim
421 1943 525 2012 gravia,
536 1943 655 1996 difficilia
666 1957 693 1998 et
703 1966 758 1998 mo·
805 1952 854 2004 diis
861 1953 924 2006 belli
931 1977 939 2006 .-
950 1957 1023 2027 qnod
1030 1977 1148 2030 aspentm
1156 1961 1309 2026 dicisolet;

264 2019 333 2072 leste
354 2033 433 2087 sunt,
457 2032 484 2074 et
505 2033 562 2092 qnte
583 2042 680 2096 magna
696 2045 756 2080 cnm
804 2042 861 2082 turn
872 2037 958 2103 poetis
974 2037 1090 2090 studium
1111 2039 1209 2092 dicitur
1222 2061 1308 2114 aspe-

257 2100 419 2154 difficultate
442 2121 594 2170 movemus,
618 2104 755 2160 machina·
803 2127 878 2175 rum,
896 2113 1057 2186 tandemque
1071 2119 1130 2170 urbs
1143 2138 1236 2190 aspera
1250 2135 1307 2175 stu-

262 2199 340 2249 mur,
360 2183 502 2249 molimur,
534 2183 699 2256 perficimus,
722 2207 755 2240 ea
802 2189 851 2243 diis
865 2191 935 2244 belli.
948 2196 1037 2254 Virtus
1057 2195 1154 2250 bellica
1174 2218 1191 2250 a
1211 2207 1306 2272 poerit

262 2261 332 2313 volvi
340 2266 425 2332 poetis
436 2264 574 2332 dicuntur,
587 2284 658 2317 nunc
669 2279 696 2318 et
707 2286 752 2334 ea,
800 2270 928 2338 peritam
946 2277 1101 2343 exprimitur
1124 2279 1236 2350 ejusque
1262 2295 1304 2334 at-

228 2369 230 2380 -
262 2358 319 2412 quae
331 2343 485 2395 tolerantur.
800 2349 908 2401 tributa.
938 2353 1112 2424 Exaspemtur
1134 2371 1225 2410 autem
1248 2363 1301 2428 ie,

300 2437 338 2472 12.
364 2421 387 2473 A
407 2424 518 2474 lunonis
540 2422 608 2473 odiis
630 2423 750 2492 orditur,
801 2433 846 2502 qui
858 2433 1004 2486 offenditur
1019 2447 1046 2487 et
1068 2436 1102 2488 ad
1117 2439 1183 2489 iram
1196 2458 1303 2509 provo,

258 2501 358 2570 quippe
372 2517 420 2570 per
432 2519 489 2570 quae
501 2501 609 2570 objectae
625 2515 686 2552 sunt
697 2503 750 2555 dii·
799 2521 881 2562 catur.
891 2513 984 2582 Itaque
993 2531 1083 2584 asper,
1094 2515 1197 2582 σμχῠς,
1213 2521 1300 2572 modo

258 2578 401 2642 ficnltates,
415 2579 510 2648 quibus
529 2579 563 2630 ab
579 2580 659 2631 ltaliae
676 2581 749 2636 aditu
797 2592 898 2655 iratur,
919 2591 1075 2659 vehemens,
1096 2595 1185 2662 ferus,
1202 2600 1301 2670 ferox,

258 2667 419 2709 averteretur
443 2658 546 2709 AEneas.
576 2659 749 2728 exponuntur
795 2687 896 2736 sevus,
914 2671 994 2724 modo
1015 2675 1110 2739 fortis,
1129 2675 1295 2744 bellicosus,

258 2734 313 2785 odii
323 2753 420 2788 caussae
431 2758 437 2786 :
449 2755 506 2807 quae
517 2737 642 2790 lectorem
659 2758 747 2793 rernm
795 2749 875 2800 modo
897 2769 973 2815 acer,
993 2750 1103 2817 ardens,
1122 2757 1296 2824 concitatus,

256 2817 429 2885 Trojanarum
440 2816 513 2870 haud
528 2837 635 2890 prorsus
654 2820 747 2874 rudem
795 2826 920 2899 flagrans,
941 2842 971 2880 ut
990 2829 1017 2882 lr.
1036 2831 1053 2882 l.
1074 2831 1198 2886 Similiter
1221 2855 1299 2890 acres

255 2895 343 2948 studio
351 2897 548 2969 legendinesrio
557 2901 744 2970 quoimbuunt.
794 2908 939 2975 iracundi,
969 2910 1066 2978 calidi,
1096 2915 1202 2980 lpprie,
1229 2936 1297 2968 mox

253 2979 307 3030 Cur
319 2976 499 3050 aCarthagine
506 2979 609 3032 initium
620 2980 746 3032 narrandi
793 2990 909 3056 strenui,
924 2988 1060 3057 memmei,
1076 3003 1133 3042 tum
1144 2992 1295 3048 vehemen.

251 3061 335 3112 faeiat
356 3070 448 3129 poeta,
469 3076 494 3108 v.
516 3077 577 3109 mox
599 3059 634 3110 ad
652 3077 677 3109 v.
701 3060 743 3126 34.
793 3081 849 3132 tet,
872 3067 958 3129 lereti,
983 3080 1008 3120 et
1029 3071 1066 3122 sio
1084 3071 1176 3122 fortes.
1202 3071 1293 3128 Semel

251 3138 320 3190 Urbs
326 3138 402 3208 fuit,
414 3139 540 3209 quoniam
552 3137 598 3190 illa
615 3149 670 3189 tum
685 3151 742 3190 erat
790 3149 922 3199 monuisse
945 3147 1051 3219 expedit
1085 3147 1120 3201 ad
1141 3153 1291 3220 {poetieam

251 3237 360 3285 eversa,
376 3237 393 3271 a
406 3220 490 3290 Tyriis
507 3217 615 3271 oondita
626 3232 652 3270 et
667 3218 741 3271 habi·
790 3229 952 3292 orationem,
973 3246 1052 3298 quam
1068 3229 1189 3299 inprimis
1212 3250 1292 3300 pers·

249 3310 313 3350 tata.
332 3299 461 3372 antiqua,
476 3317 530 3349 non
549 3309 603 3349 tam
615 3301 742 3367 qu011i³ffl
788 3319 894 3376 pectam
913 3324 970 3358 esse
986 3305 1123 3374 volumus,
1145 3308 1292 3362 declaran-

248 3395 318 3429 nova
333 3378 470 3450 'Carthago
489 3377 603 3430 deducta
620 3397 705 3448 nuper
725 3397 742 3428 n
789 3384 859 3436 dam.

160 3469 165 3481 ·
249 3457 350 3510 Caesare
360 3457 464 3510 colonia
476 3470 585 3522 erat,ut
594 3459 650 3510 fere
662 3460 741 3510 inter-
826 3464 865 3518 15.
894 3465 981 3533 Quam
1003 3467 1073 3517 Jnno
1092 3467 1178 3518 fertur
1201 3486 1289 3522 unam

191 3577 192 3582 ,
247 3539 739 3612 prates3sedquoniamantiquaorigo
788 3549 905 3596 omnium
923 3547 1035 3598 maxime
1060 3563 1178 3613 amasse,
1200 3550 1286 3601 etiam

246 3622 366 3691 inprimis
378 3624 406 3673 in
420 3622 525 3674 urbium
543 3621 622 3674 laude
639 3639 737 3674 memo·
786 3623 863 3675 Samo
880 3623 1039 3695 protulisse,
1051 3626 1079 3676 in
1092 3627 1287 3697 quaantiquis-

246 3731 321 3772 ratur
342 3717 388 3768 inf.
401 3715 424 3764 ll
454 3709 505 3766 363
517 3707 550 3760 de
563 3704 660 3771 Troja:
675 3702 738 3754 Urbs
784 3706 851 3756 sima
869 3717 895 3756 et
907 3703 1077 3756 celeberrima
1088 3706 1199 3755 lunonis
1216 3709 1285 3760 reli·

263 3799 303 3851 nti
322 3756 356 3847 ita
377 3748 442 3844 ruiti
458 3801 484 3841 et
505 3787 538 3840 de
550 3783 736 3836 Italia-,Terra
783 3786 827 3855 gio
846 3796 911 3835 erat.
930 3783 968 3834 De
985 3783 1085 3853 templo
1099 3785 1212 3835 lunonis
1235 3787 1284 3840 Sa·

243 3816 359 3930 :ntiqui
383 3880 482 3941 potem,
782 3865 872 3915 miaev.
880 3861 1005 3914 Herodot.
1014 3863 1059 3926 111,
1067 3863 1108 3913 60.
1116 3863 1281 3937 Carthagine

224 3935 228 3940 ’
282 3894 322 4009 13,
349 3909 389 4018 ¹l·
418 3946 522 4018 Lonqe,
551 3940 644 4018 procul
667 3942 733 4011 sita,
782 3941 832 3994 tub
851 3941 956 3995 Uranie
976 3941 1121 4004 nomineh.
1137 3963 1160 3995 e.
1182 3961 1282 4017 eaap-
