2742 4586
431 269 493 332 Ao
515 266 709 330 iterun
732 264 757 328 1.
1046 296 1101 362 19¹

76 403 151 453 lacta
159 396 267 450 occludi
279 393 387 451 solerett
400 392 483 442 visum
494 391 564 442 enim
573 401 612 447 est
622 388 722 440 Bellum
734 385 814 440 modo
822 390 936 440 coerceri
945 395 1027 460 portis
1038 395 1109 448 clau-

78 482 139 543 sis‚·
151 495 187 528 ne
211 475 256 526 ille
275 472 339 524 deus
357 471 441 540 portis
458 471 554 539 apertis
570 468 642 520 foras
660 478 821 537 erumperet,
840 467 919 518 modo
938 471 989 520 Pax
1009 474 1111 537 inclusa

78 559 180 620 teneri,
193 575 227 606 ne
238 554 363 626 avolaret.
375 552 468 619 ltaque
480 549 550 600 idem
560 549 686 618 templum
696 560 721 598 et
729 549 790 604 Jani
801 559 827 598 et
837 547 901 599 Belli
914 561 939 600 et
951 552 1024 603 Pacis
1036 553 1111 606 habi·

13 703 17 712 Ι
80 652 148 688 tum.
162 637 189 688 Si
205 633 292 686 Valet.
306 632 391 684 Flere.
406 631 454 692 111,
474 627 522 680 253
535 639 597 680 tnnc
606 639 681 700 porta
699 628 776 680 trucis
793 627 846 679 coit
860 626 945 697 infera
963 629 1025 681 belli
1039 632 1110 686 huno

78 720 172 771 locum
183 715 310 786 respexit,
319 711 458 782 probabile
466 708 507 774 fit,
519 709 627 762 alteram
636 711 703 761 ineo
712 709 772 760 loco
780 708 932 772 lectionem,
942 721 1018 779 porte
1026 693 1111 780 efferis
1161 753 1164 760 1
1180 739 1185 754 r

80 815 173 850 vem
183 811 248 846 0539,
258 794 317 844 Jam
325 807 406 860 porro
414 787 615 858 Furorimpius‚
623 786 650 838 h«
662 808 684 838 e.
695 787 795 838 Bellum
802 787 890 846 civile3
901 799 931 838 ut
939 788 1011 858 apud
1018 788 1110 842 Horat.

80 880 188 928 Petron.
203 886 229 925 et
246 873 278 925 al.
295 871 373 924 ovid.
386 872 397 920 l
410 887 441 922 ex
458 870 532 918 Pont.
545 886 576 930 2,
597 867 644 918 126
661 867 694 918 tle
706 867 839 938 Augusto:
861 865 959 919 Clausit
974 879 1000 918 et
1016 880 1112 922 retorna

80 958 167 1008 civica
177 953 249 1006 bella
259 970 322 1004 sera.
336 952 369 1003 cf.
384 952 486 1002 Peteon.
497 950 525 998 Β.
537 947 592 998 civ.
607 947 657 999 256
669 963 708 1016 eq.
720 946 783 1008 nodi
791 947 917 1014 exquisite
926 965 975 1018 pro
984 949 1112 1016 vinealia,

81 1037 193 1090 catenis.
206 1033 344 1104 Virgilium
355 1043 414 1082 ante
423 1028 513 1080 oculos
530 1027 653 1080 habuisse
667 1025 773 1077 videtur
785 1026 874 1077 Menil.
886 1028 940 1095 jam
953 1027 1042 1078 Cerdae
1054 1028 1113 1081 lati·

81 1117 176 1179 datus,
188 1115 214 1178 l,
232 1129 280 1182 9²¹
295 1114 354 1183 jam
372 1107 437 1161 bella
449 1109 595 1180 quiescunt,
608 1117 686 1176 atque
702 1105 862 1157 adamanteis
876 1107 1010 1158 Discordia
1027 1107 1113 1160 vincta

81 1193 182 1245 „arenis
199 1189 323 1263 AEternos
330 1189 423 1239 haheat
428 1186 519 1256 frenos
539 1186 567 1235 in
584 1201 684 1234 carcere
703 1183 799 1234 clausa.
813 1196 839 1234 et
857 1183 933 1235 ovid.
951 1185 1042 1236 lFest.
1063 1204 1112 1255 7⁰²

83 1273 178 1325 Gratia
189 1271 237 1324 Dis
247 1266 389 1340 domuique
398 1277 468 1318 ‘tuoes
489 1263 598 1336 religata
610 1264 706 1314 catenis
717 1263 878 1333 «iampridem
895 1274 979 1315 nostro
994 1266 1039 1316 snb
1048 1267 1114 1336 pede

83 1349 160 1404 Bella
170 1353 270 1422 jacent.
281 1351 315 1400 At
325 1368 375 1420 ipsi
384 1346 495 1418 Virgilio
508 1346 646 1416 praeiverat
660 1345 760 1398 Ennius
772 1343 844 1412 apud
859 1345 950 1396 Horat.
963 1346 974 1394 1
985 1345 1065 1396 Serm.
1083 1347 1113 1412 4,

82 1430 118 1482 60
128 1440 267 1502 postquam
277 1429 412 1484 Discordia
423 1437 487 1478 tetra
496 1421 566 1476 Belli
572 1424 687 1493 ferratos
694 1433 920 1496 postesportasque
929 1423 1041 1496 refregit.

532 1599 670 1613 -a

371 1719 730 1811 EXCURSUS
766 1721 825 1806 X.
856 1704 861 1712 ¹

258 1903 438 1968 Mercurius
451 1896 498 1962 ad
510 1897 626 1967 Pcenos
634 1894 814 1983 placandos
827 1899 948 1964 missus.

121 2071 148 2136 Ι,
163 2085 223 2138 ²97·
236 2064 298 2116 Hoec
308 2059 361 2112 ait:
374 2070 398 2110 et
410 2057 485 2108 Maio
495 2056 616 2128 genitum
628 2055 740 2106 demittit
749 2053 781 2105 ab
792 2053 846 2106 alto
858 2073 915 2127 sqq.
929 2055 1038 2110 Videtur
1046 2061 1117 2113 hunc

86 2164 174 2225 poetae
186 2145 274 2197 locum
283 2141 439 2211 expressisse
451 2135 557 2187 calator
568 2151 675 2204 gemmae
689 2150 741 2190 non
754 2133 876 2203 ignobilis
894 2154 907 2185 e
926 2135 1016 2186 Museo
1032 2139 1118 2188 Bour-

87 2228 189 2285 dalovii
196 2265 205 2292 ,
223 2235 284 2295 post
295 2216 488 2284 Montefalc.in
498 2212 608 2283 Virgilio
622 2209 794 2273 Londinensi5
810 2211 955 2264 Justicianc
968 2225 994 2265 et
1004 2215 1118 2266 Ambro-

87 2316 169 2383 giano
181 2305 312 2375 repetitae,
322 2302 349 2350 in
360 2295 522 2368 qua-iupiter
531 2294 558 2342 in
567 2289 654 2342 medio
662 2288 769 2353 sedens,
777 2291 865 2340 Venus
870 2291 944 2357 jutta
953 2309 1011 2342 cum
1021 2291 1118 2344 Amore
1165 2278 1169 2283 ”

87 2391 149 2444 lori
161 2384 327 2456 supplicans,
336 2397 370 2432 ex
386 2377 469 2429 altera
479 2385 555 2443 parte
567 2371 713 2422 Mercurius
728 2387 788 2420 cum
801 2369 932 2421 mandatis
948 2372 1019 2422 Jovis
1031 2369 1119 2424 disce-

89 2473 169 2529 densa
182 2462 263 2516 modo
272 2462 335 2513 satis
345 2454 447 2527 liquido
459 2461 605 2513 constaret,
619 2467 651 2499 an
664 2467 680 2498 a
691 2465 771 2498 manu
783 2449 892 2518 antiqua
904 2468 969 2519 opus
979 2449 1045 2501 illud
1055 2467 1120 2520 pro·-

88 2555 191 2602 tectam
202 2545 248 2604 sit3
261 2539 325 2591 mihi
336 2550 422 2589 tamen
435 2549 525 2584 omnes
536 2529 586 2580 illae
598 2545 705 2598 gemme
719 2526 882 2598 Virgilianos,
893 2543 922 2578 ut
936 2530 992 2581 aliae
1007 2530 1119 2581 Romani

89 2623 252 2699 argumenti,
264 2618 378 2670 recentia
385 2613 495 2684 ingenia
502 2607 615 2681 prodere
625 2605 759 2666 videntum
771 2623 826 2656 non
834 2608 903 2658 enim
912 2607 940 2658 id
951 2609 1001 2660 luit
1011 2625 1120 2658 suorum

89 2717 229 2780 poetarum
246 2697 360 2750 studium
378 2693 515 2754 Romanis,
527 2705 576 2738 nec
588 2685 670 2736 Greci
688 2682 798 2735 artifices
815 2684 889 2736 latini
908 2687 1030 2736 carminis
1046 2688 1119 2756 peri·

89 2793 155 2840 tiam
172 2795 271 2834 tantam
287 2776 410 2830 hahuisse
424 2771 558 2830 ridentum
570 2763 769 2818 contrasaeculo
780 2765 828 2814 XV
844 2779 870 2816 et
883 2766 942 2816 XVl
954 2785 1014 2818 cum
1025 2765 1120 2818 Graecae

89 2865 188 2918 fabula
196 2860 275 2930 vulgo
288 2858 484 2927 ignorarentur,
497 2848 532 2901 ad
547 2849 693 2897 Romanam
706 2844 843 2894 historiam
862 2863 892 2895 ec
904 2846 983 2894 ritum
1001 2847 1121 2896 revocari

90 2948 180 3017 prisca
199 2946 381 2998 monumenta,
401 2931 435 2984 etl
454 2928 567 2982 eundern
585 2926 638 2977 elia
654 2927 771 2976 recentia
790 2941 872 2994 opere
891 2923 998 2988 confici,
1021 2926 1119 2994 passim

90 3023 222 3077 solebant.
236 3017 357 3069 Ceterum
372 3010 500 3064 celeritati
512 3007 579 3059 hene
593 3003 738 3060 consulitur
750 3021 767 3054 a
782 3014 874 3072 poeta,
894 3005 965 3053 omni
980 3004 1051 3052 Josis
1063 3019 1120 3052 ser-

90 3120 170 3153 mone
183 3097 295 3154 omisso,
309 3110 361 3162 quo
373 3087 498 3142 mandatu
508 3085 640 3136 Mercurio
658 3082 722 3134 deta
735 3093 821 3138 aranu
835 3099 953 3150 quanam
964 3079 1011 3130 illa
1022 3080 1121 3131 fuerint
1188 3099 1189 3102 ¹

90 3179 261 3250 intelligimus
274 3173 357 3235 exiis,
370 3188 427 3239 quoe
436 3166 586 3225 Mercurius
593 3164 751 3234 exsequitur.
762 3161 907 3212 Mercurius
917 3171 1004 3210 nutam
1013 3159 1120 3224 anisnis,

91 3272 121 3310 ut
133 3257 161 3308 h.
175 3256 193 3306 l.
206 3251 316 3304 Didonis
327 3261 356 3301 et
364 3251 519 3305 Fennorum
532 3241 681 3294 molliendis
694 3252 719 3291 et
730 3237 864 3291 flectendis
876 3239 995 3307 inprimis
1009 3235 1121 3288 idoneus

92 3337 173 3398 deus,
194 3333 240 3401 qui
255 3327 327 3399 fetos
347 3323 431 3380 cattus
443 3322 579 3376 tomitem
593 3329 740 3382 retentum,
758 3317 877 3386 adeoque
896 3329 921 3368 et
932 3315 1121 3379 barbarorum,

93 3415 186 3485 quales
197 3412 269 3462 Poeni
282 3419 355 3459 erant
363 3443 371 3472 ,
380 3405 514 3458 «formavit.
525 3401 629 3454 Scilicet
638 3399 689 3453 hoc
699 3398 733 3451 ad
745 3397 922 3468 persuasionis
931 3398 983 3448 vim
992 3397 1121 3466 pertinet,

91 3496 120 3545 in
134 3489 281 3552 monendo,
294 3487 410 3540 consiliis
422 3482 532 3546 dandis,
544 3493 570 3534 et
584 3483 621 3534 sic
630 3497 724 3550 porro;
738 3491 766 3528 nt
777 3477 871 3548 Odyss.
885 3497 914 3536 e,
931 3475 963 3544 37
978 3475 1012 3527 ed
1025 3475 1121 3527 dehor-

92 3570 204 3622 tandum
223 3588 239 3620 a
256 3566 353 3620 scelere
372 3561 518 3634 AEgisthttm
535 3561 681 3615 Mercurius
700 3559 818 3610 mittitur.
838 3557 952 3608 Omnino
973 3556 1122 3606 oeconomia

91 3649 190 3702 fabulae
201 3645 279 3716 hujus
293 3644 371 3714 primi
387 3642 448 3694 libri
461 3653 500 3696 est
512 3641 609 3692 eximite
621 3641 693 3690 artis.
710 3637 876 3708 Carthaginis
894 3635 1017 3688 adversus
1034 3635 1120 3686 AEneae

92 3729 149 3780 feta
162 3725 265 3786 tuende
278 3723 364 3779 studio
376 3719 387 3790 (
398 3741 423 3772 v.
436 3739 493 3791 sup.
509 3720 546 3772 13.
563 3736 594 3788 ¹9
603 3721 621 3791 )
634 3721 703 3769 luno
715 3719 823 3769 AEneam
837 3718 951 3768 immissa
965 3726 1121 3786 tempestate

91 3806 205 3878 perdere
216 3804 343 3857 volueret.
357 3802 437 3870 Atqui
451 3801 502 3854 hae
516 3801 574 3870 ipsa
585 3811 739 3868 tempestate
754 3799 781 3848 in
795 3797 960 3868 Carthaginis
971 3796 1065 3863 hujus,
1078 3792 1121 3862 cui

92 3888 163 3936 Juno
177 3885 283 3952 metuit,
299 3881 359 3932 litus
372 3882 474 3949 ejicitur
486 3881 588 3930 AEncas.
601 3879 661 3929 Jam
672 3879 772 3929 mireris
785 3879 875 3945 utique
885 3887 990 3944 poetam
999 3873 1050 3922 hoc
1058 3887 1122 3921 casu

93 3982 148 4016 non
160 3982 192 4018 eo
202 3965 255 4031 uti,
266 3973 296 4014 ut
303 3973 377 4015 tanto
388 3963 515 4030 majorem
523 3959 599 4010 nobis
608 3975 686 4028 super
695 3957 781 4008 AEneae
791 3955 939 4008 discrimine
949 3971 978 4004 ac
988 3949 1121 4022 periculo,
1192 3977 1194 3982 ,
