2656 4592
243 326 246 332 ,
303 276 538 358 ⁸mistros
561 277 714 341 Lissa
738 277 800 341 tv.
1010 278 1072 366 539

30 399 192 466 Anthene
203 397 292 489 apud
304 421 467 465 memores
479 400 599 465 veteris
611 416 673 465 stat
683 401 784 489 gratia
796 401 894 467 facti?

30 509 112 588 Quis
124 530 178 570 me
189 523 313 586 autem,
327 506 379 572 fac
390 505 491 585 velle,
505 507 608 570 sinet?
619 505 784 572 ratibusve
797 505 946 596 superbis
1030 517 1073 574 540

30 613 173 678 invisam
185 610 344 701 adcipiat?
355 613 461 678 nescis
472 610 554 691 heu,
568 611 710 701 perdita,
724 603 868 678 necdum

30 718 284 784 Laomedonteae
296 720 397 784 sentis
409 718 552 808 perjuria
565 720 692 806 gentis?

28 825 118 906 Quid
129 828 220 890 tum?
231 827 299 892 sola
312 826 389 914 fuga
400 842 515 890 nautas
528 824 712 891 comitabor
724 826 870 890 ovantis?

29 934 94 1011 An,
110 933 218 1021 Tyriis
231 934 389 1022 omnique
404 955 505 996 manu
517 933 634 1021 stipata
646 953 813 1011 meorum,

28 1037 232 1117 Inferarlet,
247 1061 330 1129 quos
343 1037 476 1104 Sidonia
488 1040 541 1106 vix
554 1037 636 1102 urbe
649 1037 778 1116 revelli,
1032 1047 1077 1106 sta

28 1148 153 1210 Rursus
166 1167 259 1233 agam
271 1145 402 1233 pelago,
417 1162 449 1209 et
460 1146 567 1210 ventis
581 1143 659 1209 dare
672 1145 745 1209 vela
753 1142 900 1233 jubebo?
1001 1218 1002 1234 ἶ

28 1252 116 1334 Quin
128 1274 271 1332 morere,
286 1267 324 1316 ut
334 1253 451 1316 merita
464 1274 515 1333 es;
528 1252 684 1342 ferroque
697 1267 808 1315 averte
822 1249 981 1315 dolorem.

29 1359 95 1439 Tu,
109 1357 251 1423 lacrimis
263 1359 369 1422 evicta
380 1359 476 1437 meis,
490 1375 527 1422 tu
539 1359 645 1445 prima
658 1359 825 1422 furentem

27 1541 76 1588 silio
86 1541 176 1604 aliquot
185 1558 222 1604 ap.
232 1542 293 1586 Pier.
302 1565 334 1576 -
344 1539 396 1601 539.
409 1541 459 1586 Aut
469 1540 523 1586 bene
537 1539 647 1586 nonnulli
659 1541 738 1586 Heius.
753 1552 775 1586 et
786 1540 865 1584 Burm.
878 1555 932 1585 cum
941 1538 1010 1584 Goth.
1022 1550 1074 1586 tert.

28 1611 119 1673 Vulgo:
132 1613 165 1656 Et
178 1611 239 1656 bene.
257 1613 296 1656 Est
308 1611 352 1655 hoc
364 1612 426 1656 inter
438 1623 545 1656 sexcenta
556 1627 568 1655 a
580 1611 714 1655 Burmauno
726 1621 826 1664 mutata,
843 1609 884 1654 ubi
892 1607 933 1676 ¹nil
945 1609 1076 1662 referebat,

28 1681 103 1727 hocne
116 1697 146 1727 an
158 1681 232 1727 altero
244 1680 314 1726 modo
324 1680 450 1742 legeretur.
465 1680 546 1725 Malim
556 1682 639 1743 utique
652 1682 738 1725 intacta
752 1696 778 1725 ea
791 1693 840 1724 esse
856 1677 1028 1724 relictaaNuuc
1040 1688 1076 1721 ta-

27 1767 80 1797 men
92 1769 118 1797 ea
130 1754 215 1798 iterum
227 1763 316 1796 mutare
328 1750 402 1806 velle,
414 1751 488 1797 multo
498 1752 570 1812 magis
583 1753 743 1813 importunum
757 1763 816 1797 esset
828 1761 851 1795 et
862 1764 933 1794 novas
946 1748 1024 1793 turbas
1036 1750 1075 1791 in-

29 1823 107 1869 ferret.
117 1831 144 1869 ot
152 1826 228 1885 Sprot.
239 1835 262 1869 et
271 1821 382 1877 Dorvill.‚
395 1822 440 1868 hoc
449 1837 498 1868 non
507 1823 576 1869 male.
589 1826 619 1868 sit
625 1826 698 1887 pratris
709 1824 806 1884 Menag.¹
814 1839 866 1884 pr.‚
878 1821 942 1868 unde
949 1821 981 1882 fit
989 1820 1077 1864 fecerat

28 1893 143 1938 Heinsius.
152 1918 184 1928 —
194 1891 245 1948 540.
257 1895 317 1937 sinat
328 1892 386 1937 alter
396 1893 478 1937 llamb.
491 1910 519 1939 ex
528 1895 581 1940 Ere.
595 1895 673 1938 Burin.
687 1911 699 1939 a
713 1910 745 1938 m.
756 1910 792 1955 pr.
810 1891 939 1955 ratibusque
954 1888 1023 1934 Goth.
1038 1905 1075 1949 pr.
1150 1914 1152 1919 ·

28 1974 50 2007 et
62 1965 94 2008 sic
104 1961 191 2007 Medic.
207 1977 260 2007 eum
272 1961 391 2024 plerisque
407 1964 493 2022 licius„
507 1976 530 2009 et
545 1965 624 2009 Burm.
641 1964 755 2010 ratibusne
769 1964 886 2019 Parthas,
899 1961 964 2024 quod
974 1958 1075 2005 Brunclt.

26 2035 131 2095 recepit,
147 2045 257 2095 tanquam
268 2035 338 2079 unice
350 2050 446 2088 verum3
459 2034 568 2097 equidem
582 2048 604 2081 et
616 2051 644 2080 na
657 2037 712 2082 ferri
725 2052 791 2098 posse
803 2035 885 2090 video,
901 2047 925 2079 et
940 2049 968 2078 tte
981 2040 1075 2077 accom-

27 2104 147 2150 modatum
159 2119 222 2159 esse;
234 2117 310 2166 potest
321 2106 382 2150 enim
394 2109 509 2152 sententia
518 2123 597 2153 versus
607 2120 630 2153 et
642 2107 687 2154 hoc
698 2120 721 2154 et
730 2107 772 2153 illo
783 2107 854 2152 modo
861 2105 1016 2169 pronuntiari.
1035 2117 1076 2146 su-

26 2173 109 2235 perbus
122 2173 159 2220 ed.
172 2175 245 2230 Van„
262 2190 311 2221 non
322 2174 391 2220 male.
408 2175 454 2220 Sed
466 2176 564 2223 alterum
577 2180 649 2240 magis
660 2181 788 2241 poeticum.
800 2202 832 2212 -
843 2174 895 2232 541.
908 2177 1007 2219 fnvuom
1023 2182 1076 2234 post

29 2245 132 2290 Pieriam
144 2245 224 2290 Heius.
240 2247 358 2294 revocavit
371 2262 383 2291 e
398 2245 534 2293 melioribus
546 2249 616 2293 coddv
631 2261 654 2294 et
663 2251 753 2294 ratione
766 2248 858 2294 idonea.
876 2244 953 2306 Vulgo
969 2246 1075 2296 irrisam,

29 2315 93 2376 quod
104 2329 253 2378 praecesserat
266 2334 286 2363 v.
305 2316 357 2373 534.
372 2319 503 2381 Utrumque
517 2321 586 2364 etiam
602 2322 695 2366 Servius
712 2322 823 2383 agnoscit.
835 2344 867 2354 —
880 2319 932 2376 542.
943 2318 1023 2361 mum.
1038 2314 1076 2360 vel

26 2387 211 2442 Leontedunteoe,
226 2378 420 2436 laomedoniitdoe
436 2390 553 2437 aberratio
565 2391 640 2438 Codd.
655 2394 728 2457 qenais
742 2409 766 2456 p.
786 2395 854 2437 sentis
869 2389 966 2437 Dorrill.
976 2413 1008 2423 -
1022 2385 1074 2442 543.

28 2459 88 2516 Quid
100 2475 153 2504 cum
168 2461 266 2508 Dorvill.
279 2461 403 2508 comitabar
419 2474 471 2508 tert.
485 2463 595 2509 Rotteud.
607 2467 713 2509 comitata
724 2481 760 2526 pr.
777 2464 950 2510 flammantes
966 2456 1086 2505 nonnulli
1160 2511 1163 2516 1

27 2529 101 2584 Pien,
112 2528 155 2574 sed
166 2539 257 2577 ovantes
272 2543 306 2577 est
317 2534 421 2578 ornatius
432 2531 497 2578 haud
509 2533 589 2579 dubie.
601 2534 631 2580 cf.
643 2550 696 2597 sup.
710 2551 734 2580 v.
747 2533 801 2590 418.
813 2559 844 2569 -
854 2532 907 2589 545.
925 2530 1016 2594 inferar
1023 2537 1076 2590 post

27 2596 88 2642 Pier.
99 2615 112 2643 e
123 2599 198 2644 Codd.
211 2601 313 2662 praetulit
322 2602 415 2658 licina,
426 2615 491 2649 recte
503 2619 570 2659 sane,
583 2605 694 2667 tanquam
705 2605 771 2668 quod
785 2605 923 2666 exquisitius
935 2601 1024 2646 dictum
1037 2609 1076 2642 es-

27 2680 68 2712 set.
86 2669 217 2727 ef.inf.ll,
232 2673 319 2735 576.1‚
336 2672 389 2734 439.
405 2674 482 2738 Vulgo
500 2677 618 2739 insequar.
636 2679 729 2724 Servius
741 2689 867 2739 utrumque
883 2673 971 2720 laudat.
987 2669 1077 2734 inferar

26 2752 61 2798 pr.
78 2739 161 2784 llamb.
173 2745 212 2786 vt'ac
223 2743 246 2788 S.
263 2742 292 2788 ab
308 2744 363 2791 urbe
378 2745 483 2792 Parthas.
497 2745 583 2792 revulsi
594 2745 665 2792 Wall.
675 2773 706 2782 -
716 2744 768 2804 546,
787 2749 809 2791 in
825 2748 895 2791 ventis
908 2745 983 2806 Sprot.
998 2737 1077 2786 videbo

27 2807 74 2854 duo
84 2811 163 2857 Burm.
176 2829 229 2859 cum
239 2815 309 2861 Goth.
320 2833 366 2863 sec.
379 2835 407 2864 ex
418 2835 482 2865 mota
494 2819 636 2865 aberrantes.
649 2845 682 2856 -
694 2817 746 2881 547.
758 2819 866 2882 abrumpe
875 2818 897 2862 d.
908 2831 951 2879 pro
961 2815 1007 2859 div.
1021 2812 1075 2858 lect.

27 2891 78 2925 tert.
94 2884 219 2941 Rotteud.,
237 2889 301 2948 quod
318 2904 372 2935 sane
389 2893 509 2946 usitatius,
526 2891 637 2953 idemque
649 2894 768 2954 potentius
776 2907 783 2946 ;
799 2890 840 2936 sed
852 2889 951 2935 alterum
963 2902 975 2930 a
987 2883 1077 2944 vulgari

26 2955 146 2998 remotius.
156 2978 188 2988 —
200 2955 252 3011 548.
265 2959 384 3003 Diversam
393 2957 432 3005 hic
445 2961 534 3006 Urbani
547 2963 696 3007 Grammatiei
710 2961 924 3021 interpunctionem
935 2965 1012 2999 narrat
1022 2953 1075 2996 Ser-

26 3022 76 3065 vius
87 3032 110 3065 et
123 3037 151 3066 ει
163 3037 191 3084 eo
203 3025 316 3088 Pompon.
327 3026 394 3084 sah„
411 3044 463 3090 quae
479 3030 531 3076 talis
545 3031 615 3077 fuisse
625 3029 732 3086 videtur,
745 3041 770 3074 ut
784 3031 819 3075 Tu
830 3027 927 3074 merimrs
938 3027 1009 3070 evicu
1023 3021 1077 3065 meis

26 3173 201 3240 profecerim,
221 3174 295 3246 quod
308 3176 373 3247 ipsis
386 3190 446 3230 ante
457 3180 528 3231 auxi·
577 3192 603 3232 et
621 3179 682 3231 hoc.
703 3178 826 3230 Vidimus
849 3195 908 3246 sup.
932 3171 991 3242 294·
1015 3168 1074 3240 295·

27 3246 62 3299 lio
76 3253 187 3320 fuerim,
200 3274 236 3308 sc.
252 3259 416 3330 enaufragio
429 3277 475 3310 eos
486 3278 528 3311 ex·
577 3261 706 3327 Trojanos
719 3258 792 3309 laetos
803 3256 916 3326 imperio
930 3250 1076 3302 discessum

28 3329 160 3399 cipiendo.
179 3336 247 3388 sinet
258 3339 351 3389 sc.'me
369 3341 444 3409 sequi
457 3339 526 3391 clas·
575 3335 803 3411 parasse-545.
823 3336 942 3406 luserat,
959 3329 1078 3401 sequar?

28 3425 90 3473 Sem;
107 3420 135 3467 in
152 3434 210 3487 sqq.
220 3417 254 3484 54
278 3415 371 3484 -543
384 3419 527 3472 verborum
575 3440 600 3473 v.
619 3423 682 3473 Var.
701 3421 773 3472 Lect.
792 3435 858 3489 quos
873 3415 965 3488 paullo
981 3425 1041 3464 ante
1060 3429 1076 3462 θ

28 3494 154 3548 dilectum
167 3499 288 3550 observa.
306 3497 436 3568 Trojanos
450 3502 526 3570 quasi
576 3505 645 3576 Tyro
653 3502 777 3566 excitavi,
786 3502 882 3552 iterum
892 3497 1003 3549 navibus
1012 3513 1076 3546 con·

27 3575 139 3643 perfidia
149 3591 175 3629 et
182 3576 299 3650 perjurio
311 3579 423 3631 infames
434 3598 449 3630 a
459 3581 526 3631 Lao·
576 3585 692 3646 soensis,
703 3581 842 3632 maritimis
854 3577 975 3631 cursibus
986 3593 1075 3628 errare

27 3656 151 3709 medonte
163 3657 333 3723 denominat,
352 3661 427 3728 cujus
440 3661 526 3730 perju·
574 3663 688 3716 faciam?
699 3679 736 3712 sc.
744 3672 775 3710 ut
784 3677 844 3712 cum
856 3657 978 3727 Trojanis
989 3658 1015 3706 in
1025 3657 1077 3705 lta·

27 3735 67 3786 ria
90 3739 117 3787 in
138 3739 292 3809 Neptunum
314 3751 340 3792 et
357 3739 524 3810 Apollinem,
574 3742 611 3795 lia
633 3737 893 3806 considant-54&
912 3735 971 3805 549·
993 3731 1075 3801 Q¹¹⁰d

28 3830 89 3865 mox
100 3818 128 3868 in
140 3819 294 3885 Herculem,
312 3832 377 3872 nota
395 3833 464 3871 sunt.
478 3822 526 3872 Lo·
574 3824 660 3894 ipsam
676 3838 795 3873 sororem
808 3818 1013 3870 amantissimam
1028 3831 1076 3864 ac·

28 3909 73 3942 cus
95 3894 171 3947 class.
191 3896 267 3950 Iliad.
290 3916 321 3962 φ,
340 3899 390 3966 442
415 3917 474 3971 sqq.
492 3931 526 3940 -
574 3915 663 3966 cusat,
678 3904 809 3952 summum
826 3900 953 3950 affectum
971 3893 1076 3963 arguit,

30 3969 88 4037 543.
107 3987 225 4050 ovantes,
244 3976 375 4042 letantes,
396 3979 526 4036 invidiose
576 3999 629 4054 quo
637 3983 718 4036 etiam
726 3982 754 4032 in
762 3972 1008 4048 carissimos-injurii
1017 3987 1073 4022 ests
