2690 4594
337 303 570 382 AENEIDOS
593 317 747 382 LIBER
770 317 842 381 Ill.
1048 313 1110 396 425
1166 320 1174 394 ᾗ

63 438 210 503 Noctem
222 437 311 502 illam
322 429 400 506 tecti
412 441 500 506 silvis
513 441 666 506 immania
678 459 825 506 monstra

64 543 375 625 Perferimusmec,
390 569 463 635 quae
476 548 621 620 sonitum
633 545 690 612 det
702 543 986 627 eausa,videmus.
1236 635 1238 640 Α

64 651 156 716 Nem
168 670 381 742 nequeerant
392 672 554 720 astrorum
566 655 750 742 ignee,nec
760 651 893 721 lucidus
903 651 1004 719 aethra
1069 664 1111 712 585

64 756 204 823 Siderea
215 759 327 847 polus;
341 759 481 827 obscuro
494 760 552 826 sed
564 759 679 825 nubila
690 759 789 840 eoelo;
813 807 814 812 η
853 816 855 822 .
920 797 921 806 κ
951 826 954 830 ,
1157 751 1159 754 ’

65 863 113 928 Et
125 863 237 928 lunam
249 866 283 929 in
296 865 409 931 nimbo
422 890 488 933 uox
499 867 696 955 intempesta
708 865 851 932 tenebat.

114 971 248 1034 Postera
255 971 390 1061 jamque
403 971 474 1038 dies
485 974 593 1062 primo
608 971 761 1059 surgebat
773 972 859 1050 Eoo,

66 1075 341 1165 Humentemque
353 1081 479 1143 Aurora
490 1079 570 1167 polo
582 1077 766 1144 dimoverat
777 1075 946 1142 umbram:

65 1181 182 1262 Quum
194 1181 452 1264 subitoesilvis‚
466 1185 571 1251 macie
583 1185 735 1250 confecta
747 1205 914 1272 suprema,
1072 1194 1115 1256 ⁵9⁰

66 1286 181 1377 ignoti
193 1310 278 1353 nova
289 1289 395 1353 forma
406 1291 483 1370 viri,
496 1289 751 1379 miserandaque
764 1287 871 1368 cultu,

66 1390 236 1471 Procedit,
250 1394 455 1484 supplexque
467 1418 584 1462 manus
596 1394 639 1460 ad
651 1396 748 1461 litora
758 1392 875 1458 tendit.

102 1558 155 1605 583.
165 1561 237 1605 Nocte
247 1559 286 1606 illa
295 1560 384 1624 aliquot
397 1565 473 1620 Pice,
485 1576 508 1610 et
518 1565 566 1610 duo
574 1565 653 1609 Burni.
661 1597 667 1618 ‚
675 1541 717 1608 sed
723 1561 771 1608 lroc
777 1560 902 1623 vulgarius.
912 1557 1029 1606 tectisilvis
1036 1573 1116 1605 omnes

65 1630 120 1676 lere
137 1627 191 1674 lihri
204 1631 265 1675 Pier.
280 1642 303 1676 et
314 1633 394 1678 lleins.
408 1635 487 1696 itaque
502 1639 526 1679 in
539 1645 602 1680 recte
612 1632 736 1680 sublatum.
748 1635 783 1677 De
793 1645 862 1676 sensu
875 1629 995 1691 ambigunt
1006 1629 1081 1682 ,Cerda
1093 1639 1118 1674 et

65 1702 149 1746 Burm.
159 1701 205 1746 Sed
214 1703 239 1746 in
249 1700 303 1747 litus
314 1703 444 1750 escendisse
453 1706 566 1767 Trojanos
578 1715 718 1764 noctemque
727 1703 761 1747 ihi
774 1703 884 1762 exegisse,
894 1701 1000 1746 dubitare
1010 1714 1053 1743 nee
1062 1713 1117 1743 nar·

66 1771 167 1814 rationis
179 1771 262 1816 modus
276 1785 319 1818 nec
333 1784 439 1819 veterum
448 1773 570 1819 hominum
583 1787 633 1818 mos
648 1773 703 1818 sinit
710 1788 717 1826 ;
726 1785 803 1832 neque
816 1768 883 1814 aliter
892 1767 984 1830 Ulysses
993 1769 1018 1812 in
1029 1782 1056 1812 eo
1065 1769 1118 1828 ipso

65 1839 132 1895 loco,
139 1856 210 1903 quem
216 1842 328 1904 Virgilius
335 1841 373 1889 hic
382 1847 493 1906 expressit
500 1831 581 1908 (ldyss.
591 1859 606 1896 ι,
620 1844 671 1888 150.
685 1843 734 1888 151.
746 1844 798 1887 tecti
804 1839 866 1886 silvas
873 1839 902 1886 ad
912 1839 967 1885 litus
976 1853 1116 1900 procurren-

66 1910 144 1966 tibus,
154 1913 179 1955 in
190 1910 243 1958 loco
253 1929 389 1969 nemoroso,
401 1917 426 1959 in
436 1915 473 1962 his
483 1917 539 1978 ipsis
548 1915 623 1969 silvis,
634 1914 663 1959 ab
675 1915 786 1960 interiore
797 1925 876 1974 parte,
889 1909 1039 1956 accedentem
1048 1923 1118 1954 mane

67 1981 100 2028 ad
112 1997 137 2026 se
146 1982 227 2028 vident
236 1984 416 2031 dehemenidem
427 2003 448 2032 v.
461 1987 513 2046 59ο.
523 1987 576 2032 Non
586 1997 678 2041 autem,
691 2001 771 2047 eaeque
781 1983 837 2030 olim
846 1983 910 2039 latae,
920 1981 982 2028 silvae
992 1980 1118 2026 defuerunt

66 2054 155 2108 AEtnae,
165 2064 191 2098 ut
200 2070 228 2102 ex
237 2055 338 2101 Pindaro
348 2056 422 2102 discas
433 2056 499 2120 Pyth.
513 2057 535 2112 1,
548 2055 619 2102 altera
630 2055 787 2117 antistrophe:
798 2049 879 2104 Αἱτνας
899 2049 919 2100 ir
935 2044 1117 2113 μιλαμφόλλοις

66 2117 178 2184 floruerit
193 2123 233 2172 uel
250 2124 321 2188 nider.
340 2129 447 2172 immunia
463 2127 549 2172 Medic.
565 2143 577 2172 a
594 2143 629 2189 pr.
641 2143 673 2172 m.
683 2124 775 2172 -585.
794 2140 834 2170 nec
849 2125 864 2170 l.
875 2123 1031 2170 oetherSidero
1045 2119 1117 2164 lubet.
1147 2151 1149 2156 -

65 2191 136 2253 polus
144 2217 174 2228 -
183 2196 259 2256 Sprot.
272 2193 341 2241 ether
352 2199 421 2242 etiarn
431 2199 488 2242 Voss
515 2212 568 2241 cum
578 2195 647 2241 Goth,
663 2207 715 2242 tert.
724 2220 755 2231 -
765 2194 819 2242 586.
830 2193 933 2240 obstruso
943 2217 974 2230 -
983 2188 1039 2235 coelo
1046 2187 1117 2233 Goth.

66 2280 129 2320 sec,
143 2264 207 2311 felici
221 2283 312 2322 errore,
324 2270 343 2312 si
355 2267 426 2314 modo
439 2284 503 2314 error
512 2283 556 2313 nec
568 2269 643 2329 prisca
658 2265 729 2312 lectio
740 2278 788 2322 est,
805 2267 872 2326 cujus
885 2268 1119 2325 interpretamentum

66 2337 98 2382 sit
109 2335 210 2383 obscuro.
221 2341 278 2384 Nam
287 2339 415 2385 obsessum
425 2340 538 2402 exquisite
547 2354 591 2400 pro
601 2338 713 2394 clausum,
723 2337 850 2394 occlusum,
863 2335 970 2397 adeoque
981 2331 1117 2384 obductum,

65 2408 202 2454 obscurum.
218 2411 245 2456 ln
258 2409 325 2457 libris
341 2411 390 2456 lere
409 2409 469 2455 illud
479 2426 533 2454 eum
543 2426 593 2457 voc.
610 2409 741 2455 obstrusum
753 2411 838 2465 variat,
855 2408 918 2470 apud
929 2407 1016 2451 Lucan.
1028 2404 1084 2448 Stat.
1095 2410 1120 2446 et

66 2475 205 2535 Claudiam,
215 2480 280 2544 quod
288 2479 326 2526 vel
337 2481 421 2526 Lexica
433 2479 527 2525 docent.
535 2504 567 2515 -
577 2477 629 2542 587.
641 2483 664 2524 in
673 2479 738 2526 deest
751 2480 813 2525 binis
828 2480 954 2524 Burmann.
972 2470 1038 2519 limbo
1047 2468 1118 2516 Goth.

65 2565 105 2609 pr.
115 2573 147 2583 —
157 2549 207 2597 588.
224 2568 320 2616 namque
337 2551 451 2597 Montalb.
465 2551 534 2597 Goth.
551 2567 586 2612 pr.
602 2567 674 2613 prono
690 2551 759 2596 Goth.
778 2562 844 2606 tert,
863 2548 982 2612 frequenti
998 2544 1117 2606 lapsus·-

66 2616 122 2677 589.
133 2619 300 2685 Humentesque
311 2621 401 2668 umbras
410 2623 470 2667 Ven.
481 2619 528 2666 vid.
538 2619 580 2666 lih.
592 2621 632 2676 lv,
645 2637 671 2682 7,
684 2632 708 2668 et
719 2614 779 2682 saepe
790 2619 853 2666 alibi.
864 2644 897 2655 -
911 2620 972 2679 590..
983 2617 1042 2660 Tum
1052 2611 1118 2658 Leid-

66 2687 125 2732 Mox
134 2701 147 2732 e
156 2688 221 2736 deest
230 2690 314 2746 wall,
325 2694 394 2736 etism
404 2690 459 2736 edd.
470 2689 591 2736 nonnullis
599 2690 677 2754 rulgg.
688 2699 806 2754 conspectu
813 2706 849 2752 pr.
861 2687 943 2735 Hnmb.
954 2701 998 2748 pro
1005 2699 1054 2731 var.
1064 2680 1119 2726 lect·
1129 2708 1135 2724 ι

66 2774 91 2806 v-
103 2759 182 2806 Burm,
190 2786 222 2798 -
231 2764 272 2823 591
279 2763 423 2826 .=novofamu
432 2778 478 2810 sec.
488 2762 598 2808 llottend.
608 2760 673 2808 vultu
685 2776 732 2810 tres
741 2763 804 2826 apud
815 2763 894 2807 Burni.
904 2786 935 2799 -
946 2761 998 2820 592.
1008 2754 1039 2800 ad
1046 2752 1120 2800 sidem

65 2898 130 2949 loco
136 2901 193 2967 jam
208 2899 299 2954 Cerdae
311 2901 437 2968 laudato,
453 2905 503 2968 vl,
517 2903 568 2973 478
618 2903 708 2969 erigere
717 2901 763 2971 peip
771 2900 883 2968 νεφέεσσιν
891 2896 942 2951 od.
955 2917 975 2956 ι,
987 2893 1044 2961 143·
1056 2889 1118 2957 144²

66 2978 172 3044 *dist
620 2999 699 3052 quem
713 2996 800 3034 totum
818 2982 907 3032 locum
919 2973 1044 3046 Virgilius
1057 2981 1119 3023 ante

103 3049 262 3128 583-587.
287 3059 469 3112 Escenderant
489 3072 580 3111 nocte
619 3060 711 3111 oculos
728 3060 836 3122 habuit,
855 3055 936 3108 laude
950 3065 1040 3104 tamen
1058 3049 1121 3100 hae·

65 3137 192 3210 oppressi
210 3139 237 3187 in
255 3137 318 3190 litus
335 3152 361 3190 et
378 3143 407 3190 in
426 3157 568 3192 nemoroso
618 3151 695 3190 tenus
707 3140 825 3209 integra,
841 3133 916 3206 quod
932 3125 1120 3182 Achemenidis

64 3221 129 3272 loco
153 3227 258 3268 noctem
283 3229 433 3290 exegerunt.
454 3228 569 3270 monstra
618 3229 734 3288 persons
749 3215 859 3267 inducta
873 3206 1120 3281 magnsmlegenti-

63 3298 94 3350 h.
115 3297 133 3347 l.
153 3308 333 3348 monstrosum
353 3295 568 3367 phaenornenon‚
618 3297 669 3348 hus
681 3297 849 3347 mirationem
859 3294 898 3344 rei
912 3291 1030 3342 novitate
1042 3287 1116 3339 facit.

64 3395 124 3428 rem
132 3374 430 3446 portentosam-584.
439 3375 567 3441 sonitum,
617 3377 783 3426 Imitstorem
800 3373 884 3424 nostri
895 3369 978 3421 habes
991 3365 1118 3418 Ovidium

63 3457 201 3524 fragorem
211 3457 317 3506 montis.
326 3485 360 3493 -
369 3453 428 3508 585.
441 3457 501 3506 Nox
511 3469 568 3507 eret
617 3457 678 3507 XIV
689 3455 752 3507 Met.
770 3452 817 3506 158
830 3470 906 3523 sqq,
920 3449 967 3500 ubi
978 3446 1012 3499 nd
1021 3446 1117 3500 Cumas

63 3539 228 3604 intempesta
246 3549 271 3586 et
290 3534 388 3587 illunis.
404 3553 451 3587 nec
465 3527 576 3589 lucido!
616 3535 683 3587 alius
696 3535 794 3606 Ulyssis
807 3535 894 3585 socius
914 3530 1075 3582 substiterat.
1100 3595 1104 3602 .

61 3611 145 3687 polus
153 3612 235 3664 ethra
244 3612 377 3665 siderealr.
389 3634 412 3667 e.
421 3613 567 3675 sideribus;
658 3613 814 3684 588-592.
831 3613 918 3684 primo
937 3610 1008 3674 Eoo,
1021 3605 1124 3660 Lucife-

63 3711 117 3744 nec
127 3691 223 3743 coelum
232 3692 314 3744 stellis
324 3692 487 3765 fulgentibus
495 3692 568 3745 luce-
619 3713 649 3746 ro
655 3732 665 3768 ,ἵ
672 3713 764 3759 mane,
778 3694 828 3761 ipre
837 3689 923 3762 riculf,
941 3691 974 3743 of.
986 3689 1080 3760 Georg.
1094 3698 1122 3762 Ι,

63 3775 123 3826 bat.
136 3799 171 3810 -
183 3769 242 3841 587.
263 3773 335 3824 etin
354 3772 567 3839 nimbo,nubilo
618 3769 973 3834 288.umbramhumerttem,
988 3771 1124 3821 utiamant

65 3869 144 3917 aere,
164 3852 279 3916 tenebat,
292 3852 458 3921 occultabat,
474 3851 578 3918 lunam·
616 3866 702 3924 poetae
719 3863 821 3904 noctem
835 3851 973 3902 humidam
987 3845 999 3916 (
1011 3847 1045 3901 cl.
1057 3844 1125 3898 Cer·

64 3947 130 3981 uox.
141 3925 194 3998 'rip
210 3949 256 3998 pap
279 3929 329 3998 περὶ
349 3929 412 3985 νηυσὶ
432 3931 517 3993 finiri.
528 3923 566 3995 ir,
617 3933 652 3988 tls
663 3933 687 4004 ),
702 3943 813 4004 propter
824 3949 920 3984 rorem.

65 4007 120 4067 tili
133 4006 210 4065 retius
220 4009 362 4088 'Oifasiiu
374 4011 508 4086 προῦφαινε·
521 4031 567 4066 ue-
