<?xml version="1.0" encoding="UTF-8"?>
<!DOCTYPE html PUBLIC "-//W3C//DTD XHTML 1.0 Transitional//EN"
    "http://www.w3.org/TR/xhtml1/DTD/xhtml1-transitional.dtd">
<html xmlns="http://www.w3.org/1999/xhtml" xml:lang="en" lang="en">
 <head>
  <title>
</title>
<meta http-equiv="Content-Type" content="text/html;charset=utf-8" />
  <meta name='ocr-system' content='tesseract 3.04.00' />
  <meta name='ocr-capabilities' content='ocr_page ocr_carea ocr_par ocr_line ocrx_word'/>
</head>
<body>
  <div class='ocr_page' id='page_1' title='image "./pvirgiliusmaroq00barbgoog_0053.png"; bbox 0 0 2694 4574; ppageno 0'>
   <div class='ocr_carea' id='block_1_1' title="bbox 14 299 1136 2836">
    <p class='ocr_par' dir='ltr' id='par_1_1' title="bbox 14 299 1136 2836">
     <span class='ocr_line' id='line_1_1' title="bbox 396 299 1103 410; baseline 0 -42"><span class='ocrx_word' id='word_1_1' title='bbox 396 299 460 368; x_wconf 86' lang='lat' dir='ltr'><strong>DE</strong></span> <span class='ocrx_word' id='word_1_2' title='bbox 483 300 678 410; x_wconf 46' lang='lat' dir='ltr'><strong>RERUM,</strong></span> <span class='ocrx_word' id='word_1_3' title='bbox 704 319 785 369; x_wconf 83' lang='lat' dir='ltr'><strong>erc.</strong></span> <span class='ocrx_word' id='word_1_4' title='bbox 1065 308 1103 385; x_wconf 80' lang='lat' dir='ltr'><strong>l1</strong></span> 
     </span>
     <span class='ocr_line' id='line_1_2' title="bbox 16 419 1108 516; baseline 0 -25"><span class='ocrx_word' id='word_1_5' title='bbox 16 419 17 450; x_wconf 56' lang='lat'>³</span> <span class='ocrx_word' id='word_1_6' title='bbox 73 425 134 492; x_wconf 84' lang='lat' dir='ltr'><strong>liat</strong></span> <span class='ocrx_word' id='word_1_7' title='bbox 146 425 196 505; x_wconf 88' lang='lat' dir='ltr'><strong>id,</strong></span> <span class='ocrx_word' id='word_1_8' title='bbox 217 422 311 515; x_wconf 90' lang='lat' dir='ltr'><strong>quod</strong></span> <span class='ocrx_word' id='word_1_9' title='bbox 328 425 498 506; x_wconf 83' lang='lat' dir='ltr'><strong>volumus,</strong></span> <span class='ocrx_word' id='word_1_10' title='bbox 516 450 584 493; x_wconf 91' lang='lat' dir='ltr'><strong>non</strong></span> <span class='ocrx_word' id='word_1_11' title='bbox 599 429 775 494; x_wconf 90' lang='lat' dir='ltr'><strong>obscurum</strong></span> <span class='ocrx_word' id='word_1_12' title='bbox 789 427 932 516; x_wconf 86' lang='lat' dir='ltr'>aliquem</span> <span class='ocrx_word' id='word_1_13' title='bbox 945 426 979 490; x_wconf 93' lang='lat' dir='ltr'><strong>in</strong></span> <span class='ocrx_word' id='word_1_14' title='bbox 997 441 1108 491; x_wconf 86' lang='lat' dir='ltr'><strong>vetere</strong></span> 
     </span>
     <span class='ocr_line' id='line_1_3' title="bbox 15 530 1109 623; baseline -0.003 -23"><span class='ocrx_word' id='word_1_15' title='bbox 15 595 16 600; x_wconf 73' lang='grc'>,</span> <span class='ocrx_word' id='word_1_16' title='bbox 72 533 207 600; x_wconf 87' lang='lat' dir='ltr'><strong>historia</strong></span> <span class='ocrx_word' id='word_1_17' title='bbox 227 551 284 598; x_wconf 90' lang='lat' dir='ltr'><strong>aut</strong></span> <span class='ocrx_word' id='word_1_18' title='bbox 304 534 391 598; x_wconf 90' lang='lat' dir='ltr'><strong>inter</strong></span> <span class='ocrx_word' id='word_1_19' title='bbox 409 551 523 622; x_wconf 88' lang='lat' dir='ltr'><strong>poetas</strong></span> <span class='ocrx_word' id='word_1_20' title='bbox 542 536 650 600; x_wconf 86' lang='lat' dir='ltr'><strong>virum</strong></span> <span class='ocrx_word' id='word_1_21' title='bbox 670 530 770 600; x_wconf 87' lang='lat' dir='ltr'><strong>fuisse</strong></span> <span class='ocrx_word' id='word_1_22' title='bbox 792 539 941 614; x_wconf 78' lang='lat' dir='ltr'><strong>AEnea&#39;m,</strong></span> <span class='ocrx_word' id='word_1_23' title='bbox 961 559 1022 600; x_wconf 90' lang='lat' dir='ltr'><strong>nec</strong></span> <span class='ocrx_word' id='word_1_24' title='bbox 1039 535 1109 623; x_wconf 85' lang='lat' dir='ltr'><strong>ejus</strong></span> 
     </span>
     <span class='ocr_line' id='line_1_4' title="bbox 73 639 1109 730; baseline -0.003 -27"><span class='ocrx_word' id='word_1_25' title='bbox 73 640 136 704; x_wconf 81' lang='lat' dir='ltr'><strong>lata</strong></span> <span class='ocrx_word' id='word_1_26' title='bbox 151 655 184 704; x_wconf 92' lang='lat' dir='ltr'><strong>et</strong></span> <span class='ocrx_word' id='word_1_27' title='bbox 198 661 250 704; x_wconf 89' lang='lat' dir='ltr'><strong>res</strong></span> <span class='ocrx_word' id='word_1_28' title='bbox 265 641 430 728; x_wconf 89' lang='lat' dir='ltr'><strong>aVirgilio</strong></span> <span class='ocrx_word' id='word_1_29' title='bbox 444 641 592 706; x_wconf 87' lang='lat' dir='ltr'><strong>inventas</strong></span> <span class='ocrx_word' id='word_1_30' title='bbox 607 664 677 706; x_wconf 91' lang='lat' dir='ltr'><strong>esse</strong></span> <span class='ocrx_word' id='word_1_31' title='bbox 691 659 723 705; x_wconf 92' lang='lat' dir='ltr'><strong>et</strong></span> <span class='ocrx_word' id='word_1_32' title='bbox 735 643 938 730; x_wconf 86' lang='lat' dir='ltr'><strong>excogitatas.</strong></span> <span class='ocrx_word' id='word_1_33' title='bbox 953 641 1012 704; x_wconf 92' lang='lat' dir='ltr'><strong>llla</strong></span> <span class='ocrx_word' id='word_1_34' title='bbox 1021 639 1109 702; x_wconf 91' lang='lat' dir='ltr'><strong>enim</strong></span> 
     </span>
     <span class='ocr_line' id='line_1_5' title="bbox 74 745 1111 834; baseline 0 -27"><span class='ocrx_word' id='word_1_35' title='bbox 74 745 140 832; x_wconf 90' lang='lat' dir='ltr'><strong>ipsa</strong></span> <span class='ocrx_word' id='word_1_36' title='bbox 158 745 355 809; x_wconf 81' lang='lat' dir='ltr'>narrationis</span> <span class='ocrx_word' id='word_1_37' title='bbox 371 745 541 812; x_wconf 88' lang='lat' dir='ltr'><strong>diversitas</strong></span> <span class='ocrx_word' id='word_1_38' title='bbox 559 748 666 834; x_wconf 86' lang='lat' dir='ltr'><strong>arguit</strong></span> <span class='ocrx_word' id='word_1_39' title='bbox 684 745 905 811; x_wconf 82' lang='lat' dir='ltr'><strong>diversitatem</strong></span> <span class='ocrx_word' id='word_1_40' title='bbox 921 762 1111 816; x_wconf 82' lang='lat' dir='ltr'><strong>auctorum,</strong></span> 
     </span>
     <span class='ocr_line' id='line_1_6' title="bbox 74 849 1110 941; baseline -0.002 -27"><span class='ocrx_word' id='word_1_41' title='bbox 74 849 192 941; x_wconf 91' lang='lat' dir='ltr'><strong>quide</strong></span> <span class='ocrx_word' id='word_1_42' title='bbox 211 853 312 916; x_wconf 82' lang='lat' dir='ltr'><strong>AEnea</strong></span> <span class='ocrx_word' id='word_1_43' title='bbox 330 851 550 931; x_wconf 83' lang='lat' dir='ltr'><strong>tradiderant,</strong></span> <span class='ocrx_word' id='word_1_44' title='bbox 574 869 607 916; x_wconf 91' lang='lat' dir='ltr'><strong>et</strong></span> <span class='ocrx_word' id='word_1_45' title='bbox 626 869 811 941; x_wconf 89' lang='lat' dir='ltr'><strong>poetarum,</strong></span> <span class='ocrx_word' id='word_1_46' title='bbox 833 853 890 941; x_wconf 91' lang='lat' dir='ltr'><strong>qui</strong></span> <span class='ocrx_word' id='word_1_47' title='bbox 910 850 998 915; x_wconf 89' lang='lat' dir='ltr'><strong>idem</strong></span> <span class='ocrx_word' id='word_1_48' title='bbox 1017 871 1110 936; x_wconf 90' lang='lat' dir='ltr'><strong>argu·</strong></span> 
     </span>
     <span class='ocr_line' id='line_1_7' title="bbox 75 954 1112 1046; baseline -0.004 -26"><span class='ocrx_word' id='word_1_49' title='bbox 75 973 222 1021; x_wconf 90' lang='lat' dir='ltr'><strong>mentum</strong></span> <span class='ocrx_word' id='word_1_50' title='bbox 235 973 460 1022; x_wconf 80' lang='lat' dir='ltr'><strong>tractaverant.</strong></span> <span class='ocrx_word' id='word_1_51' title='bbox 477 959 522 1021; x_wconf 90' lang='lat' dir='ltr'><strong>Ut</strong></span> <span class='ocrx_word' id='word_1_52' title='bbox 537 958 624 1022; x_wconf 90' lang='lat' dir='ltr'><strong>enim</strong></span> <span class='ocrx_word' id='word_1_53' title='bbox 636 974 734 1046; x_wconf 86' lang='lat' dir='ltr'><strong>poete</strong></span> <span class='ocrx_word' id='word_1_54' title='bbox 745 959 883 1046; x_wconf 89' lang='lat' dir='ltr'><strong>quisque</strong></span> <span class='ocrx_word' id='word_1_55' title='bbox 896 958 929 1020; x_wconf 96' lang='lat' dir='ltr'><strong>in</strong></span> <span class='ocrx_word' id='word_1_56' title='bbox 944 954 1112 1019; x_wconf 88' lang='lat' dir='ltr'><strong>materiam</strong></span> 
     </span>
     <span class='ocr_line' id='line_1_8' title="bbox 76 1060 1113 1142; baseline -0.004 -16"><span class='ocrx_word' id='word_1_57' title='bbox 76 1061 113 1126; x_wconf 89' lang='lat' dir='ltr'><strong>ab</strong></span> <span class='ocrx_word' id='word_1_58' title='bbox 126 1062 199 1126; x_wconf 87' lang='lat' dir='ltr'><strong>aliis</strong></span> <span class='ocrx_word' id='word_1_59' title='bbox 216 1078 293 1125; x_wconf 92' lang='lat' dir='ltr'><strong>ante</strong></span> <span class='ocrx_word' id='word_1_60' title='bbox 307 1085 342 1126; x_wconf 90' lang='lat' dir='ltr'><strong>se</strong></span> <span class='ocrx_word' id='word_1_61' title='bbox 356 1078 525 1128; x_wconf 89' lang='lat' dir='ltr'><strong>tractatam</strong></span> <span class='ocrx_word' id='word_1_62' title='bbox 544 1062 672 1142; x_wconf 90' lang='lat' dir='ltr'><strong>incidit,</strong></span> <span class='ocrx_word' id='word_1_63' title='bbox 695 1065 754 1142; x_wconf 88' lang='lat' dir='ltr'><strong>ita,</strong></span> <span class='ocrx_word' id='word_1_64' title='bbox 774 1079 810 1126; x_wconf 90' lang='lat' dir='ltr'><strong>ut</strong></span> <span class='ocrx_word' id='word_1_65' title='bbox 828 1085 888 1127; x_wconf 92' lang='lat' dir='ltr'><strong>suo</strong></span> <span class='ocrx_word' id='word_1_66' title='bbox 907 1061 1043 1126; x_wconf 90' lang='lat' dir='ltr'><strong>consilio</strong></span> <span class='ocrx_word' id='word_1_67' title='bbox 1061 1060 1113 1123; x_wconf 91' lang='lat' dir='ltr'><strong>vel</strong></span> 
     </span>
     <span class='ocr_line' id='line_1_9' title="bbox 77 1165 1114 1256; baseline -0.002 -26"><span class='ocrx_word' id='word_1_68' title='bbox 77 1185 176 1232; x_wconf 91' lang='lat' dir='ltr'><strong>totam</strong></span> <span class='ocrx_word' id='word_1_69' title='bbox 200 1165 346 1232; x_wconf 89' lang='lat' dir='ltr'><strong>fabulam</strong></span> <span class='ocrx_word' id='word_1_70' title='bbox 367 1167 420 1232; x_wconf 86' lang='lat' dir='ltr'><strong>vel</strong></span> <span class='ocrx_word' id='word_1_71' title='bbox 440 1167 517 1232; x_wconf 88' lang='lat' dir='ltr'><strong>inde</strong></span> <span class='ocrx_word' id='word_1_72' title='bbox 539 1185 665 1256; x_wconf 88' lang='lat' dir='ltr'><strong>partem</strong></span> <span class='ocrx_word' id='word_1_73' title='bbox 688 1167 931 1247; x_wconf 89' lang='lat' dir='ltr'><strong>accommodet,</strong></span> <span class='ocrx_word' id='word_1_74' title='bbox 953 1165 1114 1252; x_wconf 88' lang='lat' dir='ltr'><strong>refingere</strong></span> 
     </span>
     <span class='ocr_line' id='line_1_10' title="bbox 77 1271 1113 1353; baseline -0.002 -17"><span class='ocrx_word' id='word_1_75' title='bbox 77 1273 235 1337; x_wconf 86' lang='lat' dir='ltr'><strong>nonnulla</strong></span> <span class='ocrx_word' id='word_1_76' title='bbox 253 1290 285 1336; x_wconf 92' lang='lat' dir='ltr'><strong>et</strong></span> <span class='ocrx_word' id='word_1_77' title='bbox 304 1288 444 1351; x_wconf 88' lang='lat' dir='ltr'><strong>mutare,</strong></span> <span class='ocrx_word' id='word_1_78' title='bbox 459 1271 581 1337; x_wconf 90' lang='lat' dir='ltr'><strong>addere</strong></span> <span class='ocrx_word' id='word_1_79' title='bbox 596 1275 648 1338; x_wconf 87' lang='lat' dir='ltr'><strong>vel</strong></span> <span class='ocrx_word' id='word_1_80' title='bbox 661 1273 847 1353; x_wconf 89' lang='lat' dir='ltr'><strong>detrahere,</strong></span> <span class='ocrx_word' id='word_1_81' title='bbox 863 1271 1113 1337; x_wconf 77' lang='lat' dir='ltr'><strong>solet-Diversis</strong></span> 
     </span>
     <span class='ocr_line' id='line_1_11' title="bbox 77 1375 1115 1467; baseline -0.004 -27"><span class='ocrx_word' id='word_1_82' title='bbox 77 1377 185 1466; x_wconf 91' lang='lat' dir='ltr'><strong>itaque</strong></span> <span class='ocrx_word' id='word_1_83' title='bbox 206 1375 316 1442; x_wconf 89' lang='lat' dir='ltr'><strong>modis</strong></span> <span class='ocrx_word' id='word_1_84' title='bbox 337 1376 476 1441; x_wconf 89' lang='lat' dir='ltr'><strong>eandem</strong></span> <span class='ocrx_word' id='word_1_85' title='bbox 494 1397 567 1441; x_wconf 91' lang='lat' dir='ltr'><strong>rem</strong></span> <span class='ocrx_word' id='word_1_86' title='bbox 588 1380 707 1467; x_wconf 85' lang='lat' dir='ltr'><strong>exponi</strong></span> <span class='ocrx_word' id='word_1_87' title='bbox 727 1401 860 1444; x_wconf 88' lang='lat' dir='ltr'><strong>necesse</strong></span> <span class='ocrx_word' id='word_1_88' title='bbox 882 1395 939 1444; x_wconf 91' lang='lat' dir='ltr'><strong>est.</strong></span> <span class='ocrx_word' id='word_1_89' title='bbox 960 1375 1115 1439; x_wconf 90' lang='lat' dir='ltr'><strong>Historici</strong></span> 
     </span>
     <span class='ocr_line' id='line_1_12' title="bbox 14 1475 1115 1573; baseline -0.005 -26"><span class='ocrx_word' id='word_1_90' title='bbox 14 1475 15 1478; x_wconf 27' lang='lat'>¹</span> <span class='ocrx_word' id='word_1_91' title='bbox 77 1500 185 1547; x_wconf 86' lang='lat' dir='ltr'><strong>autern</strong></span> <span class='ocrx_word' id='word_1_92' title='bbox 200 1482 307 1548; x_wconf 83' lang='lat' dir='ltr'><strong>Graeci</strong></span> <span class='ocrx_word' id='word_1_93' title='bbox 326 1481 407 1546; x_wconf 90' lang='lat' dir='ltr'><strong>dum</strong></span> <span class='ocrx_word' id='word_1_94' title='bbox 424 1505 491 1547; x_wconf 87' lang='lat' dir='ltr'><strong>suae</strong></span> <span class='ocrx_word' id='word_1_95' title='bbox 510 1484 648 1548; x_wconf 89' lang='lat' dir='ltr'><strong>civitatis</strong></span> <span class='ocrx_word' id='word_1_96' title='bbox 662 1507 721 1548; x_wconf 91' lang='lat' dir='ltr'><strong>seu</strong></span> <span class='ocrx_word' id='word_1_97' title='bbox 735 1485 851 1573; x_wconf 87' lang='lat' dir='ltr'><strong>populi</strong></span> <span class='ocrx_word' id='word_1_98' title='bbox 860 1483 1006 1570; x_wconf 76' lang='lat' dir='ltr'><strong>origines</strong></span> <span class='ocrx_word' id='word_1_99' title='bbox 1022 1502 1115 1566; x_wconf 89' lang='lat' dir='ltr'><strong>repe-</strong></span> 
     </span>
     <span class='ocr_line' id='line_1_13' title="bbox 78 1585 1116 1678; baseline -0.005 -26"><span class='ocrx_word' id='word_1_100' title='bbox 78 1589 206 1667; x_wconf 89' lang='lat' dir='ltr'><strong>tebant,</strong></span> <span class='ocrx_word' id='word_1_101' title='bbox 237 1587 431 1677; x_wconf 85' lang='lat' dir='ltr'><strong>popularem</strong></span> <span class='ocrx_word' id='word_1_102' title='bbox 455 1589 574 1653; x_wconf 87' lang='lat' dir='ltr'><strong>famam</strong></span> <span class='ocrx_word' id='word_1_103' title='bbox 597 1589 827 1678; x_wconf 89' lang='lat' dir='ltr'><strong>sequebantur.</strong></span> <span class='ocrx_word' id='word_1_104' title='bbox 851 1588 1004 1654; x_wconf 90' lang='lat' dir='ltr'><strong>Sollenne</strong></span> <span class='ocrx_word' id='word_1_105' title='bbox 1028 1585 1116 1649; x_wconf 92' lang='lat' dir='ltr'><strong>enim</strong></span> 
     </span>
     <span class='ocr_line' id='line_1_14' title="bbox 79 1691 1117 1783; baseline -0.004 -27"><span class='ocrx_word' id='word_1_106' title='bbox 79 1692 139 1759; x_wconf 93' lang='lat' dir='ltr'><strong>hoc</strong></span> <span class='ocrx_word' id='word_1_107' title='bbox 162 1694 299 1758; x_wconf 82' lang='lat' dir='ltr'><strong>Graeciae</strong></span> <span class='ocrx_word' id='word_1_108' title='bbox 322 1693 523 1773; x_wconf 86' lang='lat' dir='ltr'><strong>civitatibus,</strong></span> <span class='ocrx_word' id='word_1_109' title='bbox 546 1711 584 1758; x_wconf 91' lang='lat' dir='ltr'><strong>ut</strong></span> <span class='ocrx_word' id='word_1_110' title='bbox 602 1695 711 1783; x_wconf 80' lang='lat' dir='ltr'><strong>stirpis</strong></span> <span class='ocrx_word' id='word_1_111' title='bbox 732 1695 784 1759; x_wconf 88' lang='lat' dir='ltr'><strong>vel</strong></span> <span class='ocrx_word' id='word_1_112' title='bbox 803 1693 892 1758; x_wconf 88' lang='lat' dir='ltr'><strong>urbis</strong></span> <span class='ocrx_word' id='word_1_113' title='bbox 911 1691 1117 1758; x_wconf 91' lang='lat' dir='ltr'><strong>conditorem</strong></span> 
     </span>
     <span class='ocr_line' id='line_1_15' title="bbox 79 1797 1119 1889; baseline -0.004 -27"><span class='ocrx_word' id='word_1_114' title='bbox 79 1815 132 1862; x_wconf 92' lang='lat' dir='ltr'><strong>aut</strong></span> <span class='ocrx_word' id='word_1_115' title='bbox 144 1797 307 1863; x_wconf 90' lang='lat' dir='ltr'><strong>haberent</strong></span> <span class='ocrx_word' id='word_1_116' title='bbox 323 1815 379 1863; x_wconf 93' lang='lat' dir='ltr'><strong>aut</strong></span> <span class='ocrx_word' id='word_1_117' title='bbox 392 1797 506 1864; x_wconf 90' lang='lat' dir='ltr'><strong>haberi</strong></span> <span class='ocrx_word' id='word_1_118' title='bbox 520 1800 644 1864; x_wconf 84' lang='lat' dir='ltr'><strong>vellent</strong></span> <span class='ocrx_word' id='word_1_119' title='bbox 655 1800 779 1866; x_wconf 89' lang='lat' dir='ltr'><strong>clarum</strong></span> <span class='ocrx_word' id='word_1_120' title='bbox 793 1801 936 1889; x_wconf 88' lang='lat' dir='ltr'><strong>aliquem</strong></span> <span class='ocrx_word' id='word_1_121' title='bbox 951 1821 990 1862; x_wconf 87' lang='lat' dir='ltr'><strong>ex</strong></span> <span class='ocrx_word' id='word_1_122' title='bbox 1003 1797 1119 1860; x_wconf 91' lang='lat' dir='ltr'><strong>ultima</strong></span> 
     </span>
     <span class='ocr_line' id='line_1_16' title="bbox 79 1901 1118 1995; baseline -0.002 -29"><span class='ocrx_word' id='word_1_123' title='bbox 79 1904 272 1992; x_wconf 85' lang='lat' dir='ltr'><strong>antiquitate</strong></span> <span class='ocrx_word' id='word_1_124' title='bbox 283 1901 429 1968; x_wconf 89' lang='lat' dir='ltr'><strong>heroem.</strong></span> <span class='ocrx_word' id='word_1_125' title='bbox 443 1904 615 1994; x_wconf 82' lang='lat' dir='ltr'><strong>Ejusmodi</strong></span> <span class='ocrx_word' id='word_1_126' title='bbox 624 1906 744 1970; x_wconf 83' lang='lat' dir='ltr'><strong>famam</strong></span> <span class='ocrx_word' id='word_1_127' title='bbox 758 1906 951 1995; x_wconf 89' lang='lat' dir='ltr'><strong>popularem</strong></span> <span class='ocrx_word' id='word_1_128' title='bbox 965 1926 1025 1990; x_wconf 88' lang='lat' dir='ltr'><strong>per</strong></span> <span class='ocrx_word' id='word_1_129' title='bbox 1034 1901 1118 1966; x_wconf 89' lang='lat' dir='ltr'><strong>mul-</strong></span> 
     </span>
     <span class='ocr_line' id='line_1_17' title="bbox 81 2006 1115 2099; baseline -0.003 -27"><span class='ocrx_word' id='word_1_130' title='bbox 81 2024 125 2072; x_wconf 88' lang='lat' dir='ltr'><strong>tas</strong></span> <span class='ocrx_word' id='word_1_131' title='bbox 140 2025 253 2073; x_wconf 82' lang='lat' dir='ltr'><strong>aetates</strong></span> <span class='ocrx_word' id='word_1_132' title='bbox 265 2026 478 2098; x_wconf 80' lang='lat' dir='ltr'><strong>propagatam</strong></span> <span class='ocrx_word' id='word_1_133' title='bbox 492 2012 566 2099; x_wconf 91' lang='lat' dir='ltr'><strong>quis</strong></span> <span class='ocrx_word' id='word_1_134' title='bbox 579 2011 663 2076; x_wconf 89' lang='lat' dir='ltr'><strong>adeo</strong></span> <span class='ocrx_word' id='word_1_135' title='bbox 678 2028 826 2076; x_wconf 90' lang='lat' dir='ltr'><strong>constare</strong></span> <span class='ocrx_word' id='word_1_136' title='bbox 841 2010 902 2074; x_wconf 91' lang='lat' dir='ltr'><strong>sibi</strong></span> <span class='ocrx_word' id='word_1_137' title='bbox 919 2006 1115 2095; x_wconf 83' lang='lat' dir='ltr'><strong>expectabit,</strong></span> 
     </span>
     <span class='ocr_line' id='line_1_18' title="bbox 82 2108 1118 2202; baseline -0.004 -26"><span class='ocrx_word' id='word_1_138' title='bbox 82 2131 116 2178; x_wconf 91' lang='lat' dir='ltr'><strong>ut</strong></span> <span class='ocrx_word' id='word_1_139' title='bbox 130 2113 222 2178; x_wconf 85' lang='lat' dir='ltr'><strong>nulla</strong></span> <span class='ocrx_word' id='word_1_140' title='bbox 235 2112 406 2178; x_wconf 88' lang='lat' dir='ltr'><strong>diversitas</strong></span> <span class='ocrx_word' id='word_1_141' title='bbox 420 2116 614 2180; x_wconf 88' lang='lat' dir='ltr'><strong>narrationis</strong></span> <span class='ocrx_word' id='word_1_142' title='bbox 629 2108 714 2179; x_wconf 89' lang='lat' dir='ltr'><strong>inter</strong></span> <span class='ocrx_word' id='word_1_143' title='bbox 727 2115 837 2202; x_wconf 86' lang='lat' dir='ltr'><strong>plures</strong></span> <span class='ocrx_word' id='word_1_144' title='bbox 851 2111 956 2177; x_wconf 89' lang='lat' dir='ltr'><strong>tribus</strong></span> <span class='ocrx_word' id='word_1_145' title='bbox 972 2128 1028 2174; x_wconf 91' lang='lat' dir='ltr'><strong>aut</strong></span> <span class='ocrx_word' id='word_1_146' title='bbox 1042 2111 1118 2176; x_wconf 90' lang='lat' dir='ltr'><strong>civi-</strong></span> 
     </span>
     <span class='ocr_line' id='line_1_19' title="bbox 79 2215 1120 2308; baseline -0.004 -26"><span class='ocrx_word' id='word_1_147' title='bbox 79 2235 163 2282; x_wconf 88' lang='lat' dir='ltr'><strong>tates</strong></span> <span class='ocrx_word' id='word_1_148' title='bbox 177 2217 321 2283; x_wconf 82' lang='lat' dir='ltr'><strong>incidat?</strong></span> <span class='ocrx_word' id='word_1_149' title='bbox 335 2218 617 2308; x_wconf 90' lang='lat' dir='ltr'><strong>quemadmodum</strong></span> <span class='ocrx_word' id='word_1_150' title='bbox 630 2221 731 2285; x_wconf 90' lang='lat' dir='ltr'><strong>altera</strong></span> <span class='ocrx_word' id='word_1_151' title='bbox 745 2243 784 2282; x_wconf 84' lang='lat' dir='ltr'><strong>cx</strong></span> <span class='ocrx_word' id='word_1_152' title='bbox 801 2235 892 2306; x_wconf 91' lang='lat' dir='ltr'><strong>parte</strong></span> <span class='ocrx_word' id='word_1_153' title='bbox 910 2215 1048 2282; x_wconf 88' lang='lat' dir='ltr'><strong>eandem</strong></span> <span class='ocrx_word' id='word_1_154' title='bbox 1067 2239 1120 2279; x_wconf 87' lang='lat' dir='ltr'><strong>ve-</strong></span> 
     </span>
     <span class='ocr_line' id='line_1_20' title="bbox 82 2321 1136 2412; baseline -0.008 -24"><span class='ocrx_word' id='word_1_155' title='bbox 82 2343 186 2390; x_wconf 87' lang='lat' dir='ltr'><strong>terem</strong></span> <span class='ocrx_word' id='word_1_156' title='bbox 200 2327 320 2390; x_wconf 85' lang='lat' dir='ltr'><strong>famam</strong></span> <span class='ocrx_word' id='word_1_157' title='bbox 338 2325 381 2390; x_wconf 91' lang='lat' dir='ltr'><strong>ad</strong></span> <span class='ocrx_word' id='word_1_158' title='bbox 402 2350 436 2392; x_wconf 92' lang='lat' dir='ltr'><strong>se</strong></span> <span class='ocrx_word' id='word_1_159' title='bbox 455 2344 610 2392; x_wconf 84' lang='lat' dir='ltr'><strong>revocant</strong></span> <span class='ocrx_word' id='word_1_160' title='bbox 629 2327 662 2392; x_wconf 86' lang='lat' dir='ltr'><strong>et</strong></span> <span class='ocrx_word' id='word_1_161' title='bbox 680 2325 741 2392; x_wconf 89' lang='lat' dir='ltr'><strong>sibi</strong></span> <span class='ocrx_word' id='word_1_162' title='bbox 762 2324 928 2390; x_wconf 89' lang='lat' dir='ltr'><strong>vindicant</strong></span> <span class='ocrx_word' id='word_1_163' title='bbox 948 2325 1058 2412; x_wconf 89' lang='lat' dir='ltr'><strong>plures</strong></span> <span class='ocrx_word' id='word_1_164' title='bbox 1079 2321 1136 2386; x_wconf 70' lang='lat' dir='ltr'><strong>ab,</strong></span> 
     </span>
     <span class='ocr_line' id='line_1_21' title="bbox 82 2428 1121 2520; baseline -0.006 -24"><span class='ocrx_word' id='word_1_165' title='bbox 82 2432 250 2496; x_wconf 89' lang='lat' dir='ltr'><strong>communi</strong></span> <span class='ocrx_word' id='word_1_166' title='bbox 260 2432 361 2520; x_wconf 90' lang='lat' dir='ltr'><strong>stirpe</strong></span> <span class='ocrx_word' id='word_1_167' title='bbox 373 2435 531 2520; x_wconf 82' lang='lat' dir='ltr'><strong>profectae</strong></span> <span class='ocrx_word' id='word_1_168' title='bbox 541 2433 692 2497; x_wconf 82' lang='lat' dir='ltr'><strong>familiae?</strong></span> <span class='ocrx_word' id='word_1_169' title='bbox 705 2430 832 2495; x_wconf 86' lang='lat' dir='ltr'><strong>Eodem</strong></span> <span class='ocrx_word' id='word_1_170' title='bbox 840 2429 941 2495; x_wconf 90' lang='lat' dir='ltr'><strong>modo</strong></span> <span class='ocrx_word' id='word_1_171' title='bbox 951 2452 1027 2494; x_wconf 91' lang='lat' dir='ltr'><strong>cum</strong></span> <span class='ocrx_word' id='word_1_172' title='bbox 1039 2428 1121 2492; x_wconf 90' lang='lat' dir='ltr'><strong>mul-</strong></span> 
     </span>
     <span class='ocr_line' id='line_1_22' title="bbox 82 2535 1121 2626; baseline -0.004 -25"><span class='ocrx_word' id='word_1_173' title='bbox 82 2554 120 2602; x_wconf 86' lang='lat' dir='ltr'><strong>tae</strong></span> <span class='ocrx_word' id='word_1_174' title='bbox 134 2539 258 2626; x_wconf 86' lang='lat' dir='ltr'><strong>passim</strong></span> <span class='ocrx_word' id='word_1_175' title='bbox 271 2561 333 2626; x_wconf 91' lang='lat' dir='ltr'><strong>per</strong></span> <span class='ocrx_word' id='word_1_176' title='bbox 348 2539 437 2602; x_wconf 82' lang='lat' dir='ltr'><strong>varia</strong></span> <span class='ocrx_word' id='word_1_177' title='bbox 450 2538 522 2603; x_wconf 89' lang='lat' dir='ltr'><strong>loca</strong></span> <span class='ocrx_word' id='word_1_178' title='bbox 540 2560 659 2626; x_wconf 87' lang='lat' dir='ltr'><strong>sparsae</strong></span> <span class='ocrx_word' id='word_1_179' title='bbox 674 2553 783 2602; x_wconf 89' lang='lat' dir='ltr'><strong>essent</strong></span> <span class='ocrx_word' id='word_1_180' title='bbox 800 2536 1020 2626; x_wconf 88' lang='lat' dir='ltr'><strong>Trojanorum</strong></span> <span class='ocrx_word' id='word_1_181' title='bbox 1034 2535 1121 2600; x_wconf 78' lang='lat' dir='ltr'><strong>col&#39;o-</strong></span> 
     </span>
     <span class='ocr_line' id='line_1_23' title="bbox 82 2641 1121 2736; baseline -0.003 -29"><span class='ocrx_word' id='word_1_182' title='bbox 82 2646 158 2736; x_wconf 86' lang='lat' dir='ltr'><strong>niae,</strong></span> <span class='ocrx_word' id='word_1_183' title='bbox 180 2643 262 2733; x_wconf 92' lang='lat' dir='ltr'><strong>quid</strong></span> <span class='ocrx_word' id='word_1_184' title='bbox 283 2646 418 2725; x_wconf 87' lang='lat' dir='ltr'><strong>mirum,</strong></span> <span class='ocrx_word' id='word_1_185' title='bbox 439 2668 492 2710; x_wconf 92' lang='lat' dir='ltr'><strong>eas</strong></span> <span class='ocrx_word' id='word_1_186' title='bbox 512 2668 633 2710; x_wconf 90' lang='lat' dir='ltr'><strong>omnes·</strong></span> <span class='ocrx_word' id='word_1_187' title='bbox 645 2646 805 2733; x_wconf 80' lang='lat' dir='ltr'><strong>originem</strong></span> <span class='ocrx_word' id='word_1_188' title='bbox 820 2667 912 2708; x_wconf 89' lang='lat' dir='ltr'><strong>suam</strong></span> <span class='ocrx_word' id='word_1_189' title='bbox 925 2641 967 2707; x_wconf 91' lang='lat' dir='ltr'><strong>ad</strong></span> <span class='ocrx_word' id='word_1_190' title='bbox 986 2645 1121 2706; x_wconf 88' lang='lat' dir='ltr'><strong>AEneam</strong></span> 
     </span>
     <span class='ocr_line' id='line_1_24' title="bbox 83 2748 1118 2836; baseline -0.003 -23"><span class='ocrx_word' id='word_1_191' title='bbox 83 2751 205 2814; x_wconf 89' lang='lat' dir='ltr'><strong>referre</strong></span> <span class='ocrx_word' id='word_1_192' title='bbox 219 2750 393 2815; x_wconf 85' lang='lat' dir='ltr'><strong>maluisse?</strong></span> <span class='ocrx_word' id='word_1_193' title='bbox 408 2749 509 2815; x_wconf 71' lang='lat' dir='ltr'><strong>Unde.</strong></span> <span class='ocrx_word' id='word_1_194' title='bbox 521 2750 689 2816; x_wconf 83' lang='lat' dir='ltr'><strong>diversitas</strong></span> <span class='ocrx_word' id='word_1_195' title='bbox 709 2750 779 2829; x_wconf 90' lang='lat' dir='ltr'><strong>illa,</strong></span> <span class='ocrx_word' id='word_1_196' title='bbox 796 2750 915 2836; x_wconf 90' lang='lat' dir='ltr'><strong>partim</strong></span> <span class='ocrx_word' id='word_1_197' title='bbox 929 2748 1118 2826; x_wconf 90' lang='lat' dir='ltr'><strong>consensio,</strong></span> 
     </span>
    </p>
   </div>
   <div class='ocr_carea' id='block_1_2' title="bbox 83 2853 1217 2940">
    <p class='ocr_par' dir='ltr' id='par_1_2' title="bbox 83 2853 1217 2940">
     <span class='ocr_line' id='line_1_25' title="bbox 83 2853 1217 2940; baseline -0.005 -21"><span class='ocrx_word' id='word_1_198' title='bbox 83 2857 175 2920; x_wconf 81' lang='lat' dir='ltr'><strong>famae</strong></span> <span class='ocrx_word' id='word_1_199' title='bbox 191 2871 225 2919; x_wconf 91' lang='lat' dir='ltr'><strong>et</strong></span> <span class='ocrx_word' id='word_1_200' title='bbox 243 2855 437 2920; x_wconf 90' lang='lat' dir='ltr'><strong>narrationis</strong></span> <span class='ocrx_word' id='word_1_201' title='bbox 454 2858 638 2922; x_wconf 88' lang='lat' dir='ltr'><strong>necessario</strong></span> <span class='ocrx_word' id='word_1_202' title='bbox 657 2855 735 2924; x_wconf 89' lang='lat' dir='ltr'><strong>oriri</strong></span> <span class='ocrx_word' id='word_1_203' title='bbox 754 2854 878 2919; x_wconf 89' lang='lat' dir='ltr'><strong>debuit.</strong></span> <span class='ocrx_word' id='word_1_204' title='bbox 900 2853 975 2916; x_wconf 87' lang='lat' dir='ltr'><strong>Non</strong></span> <span class='ocrx_word' id='word_1_205' title='bbox 991 2853 1119 2940; x_wconf 91' lang='lat' dir='ltr'><strong>itaque,</strong></span> <span class='ocrx_word' id='word_1_206' title='bbox 1214 2891 1217 2895; x_wconf 91' lang='lat'><em>-</em></span> 
     </span>
    </p>
   </div>
   <div class='ocr_carea' id='block_1_3' title="bbox 81 2955 1139 3893">
    <p class='ocr_par' dir='ltr' id='par_1_3' title="bbox 81 2955 1139 3893">
     <span class='ocr_line' id='line_1_26' title="bbox 81 2955 1123 3050; baseline -0.006 -26"><span class='ocrx_word' id='word_1_207' title='bbox 81 2977 119 3025; x_wconf 91' lang='lat' dir='ltr'><strong>ut</strong></span> <span class='ocrx_word' id='word_1_208' title='bbox 135 2960 201 3026; x_wconf 92' lang='lat' dir='ltr'><strong>hoc</strong></span> <span class='ocrx_word' id='word_1_209' title='bbox 220 2959 329 3024; x_wconf 88' lang='lat' dir='ltr'><strong>obiter</strong></span> <span class='ocrx_word' id='word_1_210' title='bbox 343 2983 550 3041; x_wconf 88' lang='lat' dir='ltr'><strong>moneamus,</strong></span> <span class='ocrx_word' id='word_1_211' title='bbox 571 2962 713 3050; x_wconf 90' lang='lat' dir='ltr'><strong>antiquis</strong></span> <span class='ocrx_word' id='word_1_212' title='bbox 734 2959 852 3024; x_wconf 81' lang='lat' dir='ltr'><strong>fabulis</strong></span> <span class='ocrx_word' id='word_1_213' title='bbox 869 2959 1003 3022; x_wconf 90' lang='lat' dir='ltr'><strong>omnino</strong></span> <span class='ocrx_word' id='word_1_214' title='bbox 1022 2955 1123 3020; x_wconf 76' lang='lat' dir='ltr'><strong>&#39;fidem</strong></span> 
     </span>
     <span class='ocr_line' id='line_1_27' title="bbox 84 3059 1122 3150; baseline -0.003 -22"><span class='ocrx_word' id='word_1_215' title='bbox 84 3064 226 3130; x_wconf 88' lang='lat' dir='ltr'><strong>detrahit</strong></span> <span class='ocrx_word' id='word_1_216' title='bbox 237 3067 432 3131; x_wconf 82' lang='lat' dir='ltr'><strong>uenationis</strong></span> <span class='ocrx_word' id='word_1_217' title='bbox 445 3066 630 3148; x_wconf 89' lang='lat' dir='ltr'><strong>diversitas;</strong></span> <span class='ocrx_word' id='word_1_218' title='bbox 642 3082 753 3131; x_wconf 90' lang='lat' dir='ltr'><strong>manet</strong></span> <span class='ocrx_word' id='word_1_219' title='bbox 762 3065 851 3128; x_wconf 90' lang='lat' dir='ltr'><strong>enim</strong></span> <span class='ocrx_word' id='word_1_220' title='bbox 860 3084 991 3150; x_wconf 90' lang='lat' dir='ltr'><strong>semper</strong></span> <span class='ocrx_word' id='word_1_221' title='bbox 1000 3059 1122 3125; x_wconf 84' lang='lat' dir='ltr'><strong>fundus</strong></span> 
     </span>
     <span class='ocr_line' id='line_1_28' title="bbox 83 3165 1123 3262; baseline -0.005 -27"><span class='ocrx_word' id='word_1_222' title='bbox 83 3172 199 3262; x_wconf 87' lang='lat' dir='ltr'><strong>aliquis</strong></span> <span class='ocrx_word' id='word_1_223' title='bbox 223 3195 296 3236; x_wconf 92' lang='lat' dir='ltr'><strong>non·</strong></span> <span class='ocrx_word' id='word_1_224' title='bbox 313 3173 415 3260; x_wconf 89' lang='lat' dir='ltr'><strong>magis</strong></span> <span class='ocrx_word' id='word_1_225' title='bbox 438 3175 573 3239; x_wconf 90' lang='lat' dir='ltr'><strong>veritate</strong></span> <span class='ocrx_word' id='word_1_226' title='bbox 595 3195 653 3237; x_wconf 90' lang='lat' dir='ltr'><strong>sua</strong></span> <span class='ocrx_word' id='word_1_227' title='bbox 676 3171 850 3236; x_wconf 90' lang='lat' dir='ltr'><strong>destitutus</strong></span> <span class='ocrx_word' id='word_1_228' title='bbox 870 3191 969 3258; x_wconf 89' lang='lat' dir='ltr'><strong>quam</strong></span> <span class='ocrx_word' id='word_1_229' title='bbox 990 3189 1063 3255; x_wconf 84' lang='lat' dir='ltr'><strong>quae</strong></span> <span class='ocrx_word' id='word_1_230' title='bbox 1081 3165 1123 3231; x_wconf 91' lang='lat' dir='ltr'><strong>ab</strong></span> 
     </span>
     <span class='ocr_line' id='line_1_29' title="bbox 81 3271 1124 3365; baseline -0.005 -25"><span class='ocrx_word' id='word_1_231' title='bbox 81 3276 274 3343; x_wconf 88' lang='lat' dir='ltr'><strong>auctoribus</strong></span> <span class='ocrx_word' id='word_1_232' title='bbox 287 3279 484 3365; x_wconf 87' lang='lat' dir='ltr'><strong>gravissimis</strong></span> <span class='ocrx_word' id='word_1_233' title='bbox 498 3277 689 3356; x_wconf 74' lang='lat' dir='ltr'><strong>traduntur,</strong></span> <span class='ocrx_word' id='word_1_234' title='bbox 705 3291 738 3340; x_wconf 79' lang='lat' dir='ltr'><strong>e&#39;t</strong></span> <span class='ocrx_word' id='word_1_235' title='bbox 751 3276 862 3340; x_wconf 87' lang='lat' dir='ltr'><strong>nescio</strong></span> <span class='ocrx_word' id='word_1_236' title='bbox 876 3297 917 3338; x_wconf 88' lang='lat' dir='ltr'><strong>an</strong></span> <span class='ocrx_word' id='word_1_237' title='bbox 930 3273 995 3336; x_wconf 91' lang='lat' dir='ltr'><strong>sint</strong></span> <span class='ocrx_word' id='word_1_238' title='bbox 1006 3271 1124 3335; x_wconf 85' lang='lat' dir='ltr'><strong>fabnlae</strong></span> 
     </span>
     <span class='ocr_line' id='line_1_30' title="bbox 83 3376 1125 3472; baseline -0.005 -27"><span class='ocrx_word' id='word_1_239' title='bbox 83 3400 249 3462; x_wconf 88' lang='lat' dir='ltr'><strong>veterum,</strong></span> <span class='ocrx_word' id='word_1_240' title='bbox 267 3382 387 3472; x_wconf 90' lang='lat' dir='ltr'><strong>quibus</strong></span> <span class='ocrx_word' id='word_1_241' title='bbox 399 3385 474 3471; x_wconf 89' lang='lat' dir='ltr'><strong>plus</strong></span> <span class='ocrx_word' id='word_1_242' title='bbox 483 3407 569 3448; x_wconf 86' lang='lat' dir='ltr'><strong>verae</strong></span> <span class='ocrx_word' id='word_1_243' title='bbox 582 3406 692 3447; x_wconf 90' lang='lat' dir='ltr'><strong>rerum</strong></span> <span class='ocrx_word' id='word_1_244' title='bbox 705 3380 785 3446; x_wconf 89' lang='lat' dir='ltr'><strong>lidei</strong></span> <span class='ocrx_word' id='word_1_245' title='bbox 799 3380 888 3459; x_wconf 90' lang='lat' dir='ltr'><strong>insit,</strong></span> <span class='ocrx_word' id='word_1_246' title='bbox 906 3400 1004 3467; x_wconf 90' lang='lat' dir='ltr'><strong>quam</strong></span> <span class='ocrx_word' id='word_1_247' title='bbox 1014 3376 1125 3441; x_wconf 88' lang='lat' dir='ltr'><strong>multis</strong></span> 
     </span>
     <span class='ocr_line' id='line_1_31' title="bbox 82 3483 1122 3577; baseline -0.005 -26"><span class='ocrx_word' id='word_1_248' title='bbox 82 3487 316 3554; x_wconf 88' lang='lat' dir='ltr'><strong>historicorum</strong></span> <span class='ocrx_word' id='word_1_249' title='bbox 339 3486 405 3552; x_wconf 86' lang='lat' dir='ltr'><strong>fide</strong></span> <span class='ocrx_word' id='word_1_250' title='bbox 429 3490 575 3577; x_wconf 91' lang='lat' dir='ltr'><strong>copiose,</strong></span> <span class='ocrx_word' id='word_1_251' title='bbox 601 3487 721 3554; x_wconf 90' lang='lat' dir='ltr'><strong>diserte</strong></span> <span class='ocrx_word' id='word_1_252' title='bbox 743 3503 776 3551; x_wconf 90' lang='lat' dir='ltr'><strong>et</strong></span> <span class='ocrx_word' id='word_1_253' title='bbox 797 3501 924 3562; x_wconf 88' lang='lat' dir='ltr'><strong>ornate,</strong></span> <span class='ocrx_word' id='word_1_254' title='bbox 948 3483 1122 3570; x_wconf 86' lang='lat' dir='ltr'><strong>expositis,</strong></span> 
     </span>
     <span class='ocr_line' id='line_1_32' title="bbox 82 3586 1139 3682; baseline -0.004 -27"><span class='ocrx_word' id='word_1_255' title='bbox 82 3595 150 3658; x_wconf 89' lang='lat' dir='ltr'><strong>sive</strong></span> <span class='ocrx_word' id='word_1_256' title='bbox 164 3595 200 3658; x_wconf 88' lang='lat' dir='ltr'><strong>in</strong></span> <span class='ocrx_word' id='word_1_257' title='bbox 214 3594 350 3682; x_wconf 89' lang='lat' dir='ltr'><strong>antiqua</strong></span> <span class='ocrx_word' id='word_1_258' title='bbox 366 3595 435 3658; x_wconf 91' lang='lat' dir='ltr'><strong>sive</strong></span> <span class='ocrx_word' id='word_1_259' title='bbox 454 3595 488 3657; x_wconf 92' lang='lat' dir='ltr'><strong>in</strong></span> <span class='ocrx_word' id='word_1_260' title='bbox 507 3610 638 3659; x_wconf 90' lang='lat' dir='ltr'><strong>recente</strong></span> <span class='ocrx_word' id='word_1_261' title='bbox 657 3592 810 3672; x_wconf 72' lang='lat' dir='ltr'><strong>historia,</strong></span> <span class='ocrx_word' id='word_1_262' title='bbox 831 3590 882 3654; x_wconf 92' lang='lat' dir='ltr'><strong>his</strong></span> <span class='ocrx_word' id='word_1_263' title='bbox 899 3590 986 3652; x_wconf 89' lang='lat' dir='ltr'><strong>enim</strong></span> <span class='ocrx_word' id='word_1_264' title='bbox 1003 3586 1139 3652; x_wconf 85' lang='lat' dir='ltr'><strong>fundus¹</strong></span> 
     </span>
     <span class='ocr_line' id='line_1_33' title="bbox 83 3695 1126 3788; baseline -0.005 -28"><span class='ocrx_word' id='word_1_265' title='bbox 83 3698 219 3788; x_wconf 88' lang='lat' dir='ltr'><strong>quidem</strong></span> <span class='ocrx_word' id='word_1_266' title='bbox 228 3699 362 3788; x_wconf 87' lang='lat' dir='ltr'><strong>aliquis,</strong></span> <span class='ocrx_word' id='word_1_267' title='bbox 376 3716 413 3763; x_wconf 93' lang='lat' dir='ltr'><strong>ut</strong></span> <span class='ocrx_word' id='word_1_268' title='bbox 425 3698 542 3763; x_wconf 88' lang='lat' dir='ltr'><strong>iisdem</strong></span> <span class='ocrx_word' id='word_1_269' title='bbox 555 3700 670 3787; x_wconf 90' lang='lat' dir='ltr'><strong>priscis</strong></span> <span class='ocrx_word' id='word_1_270' title='bbox 682 3698 813 3788; x_wconf 81' lang='lat' dir='ltr'><strong>mythis,</strong></span> <span class='ocrx_word' id='word_1_271' title='bbox 829 3695 949 3773; x_wconf 90' lang='lat' dir='ltr'><strong>subest,</strong></span> <span class='ocrx_word' id='word_1_272' title='bbox 961 3715 1126 3759; x_wconf 85' lang='lat' dir='ltr'><strong>accessere</strong></span> 
     </span>
     <span class='ocr_line' id='line_1_34' title="bbox 82 3798 1127 3893; baseline -0.006 -27"><span class='ocrx_word' id='word_1_273' title='bbox 82 3820 193 3867; x_wconf 85' lang='lat' dir='ltr'><strong>tamen</strong></span> <span class='ocrx_word' id='word_1_274' title='bbox 217 3803 361 3893; x_wconf 88' lang='lat' dir='ltr'><strong>reliqua,</strong></span> <span class='ocrx_word' id='word_1_275' title='bbox 384 3827 457 3893; x_wconf 87' lang='lat' dir='ltr'><strong>quae</strong></span> <span class='ocrx_word' id='word_1_276' title='bbox 481 3805 529 3867; x_wconf 92' lang='lat' dir='ltr'><strong>illi</strong></span> <span class='ocrx_word' id='word_1_277' title='bbox 552 3820 839 3892; x_wconf 89' lang='lat' dir='ltr'><strong>superstruuntur,</strong></span> <span class='ocrx_word' id='word_1_278' title='bbox 863 3824 903 3864; x_wconf 82' lang='lat' dir='ltr'><strong>ex</strong></span> <span class='ocrx_word' id='word_1_279' title='bbox 920 3800 1053 3887; x_wconf 90' lang='lat' dir='ltr'><strong>ingenio</strong></span> <span class='ocrx_word' id='word_1_280' title='bbox 1074 3798 1127 3860; x_wconf 85' lang='lat' dir='ltr'><strong>vel</strong></span> 
     </span>
    </p>
   </div>
   <div class='ocr_carea' id='block_1_4' title="bbox 74 3902 1245 4001">
    <p class='ocr_par' dir='ltr' id='par_1_4' title="bbox 74 3902 1245 4001">
     <span class='ocr_line' id='line_1_35' title="bbox 74 3902 1245 4001; baseline -0.006 -29"><span class='ocrx_word' id='word_1_281' title='bbox 74 3906 234 3986; x_wconf 85' lang='lat' dir='ltr'><strong>audacia,</strong></span> <span class='ocrx_word' id='word_1_282' title='bbox 252 3908 420 3982; x_wconf 78' lang='lat' dir='ltr'><strong>interdum</strong></span> <span class='ocrx_word' id='word_1_283' title='bbox 439 3908 658 4001; x_wconf 87' lang='lat' dir='ltr'><strong>impudentia,</strong></span> <span class='ocrx_word' id='word_1_284' title='bbox 674 3909 845 3976; x_wconf 87' lang='lat' dir='ltr'><strong>narrentis.</strong></span> <span class='ocrx_word' id='word_1_285' title='bbox 868 3907 901 3971; x_wconf 90' lang='lat' dir='ltr'><strong>Si</strong></span> <span class='ocrx_word' id='word_1_286' title='bbox 910 3903 1051 3988; x_wconf 83' lang='lat' dir='ltr'><strong>fabulas</strong></span> <span class='ocrx_word' id='word_1_287' title='bbox 1070 3902 1128 3966; x_wconf 70' lang='lat' dir='ltr'><strong>ita«</strong></span> <span class='ocrx_word' id='word_1_288' title='bbox 1240 3925 1245 3932; x_wconf 89' lang='lat'>·</span> 
     </span>
    </p>
   </div>
   <div class='ocr_carea' id='block_1_5' title="bbox 0 0 1369 4574">
    <p class='ocr_par' dir='ltr' id='par_1_5' title="bbox 0 0 1369 4574">
     <span class='ocr_line' id='line_1_36' title="bbox 0 0 1369 4574; baseline 0 0"><span class='ocrx_word' id='word_1_289' title='bbox 0 0 1369 4574; x_wconf 95' lang='lat' dir='ltr'><strong> </strong></span> 
     </span>
    </p>
   </div>
  </div>
 </body>
</html>
