2742 4586
367 263 600 332 auersos
623 267 775 333 araon
798 269 847 334 11.
1067 278 1128 362 247

89 393 280 460 Demissum
292 389 373 480 lapsi
385 411 445 478 per
457 391 584 471 funem,
598 394 815 483 Acamasque,
828 392 1019 485 Thoasque,

87 501 288 590 Pelidesque
300 499 550 586 Neoptolemus,
565 501 757 590 primusque
770 501 945 582 Machaon,

87 608 130 671 Et
141 606 329 684 MenelauS,
343 605 458 692 etipse
472 605 539 668 doli
551 605 727 670 fabricator
738 609 856 696 Epeos.

87 710 256 775 Invadunt
267 707 384 775 orbern
397 731 513 774 somno
525 712 670 801 vinoque
683 714 862 801 sepultam,

85 815 269 880 Caeduntur
280 816 408 903 vigiles,
421 816 591 904 portisque
603 817 791 906 patentibus
804 821 909 884 omnis

84 921 267 1009 Adcipiunt
279 923 400 1002 socios,
413 939 513 1010 atque
525 925 655 1010 agmina
666 926 797 990 conscia
805 924 958 1014 jungunt.

131 1029 281 1115 Tempus
294 1044 376 1108 erat,
390 1048 457 1116 quo
469 1029 575 1116 prima
587 1031 681 1118 quies
693 1031 886 1095 mortalibus
900 1033 992 1118 aegris

84 1134 222 1221 Incipit,
237 1151 270 1196 et
282 1132 372 1197 dono
384 1132 496 1198 divom
508 1133 690 1222 gratissima
702 1138 813 1226 serpit.

84 1241 125 1302 In
139 1239 277 1318 somnis,
292 1261 383 1318 ecce,
397 1255 472 1306 ante
484 1241 599 1306 oeulos
611 1243 836 1307 maestissimus
849 1244 974 1308 Hector
1086 1271 1132 1319 ²7·

83 1345 185 1408 Visus
197 1345 311 1410 adesse
324 1344 419 1425 mihi,
433 1346 607 1434 largosque
621 1347 795 1412 effundere
807 1347 918 1426 fletus,

81 1509 155 1557 codd.
167 1523 190 1556 et
199 1512 353 1572 grammaticis
369 1512 564 1559 memorantibus
576 1515 646 1558 etiam
657 1527 710 1558 am.
721 1531 755 1576 pr.
767 1515 847 1576 fragm.
860 1517 935 1562 Vatic.
947 1539 978 1550 -·-
988 1514 1040 1560 262.
1054 1515 1131 1559 dimis-

81 1601 135 1629 sum
144 1583 184 1629 alii
194 1599 221 1627 cx
230 1599 303 1628 more.
313 1583 432 1628 demorato
439 1583 548 1698 Rom
560 1583 627 1629 alter.
637 1584 736 1632 Acamas
745 1586 805 1632 bene
815 1598 867 1647 post
880 1587 983 1632 Pieriam
997 1585 1025 1630 ab
1035 1586 1131 1630 Heinsio

81 1657 232 1701 restitutnse
250 1653 323 1699 libris.
341 1653 419 1715 Vulgo
435 1654 469 1698 At
553 1687 561 1708 ,
577 1666 690 1716 perpetua
703 1658 821 1702 varietate.
833 1681 865 1692 —
875 1654 927 1710 264.
939 1657 1013 1716 Epeos
1029 1655 1131 1700 Heinse

81 1723 151 1769 libris
166 1723 237 1784 volpe
252 1724 337 1784 Epeos.
347 1718 441 1772 Ἐπειός.
454 1723 542 1771 Medic.
551 1725 640 1786 Epeos.
653 1723 713 1768 Gud.
731 1741 743 1770 a
762 1743 793 1770 m.
806 1743 842 1787 pr.
858 1741 911 1772 cum
928 1725 979 1772 aliis
992 1725 1068 1786 Epios.
1086 1735 1132 1768 tres

78 1797 163 1858 Epius.
180 1794 225 1840 Alii
243 1795 340 1841 vitiose:
358 1785 453 1856 Epyus,
469 1795 557 1856 Opous,
576 1797 657 1858 Ipsus,
676 1797 699 1839 Y
697 1795 782 1858 pheos,
802 1795 906 1860 Ephous,
926 1795 1010 1857 Efms,
1028 1792 1130 1855 Eperos,

79 1864 179 1928 Epheos.
192 1889 223 1902 ι-
233 1865 285 1910 265.
293 1878 415 1927 somnoque
423 1877 528 1928 meroque
537 1865 619 1910 llamb.
630 1880 676 1910 sec.
688 1869 740 1912 vitto
753 1881 873 1929 somnoque
883 1864 952 1910 Goth.
970 1876 1022 1910 tert.
1040 1875 1063 1907 et
1073 1865 1131 1924 sopi-

79 1948 128 1984 tam
137 1937 204 1983 alter.
214 1961 246 1973 -··
256 1936 308 1983 268.
318 1945 379 1991 erat,
387 1952 440 1982 cum
449 1938 515 1983 fuere
527 1941 567 1998 qui
580 1936 687 1997 legerent
700 1951 757 1985 teste
770 1938 878 1994 Guallio;
890 1938 932 1984 sed
947 1949 1073 1997 utrumque
1084 1935 1131 1980 dici

79 2025 131 2056 mos
140 2021 181 2054 est.
189 2033 221 2045 -
231 2023 282 2071 ²7⁰·
293 2010 404 2054 lnsomm's
413 2023 459 2054 una
469 2023 540 2062 voce,
550 2005 617 2052 multi
627 2024 664 2069 ap.
675 2010 754 2056 Heins.
767 2013 877 2056 insomnes
886 2006 999 2055 Montulb.
1011 2008 1131 2066 s'nsompm's

78 2081 148 2126 Leid.
160 2097 200 2126 un.
207 2099 215 2136 ;
223 2081 265 2126 sed
274 2087 322 2126 nott
332 2083 463 2126 insomnem
473 2079 545 2124 fuitsc
555 2080 648 2125 Eneam
658 2094 721 2141 patet
734 2097 762 2126 ex
773 2099 795 2126 v.
807 2081 860 2135 302,
871 2081 912 2126 ubi
923 2081 1037 2124 excutitur
1045 2092 1131 2130 somno,

77 2152 147 2214 qood
154 2154 203 2214 jarn
216 2155 295 2198 burm.
305 2154 404 2198 monuit.
415 2155 438 2197 t'n
446 2153 529 2198 sanante
541 2149 633 2196 divisim
648 2153 716 2197 etiam
729 2154 809 2214 fragm.
823 2154 1002 2210 Varia-271.
1013 2148 1131 2210 refitudere

77 2223 167 2269 Medic.
186 2225 265 2270 Pierii.
278 2224 365 2286 fluetus
385 2222 474 2286 aliquot
491 2223 551 2267 Pier.
565 2221 771 2286 fletusHamburfl.
790 2222 863 2278 alter,
880 2238 901 2266 v.
919 2219 961 2264 inf.
976 2216 1028 2279 298.

76 2371 120 2424 De
134 2371 297 2438 doomonte,
311 2373 395 2425 altero
406 2373 503 2424 Thesei
514 2371 581 2423 filio·
630 2373 689 2442 494.
706 2373 793 2442 Epeus
810 2393 817 2420 .·
836 2371 936 2440 dequo
957 2387 983 2419 v.
1000 2369 1062 2418 Exc.
1085 2365 1128 2414 111.

77 2471 139 2503 rum
160 2465 185 2504 ct
203 2453 414 2524 Demophoontis
436 2455 533 2514 fratre,
553 2472 578 2514 v;
630 2471 671 2522 pr.

76 2533 167 2604 Intpr.
185 2533 219 2584 ad
239 2533 333 2604 Hygia.
348 2535 368 2584 f.
394 2533 442 2584 108
463 2532 535 2584 eth.
561 2533 579 2584 l.
666 2521 1131 2600 268sqq.Locus,cuisimiles·eplu-

77 2614 187 2670 Heins.;
200 2611 234 2663 de
243 2614 338 2664 ceteris
346 2611 440 2663 saltem
449 2611 579 2663 Servium.
630 2611 703 2662 ribus
715 2611 801 2681 poetis
816 2609 925 2660 excitari
938 2605 1132 2676 possint,quo·

76 2689 228 2742 Demissum
241 2688 308 2760 lapsi
318 2709 368 2761 per
379 2689 495 2760 funem,
509 2690 536 2742 h.
555 2711 578 2742 e.
630 2692 679 2742 ties
689 2709 738 2762 per
751 2704 872 2743 somnum
885 2687 987 2758 speeies
997 2683 1132 2751 objicitur,

77 2769 186 2838 delapsi
198 2769 263 2820 fane
278 2768 401 2820 demisso.
417 2771 455 2822 Ea
467 2770 580 2822 historia
631 2769 805 2822 adumbratus
814 2766 921 2820 videtur
929 2781 960 2816 ex
969 2761 1130 2826 lliad.4,62

75 2848 133 2900 hoc
146 2861 300 2918 acceperam
312 2866 337 2899 v.
350 2849 465 2900 Excussa
478 2850 514 2900 lll
528 2871 533 2900 :
554 2863 581 2900 at
632 2867 671 2919 sq.
682 2849 728 2899 ubi
740 2847 855 2898 Patrocli
865 2845 967 2896 Umbra
979 2840 1076 2892 Achilli
1085 2857 1133 2908 ap·

78 2927 450 2999 egregieadmagnitudinem
463 2928 582 2999 equide-
631 2939 715 2998 paret.
740 2927 880 2996 Virgilium
901 2923 980 2992 plane
1005 2917 1134 2988 expressit

78 3005 237 3058 clarandaar
253 3006 473 3060 accommodavit.
488 3010 580 3078 ltaque
631 3007 729 3059 Statius
741 3008 764 3055 V
774 3003 857 3056 Theb.
873 3001 924 3054 265
946 3018 985 3070 sq.
1006 3011 1032 3049 et
1047 3007 1133 3047 totum

78 3085 221 3156 emphasin
250 3087 363 3154 Quintil.
384 3090 491 3160 agnovit
516 3090 580 3139 Inst.
631 3075 1131 3154 locum,quisequitur,SeuecaTroad.

78 3159 158 3230 Vlll,
172 3165 207 3231 3,
221 3167 271 3232 84,
282 3168 330 3218 nbi
341 3185 366 3217 v.
380 3179 435 3217 not.
452 3179 478 3218 et
490 3167 579 3218 Ursin.
629 3167 683 3233 438
697 3183 736 3234 sq.
749 3161 905 3215 mortalibus
918 3160 1007 3231 myris,
1021 3175 1084 3208 sane
1105 3167 1134 3203 ut

78 3245 155 3298 adh.
169 3245 353 3318 hprt'musque
369 3245 503 3298 Machaon
517 3267 525 3298 .·
542 3250 582 3299 in·
633 3245 699 3296 alias
718 3244 837 3302 miseria,
855 3241 963 3308 οιζνμὶς,
982 3229 1135 3296 neasao'mu,

77 3325 173 3397 telligo
183 3362 191 3390 ,
202 3329 249 3396 qui
257 3329 358 3396 primus
368 3365 376 3392 ,
388 3328 458 3378 inter
467 3328 582 3396 primos,
632 3326 742 3397 proprie
762 3335 851 3374 tamen
870 3320 988 3384 infirmis.
1002 3320 1133 3370 Burman—

78 3419 203 3476 egressus
228 3418 275 3456 est.
300 3408 465 3477 Argutantur
484 3408 512 3458 in
529 3407 582 3460 hoe
631 3424 682 3458 nus
701 3407 786 3456 fessos
806 3401 998 3469 laboribusque
1016 3409 1042 3449 et
1063 3399 1133 3448 curis

76 3487 136 3553 jam
163 3497 274 3536 veteres.
303 3485 371 3536 Vide
394 3483 464 3536 Sext.
491 3487 580 3538 Aurel.
632 3483 761 3538 disemis
780 3485 906 3554 fatigatos
934 3483 1133 3551 interpretatur.

78 3567 184 3616 Victor.
206 3565 237 3616 G.
262 3568 337 3618 Rom.
356 3586 378 3618 c.
407 3583 429 3617 t.
446 3565 582 3618 Machaon
631 3566 726 3638 serpit,
747 3563 856 3635 quando
874 3562 988 3616 latenter
1008 3559 1134 3615 membris

80 3645 157 3716 apud
184 3646 342 3699 Thessalum
370 3648 397 3698 in
426 3647 586 3716 oprrsswrup*
634 3646 793 3699 infunditur.
807 3644 877 3696 Serv.
891 3655 920 3693 ut
933 3640 1060 3710 horsa-
1074 3655 1132 3708 ²7¹·

79 3726 133 3776 sub
141 3727 160 3775 f.
169 3739 333 3778 memoratur
339 3727 432 3798 paullo
440 3738 583 3797 postquam
635 3728 662 3781 V
661 3727 711 3777 isus
722 3726 822 3789 adesse,
835 3722 939 3776 adstare
949 3725 1000 3787 sic,
1012 3732 1042 3773 ut
1050 3739 1135 3793 quon-

80 3821 154 3874 equo
167 3807 268 3858 exierat
285 3807 368 3858 vitam
390 3808 515 3858 amisisse.
529 3805 585 3857 doli
633 3807 776 3857 dom'visus
789 3817 846 3857 erat
857 3815 989 3876 reptatus,
1000 3821 1060 3853 curn
1073 3817 1134 3868 rap-

75 3883 237 3953 suhn'ootor.
251 3885 294 3937 Sic
313 3885 377 3940 θόλον
389 3903 439 3958 pro
458 3904 528 3957 equo
551 3884 586 3937 ad
635 3887 761 3938 rebatur:
782 3905 806 3936 v.
828 3903 886 3956 sup.
907 3886 932 3948 I,
952 3883 1011 3949 483.
1033 3880 1134 3930 laniato

83 3965 198 4018 insidias
222 3968 295 4020 facto
320 3967 398 4020 Hom.
422 3968 517 4042 Odyss.
546 3967 586 4028 δ’,
636 3966 829 4032 ore,foedatus
849 3965 958 4035 pulvere
977 3956 1136 4027 etpedibus
