2724 4580
352 295 588 370 AE'NEIDOS
611 304 763 372 LIBER
785 305 811 371 l.
1042 313 1098 391 tir

63 432 128 500 Seu
139 450 199 496 vos
212 427 408 517 Hesperiam
419 449 571 516 magnam
582 427 795 518 Saturniaque
806 451 895 509 arva,

64 537 137 604 Sive
150 537 265 625 Erycis
277 535 359 598 lines
371 556 550 622 regemque
563 534 680 621 optatis
692 538 848 600 Acesten:
1045 519 1102 612 '570

64 643 195 707 Auxilio
207 658 296 706 tutos
309 639 484 718 dimittam,
499 637 683 729 opibusque
691 632 825 730 juvabo.

63 749 173 814 Vultis
185 748 281 813 ethis
293 757 424 810 mecum
435 745 557 832 pariter
568 745 739 810 considere
752 747 881 834 regnis?

65 855 193 920 Urbem
204 877 304 942 quam
315 868 437 930 statuo,
449 865 558 915 vestra
569 867 636 931 est,
649 851 821 917 subducite
833 873 950 935 naves;

64 1039 172 1087 Medeam
188 1054 223 1086 ro.
235 1037 349 1103 subjuatqit
357 1037 386 1084 ab
395 1055 419 1083 u.
431 1052 477 1086 sec.
485 1037 567 1084 llamb.
577 1035 612 1085 soi
622 1039 800 1102 merqitMenag.
812 1055 849 1102 pr.
859 1043 930 1105 verqit
937 1041 1103 1097 Vauuetnstt,

66 1111 106 1158 sed
117 1128 140 1156 v.
153 1111 232 1155 Burm.
242 1133 274 1145 -
282 1111 334 1171 570.
344 1110 422 1154 Finem
433 1109 472 1154 ed.
483 1110 542 1154 Ven.
557 1123 692 1174 repetamque
703 1114 784 1172 petetis
793 1111 884 1174 Menag.
898 1123 921 1157 et
932 1113 1012 1158 Hamb.
1029 1129 1064 1174 pr.
1080 1119 1106 1157 et

67 1193 143 1243 quart.
152 1181 238 1227 Monet.
248 1180 321 1226 Porro
328 1198 351 1228 v.
364 1179 407 1242 571
421 1190 446 1224 et
457 1177 500 1242 573
511 1196 523 1225 a
535 1180 604 1226 Goth.
622 1192 674 1228 tert.
692 1183 795 1228 aberant.
805 1206 837 1218 -
847 1185 898 1244 ⁵7²·
911 1192 936 1228 et
950 1182 985 1248 ltiq
993 1187 1070 1244 Sprot.
1081 1193 1105 1228 et

66 1253 139 1312 bigot.
155 1253 242 1314 puriter
253 1265 339 1296 mecum
347 1253 407 1296 Ven.
424 1253 460 1296 sin
471 1250 539 1296 vultis
550 1267 637 1298 necem
645 1251 716 1299 Wali.
730 1254 795 1316 quod
808 1255 914 1316 prosaico
931 1266 989 1300 esset
999 1256 1104 1316 propios.

65 1327 187 1370 conmittere
196 1323 287 1386 aliquot
296 1324 365 1368 Pierii
376 1335 399 1368 et
407 1324 533 1368 Burmanni
543 1335 590 1370 tres
601 1340 653 1370 cum
667 1325 773 1372 Parrbas.
785 1325 814 1372 cl.
831 1325 873 1372 ini.
892 1326 945 1386 629.
960 1325 1106 1372 Burmannus

65 1398 127 1457 conj.
137 1395 261 1456 confidere,
269 1410 353 1456 pamm
361 1393 476 1450 feliciter,
488 1407 511 1440 et
521 1395 579 1457 quid
589 1407 639 1441 turn
646 1399 731 1458 puriter
746 1398 849 1442 meeum?
861 1413 883 1444 c.
899 1399 963 1443 tenus
979 1399 1093 1442 Romanus
1097 1411 1106 1452 ;

66 1464 131 1528 quod
137 1468 254 1528 poetieam
264 1465 399 1528 dignitatem
405 1465 664 1528 minusspirat.·-573.
674 1468 741 1531 Piget
750 1469 890 1531 ineptiarum
896 1483 967 1530 super
975 1467 1020 1512 hoe
1029 1483 1105 1514 versu.

68 1623 123 1690 dit,
149 1637 279 1696 quatenus
297 1623 388 1698 frique
418 1622 452 1677 ad
484 1625 565 1678 animi
612 1645 680 1697 pro,
694 1646 748 1679 non
760 1639 815 1680 tam
827 1636 1055 1688 aversuse515non
1066 1641 1109 1676 re·

67 1718 206 1776 stuporem
216 1704 338 1776 adeoque
348 1706 382 1757 ad
394 1706 527 1758 feritatem
539 1717 565 1757 et
611 1719 700 1758 motus
725 1705 883 1775 est.,(Male
899 1705 985 1757 Gerde
1003 1706 1105 1776 aliter).

67 1789 259 1840 immanitatem
276 1787 454 1851 transfertur,
476 1797 502 1838 et
523 1805 565 1838 re·
613 1786 653 1837 lta
663 1803 717 1836 non
729 1785 829 1850 modo,
843 1787 889 1856 qui
900 1802 991 1836 versus
1002 1797 1107 1855 septen-

67 1869 194 1918 motiores
211 1887 227 1918 a
239 1866 303 1918 solis
320 1866 407 1917 orbita
421 1877 496 1916 terrae
507 1866 564 1936 pati
613 1867 746 1930 trionem,
764 1857 861 1922 arctois
873 1864 958 1937 plagis
970 1864 1108 1929 habitant,

67 1946 96 1997 id
108 1947 270 1998 credentum
276 1946 400 1998 Alienum
411 1945 491 2014 plane
506 1956 564 2011 est,
612 1945 695 1997 aversi
705 1963 722 1996 a
736 1945 792 1997 sole
811 1944 876 1996 dicti
895 1967 901 1994 :
922 1963 1012 1996 verum
1027 1945 1109 1996 etiam

67 2026 143 2097 quod
155 2027 259 2078 Servius
276 2040 303 2078 et
319 2028 479 2096 Pomponius
490 2024 564 2075 Atrei
595 2023 714 2088 ··auersi,
725 2027 771 2093 qui
782 2043 798 2074 a
814 2025 995 2094 septentrione
1013 2024 1110 2082 remoti

68 2105 563 2179 etThyestaefabulamhueadvocantz
614 2097 775 2156 australibus
794 2103 880 2175 plagis
899 2104 1036 2163 habitant,
1057 2122 1108 2174 pro

68 2186 146 2240 aliter
157 2187 202 2239 hie
218 2185 258 2239 sol
268 2205 368 2238 evenus
380 2185 414 2236 ob
426 2183 565 2234 horrorem
614 2183 804 2258 sententiarum
820 2159 938 2245 ratione,
951 2182 1008 2234 Val.
1030 2182 1068 2233 Fi.
1080 2185 1108 2248 1,

69 2281 95 2319 et
105 2269 300 2320 aversationem
312 2264 432 2326 sceleris3
443 2275 508 2316 utet
520 2261 566 2313 alii
616 2260 674 2314 518.
693 2261 739 2312 ubi
755 2259 799 2310 Sol
811 2261 930 2331 loquitur
941 2260 975 2314 de
986 2260 1108 2314 Colchis:

68 2359 155 2418 poetae
182 2346 215 2399 de
233 2343 351 2397 nefando
375 2345 503 2395 facinore.
523 2341 565 2392 sic
617 2340 688 2409 Quid
699 2339 769 2412 repio
783 2341 905 2393 immunis
912 2379 922 2406 ,
937 2341 1003 2414 quid
1018 2342 1109 2394 barba·

70 2428 142 2481 caesis
153 2428 254 2478 maritis
266 2426 383 2478 Lemniis
395 2424 460 2478 Stat.
471 2425 503 2488 V,
515 2440 564 2493 ²97
591 2417 594 2428 '
616 2437 659 2472 rus
667 2419 788 2472 amnibus
797 2418 858 2472 ullis
868 2419 961 2474 Phasis
972 2432 998 2472 et
1011 2425 1110 2476 aversis

68 2509 196 2559 Avertam
210 2507 308 2557 Iaemno
322 2506 442 2577 juberet
452 2501 567 2559 declinia
612 2499 699 2572 proles
714 2519 772 2550 mea
790 2500 912 2571 gentibus
931 2501 1033 2553 obstat?
1050 2502 1111 2553 Jnm

69 2587 152 2638 Titan
166 2586 291 2657 Opposita
297 2589 367 2658 jupa
388 2586 458 2636 niobe
477 2583 563 2654 refert.
614 2585 643 2636 in
654 2582 765 2654 Virgilio
776 2581 833 2634 haec
846 2601 900 2644 non
913 2601 969 2636 esse
979 2581 1111 2636 subtiliter

68 2665 219 2736 sapientius
227 2666 289 2732 boc,
298 2684 378 2736 quam
384 2668 412 2717 in
418 2665 470 2718 alio
478 2681 565 2728 versu,
594 2681 596 2686 ·
615 2663 750 2733 erigenda¹
763 2676 888 2733 apparet,
901 2666 923 2714 si
935 2664 1051 2716 Africam
1067 2680 1125 2721 cos

69 2746 116 2797 ubi
138 2746 314 2820 Virgilianum
338 2746 427 2797 locum
449 2746 566 2797 imitatus
615 2743 696 2813 gites3
714 2740 759 2794 sed
776 2740 829 2792 hoc
850 2741 1111 2806 nnumtenendum,

70 2837 109 2876 est
123 2824 242 2889 Thebl,
258 2826 309 2877 683
320 2824 475 2894 sq.·Seimus
483 2863 492 2889 ,
507 2824 565 2889 ait,
617 2820 710 2888 Poenos
733 2838 788 2872 nou
809 2839 876 2873 esse·
886 2822 1035 2885 barbaros,
1056 2839 1112 2872 non

69 2911 286 2962 'neesicaaersum
292 2895 495 2981 fameMycent's
506 2908 532 2962 V
531 2905 569 2959 ol·
619 2902 687 2952 sdeo
699 2919 765 2954 esse·
776 2913 892 2954 remotos
911 2920 928 2952 a
942 2901 1112 2953 clementiore

69 2991 107 3042 'trit
127 2992 184 3042 iter.
202 2983 456 3064 Repnumetfu'rias
468 2985 569 3039 oeulos·
619 2980 679 3034 eoeli
702 2993 830 3050 terraeque
860 2979 964 3052 plaga,
989 2989 1112 3050 respectu

68 3089 120 3141 que
147 3070 275 3142 pudentes
306 3068 427 3140 (pudore
458 3065 568 3136 erutos)
615 3063 800 3130 Trojanorum.
1016 3125 1018 3130 Α

68 3151 158 3204 Novit.
179 3151 307 3203 Extremae
327 3162 402 3201 terrae
426 3161 516 3220 partes
530 3147 568 3198 ita
629 3143 712 3213 569
726 3141 879 3214 Hesperiam
890 3137 1112 3214 maquam'sirn'pl.

68 3233 179 3283 omnino
189 3227 375 3302 designantur,
390 3223 569 3279 utextrasolis
617 3237 762 3296 potentem.
786 3223 870 3275 Aliter
893 3221 994 3273 Groecia
1016 3237 1113 3291 meque

68 3313 124 3362 vias
140 3328 199 3362 esse
216 3309 352 3373 dicantur,
375 3320 505 3378 quatenus
526 3303 569 3356 vel
618 3303 722 3356 dicitur.
735 3305 809 3372 Eryx
822 3300 923 3352 Sicilie.
934 3297 987 3350 vid.
1001 3301 1038 3362 V,
1052 3297 1115 3367 759:

68 3394 141 3443 intra
153 3390 207 3442 duo
221 3391 351 3462 Tropicos
362 3389 405 3441 vel
422 3391 493 3441 iutra
504 3400 569 3440 tem·
618 3384 711 3456 optatis
722 3381 749 3432 h.
760 3382 778 3432 l.
789 3380 926 3451 praefertis.
940 3406 974 3414 -
987 3375 1046 3446 571.
1058 3375 1114 3427 Au·

69 3472 219 3542 peratiores
230 3487 308 3523 zonas
320 3487 375 3521 nou
394 3466 569 3538 comprehen-
617 3463 777 3525 sullimatus,
792 3459 865 3530 quod
881 3461 908 3510 in
924 3475 1020 3529 prosa:
1033 3455 1113 3509 rebus

72 3549 182 3602 duntur.
200 3551 261 3616 Quo
282 3551 362 3622 igitur
386 3550 470 3620 magis
494 3560 569 3598 terre
617 3545 773 3596 necessariis
801 3543 957 3604 instructos,
988 3539 1112 3589 munitos.

70 3641 173 3679 versus·
188 3631 396 3698 septentrionem
415 3625 458 3678 vel
477 3643 568 3678 versus
615 3623 749 3676 ·Pedestris
768 3634 836 3673 esset
853 3622 952 3683 oratio,
970 3619 992 3670 si
1011 3619 1115 3687 accipe·

72 3719 194 3758 austrum
203 3706 345 3771 recedunt,
357 3724 390 3759 eo
402 3707 486 3778 magis
498 3723 569 3756 aven
618 3723 675 3757 res:
691 3703 916 3756 dimittamteros·
925 3718 985 3753 cum
1001 3697 1112 3749 auxilio.

70 3803 113 3837 sus
121 3785 149 3836 h.
159 3805 182 3839 e.
196 3786 351 3857 simpliciter
362 3798 480 3838 remotus
492 3783 570 3853 (nam
618 3786 682 3836 Mox
692 3794 777 3836 statuto
793 3782 921 3852 exquisite
937 3796 986 3850 pro
1007 3775 1112 3830 condo:

71 3861 233 3938 argutantur
245 3866 332 3918 iubae
342 3868 425 3938 voce)
437 3866 471 3918 ab
484 3868 515 3917 iis
525 3862 571 3916 Sol
617 3860 731 3930 stirpis.
740 3859 949 3932 erpone-572
958 3855 1116 3926 sq.Compa·

64 3944 255 4016 junqitrequos
272 3932 300 3995 h'.
317 3964 339 3997 e.
365 3947 570 4014 oriturviterque
617 3941 750 3994 rereliret
761 3941 885 4012 Apellen.
899 3939 960 4008 Arg.
974 3936 998 3999 l,
1012 3935 1116 4000 827.⁵qt

74 4039 154 4075 suum
169 4021 295 4074 diurnum
307 4023 420 4077 coniicit.
442 4022 570 4094 Adeoque
614 4043 616 4050 ¹
