2718 4598
253 225 315 290 336
343 167 373 290 ,Ι
570 220 834 284 EXCURSUS
857 221 957 284 VIII

251 346 366 416 repetit:
384 344 442 416 559.
454 343 608 396 588—632.
626 343 759 394 Anchisen
770 356 891 414 patrem,
910 344 997 414 primo
1017 342 1209 409 reluctantem,
1227 363 1286 396 mox

221 413 224 420 ¹
251 425 374 496 prodigio
394 427 542 488 monitum,
561 442 621 474 curn
635 425 746 494 conjuge
768 437 794 476 et
812 437 875 475 nato
898 423 1024 475 abducit:
1045 441 1104 494 7²⁰·
1117 426 1178 476 lam
1194 427 1285 477 urben

253 520 371 574 egressus
393 501 542 554 desiderata
558 519 638 552 uxore
655 502 724 553 redit
747 504 775 552 in
793 504 905 566 urbem,
927 502 960 553 ab
980 505 1035 571 ejus
1056 503 1154 554 umbra
1178 504 1285 556 meliora
1333 525 1334 546 i

254 583 362 635 edoctus
375 581 409 632 ad
420 599 480 632 suos
493 582 576 641 redit,
589 595 614 632 et
626 581 675 632 sub
688 581 741 632 diei
754 593 840 632 ortum
850 580 1011 652 (801)Idam
1024 583 1088 654 fuga
1099 584 1176 653 petit.

478 893 841 984 EXCURSUS
874 897 1053 984 VIIII.

251 1090 374 1156 Hector
382 1089 482 1152 classi
492 1083 693 1151 Achivorum
703 1085 973 1174 1'guemiufhuens5
986 1101 1019 1150 et
1027 1089 1136 1152 ut'ctor
1145 1065 1292 1153 Patrocli

700 1187 835 1255 rediens.

286 1364 469 1434 AEn.11‚27t.
493 1363 516 1416 5.
536 1363 590 1414 Hei
607 1361 692 1412 miti!
709 1361 794 1434 qualis
812 1373 885 1428 erat,
907 1373 1036 1434 quantum
1055 1376 1171 1418 mutatus
1187 1367 1219 1416 ab
1241 1367 1282 1418 illo
1336 1417 1337 1420 ,

204 1433 212 1454 '
250 1451 376 1510 Hectore,
390 1445 438 1515 qui
454 1444 521 1494 redit
531 1442 636 1493 exuuias
654 1442 759 1494 indutus
774 1441 893 1507 Achilli,
913 1441 954 1493 vel
971 1444 1097 1494 Danaum
1110 1445 1283 1518 Pbrypiosja-

251 1525 353 1579 calatus
365 1523 497 1596 puppibus
510 1524 587 1594 ignes.
610 1523 767 1587 Hectorem,
779 1523 865 1592 qualis
877 1522 967 1592 paullo
980 1536 1041 1574 ante
1054 1541 1106 1575 vss.
1125 1543 1185 1595 ²7²·
1198 1526 1214 1576 3
1229 1526 1284 1576 des-

252 1607 421 1669 cribebatur,
444 1603 570 1673 Raptatus
594 1600 659 1673 bigis
679 1613 709 1651 ut
729 1602 861 1673 quondam
873 1640 882 1665 ,
903 1612 1009 1673 aterque
1031 1616 1139 1654 crissoto
1161 1604 1284 1674 Pulvere,

248 1701 349 1756 perque
358 1682 434 1753 pedes
453 1681 574 1752 trajectus
586 1677 641 1730 lora
654 1689 796 1743 tumentes,
817 1678 966 1730 videramus
976 1682 1030 1748 jam
1043 1680 1113 1730 libro
1124 1683 1150 1750 1,
1169 1682 1230 1748 483.
1243 1684 1284 1734 ubi
1336 1693 1337 1732 i

253 1763 305 1813 Ter
324 1761 423 1811 circum
442 1757 538 1809 Iliacos
560 1767 708 1827 raptaverat
729 1758 843 1807 Hectora
866 1775 951 1808 muros
967 1756 1107 1808 Achilles:
1130 1758 1164 1828 de
1188 1777 1241 1829 quo
1260 1779 1281 1810 v.

251 1840 361 1892 Excurs.
374 1839 457 1889 XVIII
470 1837 504 1888 ad
516 1857 539 1888 e.
557 1837 575 1886 1.
593 1837 690 1888 Hector
702 1838 809 1886 omnino
823 1837 946 1905 frequens
955 1834 1118 1912 geminarum
1134 1840 1284 1890 Homerica·
1337 1845 1338 1872 ³

250 1927 311 1970 rum
332 1929 530 1990 argumentum,
550 1934 603 1966 non
626 1934 680 1965 uno
700 1915 794 1966 habitu
813 1933 844 1966 ac
863 1927 948 1976 statu3
971 1915 1043 1984 quod
1059 1929 1149 1967 tamen
1166 1920 1227 1990 ipsa
1247 1937 1283 1969 res
1337 1949 1338 1980 y

249 2001 323 2049 intra
340 1996 437 2047 Iliados
451 1995 515 2046 fines
528 1995 660 2055 contiuet;
674 2012 734 2044 cum
746 1993 841 2046 multas
852 1989 917 2045 alias
927 2011 1042 2064 gemmas
1055 2013 1069 2044 e
1084 1995 1190 2065 cyclicis
1204 2000 1284 2066 pocus
1337 2031 1338 2070 Q

251 2075 421 2128 adumbratas
440 2091 496 2124 esse
517 2085 610 2142 putare
633 2075 736 2142 possis;
757 2075 808 2124 nisi
823 2075 912 2142 potius
934 2071 1075 2123 dicendum
1097 2086 1155 2141 est,
1176 2075 1284 2126 artifices

249 2153 372 2225 vulgares
385 2151 507 2216 libellos,
521 2153 566 2222 qui
584 2152 689 2203 fabulas
709 2165 903 2221 exposuerant,
924 2164 1049 2221 sequutos
1063 2167 1136 2214 esse,
1151 2157 1203 2204 nisi
1222 2157 1285 2207 forte

251 2236 331 2286 etiam
345 2234 376 2284 iis
397 2231 503 2302 Tragici
523 2245 678 2303 argumenta
691 2250 801 2302 operum
813 2233 946 2302 praecipuo
966 2230 1025 2281 Ioco
1046 2232 1234 2302 suppeditasse
1251 2235 1287 2285 di-

251 2313 329 2366 cendi
341 2325 416 2362 sunt:
429 2325 508 2380 atque
520 2311 572 2362 hoc
585 2312 713 2382 exemplis
723 2312 886 2364 declaratum
897 2311 955 2362 dari
964 2313 1060 2380 possit;
1072 2316 1286 2366 commemorabo

249 2387 354 2445 tantum
370 2391 546 2461 Amphionem
556 2403 584 2442 et
593 2390 704 2442 Zethum
716 2409 775 2442 cum
787 2393 865 2442 Dirce
881 2403 958 2442 tauro
970 2391 1071 2462 illigata
1084 2413 1090 2440 ε
1105 2408 1287 2463 argumentum

250 2489 282 2520 ex
297 2466 423 2537 Euripide
445 2468 629 2519 adumbratum
651 2468 806 2540 (Antiquar.
828 2467 957 2538 Auffatze
978 2490 985 2517 .·
1005 2471 1031 2518 Ρ.
1050 2470 1109 2540 II.).
1134 2472 1287 2546 Homericae
1338 2531 1339 2534 Ἴ

250 2560 339 2596 tamen
358 2544 463 2596 fabulas
485 2563 516 2594 ex
534 2546 593 2613 ipsa
613 2545 695 2598 Iliade
708 2559 734 2597 et
755 2545 874 2617 Odyssea
894 2550 991 2617 petitas
1009 2560 1034 2598 et
1048 2547 1223 2602 adumbratas
1236 2570 1287 2603 esse

250 2620 416 2694 probabiIius
428 2619 465 2670 fit.
487 2621 526 2670 Ex
544 2624 574 2671 iis
587 2623 684 2673 Hector
698 2625 822 2693 frequens
836 2619 1032 2695 argumentum,
1045 2637 1075 2674 ut
1084 2623 1157 2690 dixi,
1170 2629 1287 2698 quando-

185 2741 190 2756 .
252 2700 364 2772 quidem¹
383 2701 484 2768 species
508 2702 563 2768 ejus
587 2703 640 2750 oris
664 2714 690 2753 et
704 2702 811 2766 habitus
830 2704 863 2754 ab
884 2718 939 2756 arte
963 2707 1000 2756 ita
1018 2707 1057 2756 esi
1079 2707 1242 2759 constitutus
1263 2723 1289 2759 ut

250 2781 351 2848 ubique
364 2780 403 2828 sui
418 2779 510 2829 similis
527 2781 573 2843 sit,
596 2793 621 2830 et
637 2781 688 2832 sibi
710 2796 828 2843 constet;
842 2795 881 2833 est
893 2785 991 2853 ubique
1007 2784 1137 2836 barbatus
1157 2798 1185 2836 et
1205 2791 1288 2858 capite

249 2856 356 2929 galeato
368 2878 374 2904 ι
388 2857 427 2919 is,
440 2858 563 2925 inquam,
573 2858 653 2907 modo
666 2878 726 2910 cum
735 2859 921 2912 Andromache
933 2874 959 2913 et
968 2864 1142 2933 Astyanacte,
1156 2869 1288 2930 occurrit,

252 2936 333 2990 modo
352 2937 438 2988 facem
457 2939 577 3006 injiciens
596 2943 675 3003 navi,
694 2943 767 3010 cujus
788 2945 889 3012 puppis
907 2946 1028 3012 apposita
1045 2957 1102 2994 est:
1117 2948 1195 3014 cujus
1215 2949 1289 3020 argu-

149 3014 151 3020 ’
251 3017 333 3068 menti
359 3034 489 3085 gemmam
508 3017 617 3068 militem
633 3018 824 3070 incendiarium
837 3020 959 3072 exhibere
976 3022 1189 3076 direratGorius
1206 3026 1287 3094 (Mus.

250 3093 319 3146 Flos.
332 3090 380 3142 To.
393 3095 432 3157 II,
452 3093 506 3144 tab.
527 3095 576 3159 60,
592 3098 629 3168 a).
649 3098 685 3148 At
703 3112 773 3150 extat
794 3100 846 3151 alia
866 3119 956 3150 verum
977 3102 1118 3152 Hectorem
1137 3121 1289 3174 expressum

250 3173 352 3224 liabens
365 3175 450 3242 puppi
459 3175 533 3224 navis
547 3179 687 3244 apposita:
702 3178 773 3248 apud
785 3180 878 3230 Franc.
890 3180 997 3231 Pallazzi
1009 3180 1132 3250 (Borioni
1147 3184 1286 3238 Colleotan.

250 3265 269 3300 t.
286 3251 327 3302 56¹.
342 3251 421 3300 etiam
442 3253 469 3300 in
481 3251 599 3321 lipperti
610 3255 771 3326 Dactyliotb.
785 3255 857 3305 Mitt.
870 3259 893 3306 II
903 3294 911 3321 ,
923 3275 952 3322 2,
964 3258 1004 3327 6).
1018 3259 1048 3308 Ei
1064 3262 1212 3330 respondet
1225 3265 1288 3333 Ajax

253 3328 286 3379 de
302 3330 387 3398 puppi
405 3346 526 3399 pugnans
544 3334 570 3381 in
592 3332 644 3384 alia
664 3353 775 3404 gemma.
795 3337 891 3385 Verum
908 3338 982 3406 prior
1003 3336 1048 3387 illa
1065 3337 1145 3407 plane
1167 3337 1288 3394 convenit

250 3409 338 3458 versui
356 3407 518 3477 Virgiliano:
541 3410 597 3463 Vet.
607 3413 732 3462 Danaum
750 3411 878 3484 Phrygios
897 3415 1031 3486 jaculatus
1050 3419 1191 3487 puppibus·
1211 3423 1284 3493 ignes.

176 3488 178 3497 ’
250 3486 338 3534 Minus
351 3496 424 3534 certa
440 3484 491 3537 fide
510 3501 571 3538 sunt
586 3490 643 3540 alise
660 3509 781 3560 gemmae,
794 3494 970 3546 Hectoremne
983 3514 1016 3546 an
1029 3495 1109 3546 alium
1126 3496 1237 3550 heroem
1250 3521 1288 3551 re·

251 3565 352 3622 ferant,
370 3574 415 3625 ut,
433 3565 586 3618 vulneratus
598 3569 647 3618 sub
661 3568 746 3639 clipeo
761 3570 901 3638 deficiens,
916 3571 975 3644 (ap.
990 3573 1091 3624 Natter.
1105 3577 1160 3627 tab.
1181 3581 1248 3629 VIII.
1263 3593 1287 3630 et

252 3641 341 3708 allbi.)
355 3641 401 3691 Est
416 3643 514 3694 Hector
536 3649 562 3697 in
583 3646 666 3697 Sarda
685 3666 775 3700 saxum
796 3665 878 3720 portae
896 3666 1042 3704 castrorum
1060 3654 1225 3708 Achivorum
1242 3662 1287 3708 im·

250 3723 361 3791 plagens
373 3717 408 3788 (v.
419 3722 493 3774 Iliad.
504 3745 539 3789 μ,
553 3740 616 3776 extr.
631 3745 672 3795 ap.
688 3728 803 3799 lippert.
817 3730 889 3782 Mitt.
903 3733 939 3797 II,
954 3751 985 3798 a,
999 3733 1022 3786 5.
1036 3752 1123 3803 neque
1139 3737 1220 3786 alium
1233 3756 1286 3788 esse

252 3801 366 3852 arbitror
376 3800 446 3851 Mill.
461 3806 509 3868 III,
524 3823 554 3868 a,
568 3807 592 3856 6.
604 3812 778 3877 expressum).
794 3812 926 3862 Incertum
940 3831 1045 3882 quoquc
1065 3831 1122 3864 esse
1136 3828 1241 3884 potest,
1255 3836 1286 3867 an

251 3879 319 3928 inter
337 3877 430 3932 heroes
450 3879 517 3950 bigis
538 3883 665 3935 instantes
682 3887 780 3938 Hector
802 3889 958 3959 quarendus
976 3893 1024 3952 sit,
1047 3893 1144 3944 certior
1163 3893 1228 3948 fides
1249 3902 1290 3946 est'
