2724 4580
264 269 323 333 158
506 267 541 329 r.
565 265 792 328 vinoun
815 231 1060 336 unnonts'

259 389 500 479 Quinquaginta
511 387 599 452 intus
611 386 757 452 famulae:
770 387 1017 476 quibuaordine
1028 393 1131 482 longo

260 498 344 563 Cura
355 518 477 584 penum
490 510 630 571 struere,
644 509 678 556 et
689 492 827 557 flammis
840 494 974 562 adolere
985 500 1132 564 Penates.

258 679 362 744 aliisque.
372 679 448 740 Vulgo
462 677 569 724 manuleo.
587 695 609 725 r.
626 678 710 739 Georg.
726 678 765 734 lV,
782 677 834 742 377.
851 705 882 715 -
895 681 947 744 703.
965 680 1051 746 lonqam
1065 698 1149 745 penm
1165 700 1178 728 a
1194 683 1294 748 Virgilio
1355 716 1356 740 7

257 753 350 809 dictam,
357 753 455 798 Carisius
464 751 497 797 lib
506 753 524 795 l.
534 751 606 796 Instit.
619 763 699 796 auctor
708 761 749 796 est.
759 749 850 812 Duplex
859 754 972 814 scriptura
979 757 1027 816 jam
1037 755 1107 800 Gellii
1116 766 1183 801 aetate
1193 758 1293 801 circum-
1355 763 1356 774 ¹

257 821 303 868 leta
315 834 356 868 est.
372 839 394 865 v.
406 823 437 866 tv
451 821 478 866 N.
491 821 518 866 Δ.
529 837 550 867 c.
570 835 590 866 r.
604 819 691 884 usqam
704 835 787 883 penum
802 826 913 884 expressit
927 826 997 870 etiam
1007 827 1133 872 Ausonium
1141 827 1259 872 Densum
1267 837 1294 872 et

257 895 361 939 Servium
369 893 454 939 frustra
464 892 543 938 laudat
552 893 594 938 Ge.
605 893 693 938 Fabric.
703 893 806 938 Retinuit
820 904 896 940 tamen
914 895 992 941 Heius.
1000 897 1076 941 ordine
1092 894 1157 960 leupo
1166 895 1294 958 praeclare,

256 977 352 1026 propter
367 965 435 1011 codd.
454 979 604 1019 consensum,
614 975 638 1009 et
652 963 722 1009 Nonii
731 963 836 1010 Marcelli
851 966 1023 1030 Eugrepbiique
1038 970 1207 1014 auctoritatem.
1227 967 1293 1012 Adde
1356 1001 1357 1008 ,

257 1037 326 1082 etiarn
334 1039 448 1098 poeticam
457 1039 585 1092 rationem,
597 1035 662 1099 quod
669 1035 746 1082 ordita
757 1034 821 1100 louqo
832 1040 923 1100 gravina
932 1055 959 1086 ac
970 1040 1062 1101 dignius
1074 1039 1171 1086 dietum
1184 1041 1295 1084 ium

255 1120 326 1167 porro
335 1105 420 1168 legitur
429 1123 466 1169 ap.
479 1106 540 1153 Gell.
552 1105 569 1152 l.
580 1122 601 1152 c.

200 1283 203 1294 ·
255 1272 286 1312 ut
307 1261 400 1334 Odyss.
422 1283 459 1324 e,
486 1264 533 1333 147
552 1275 580 1315 et
599 1264 648 1328 al,
672 1261 745 1333 qnod
794 1264 963 1336 nuntioque
975 1265 1114 1336 productis
1127 1267 1294 1338 siugulisre⁴

254 1345 370 1411 pressius
380 1345 498 1414 sequitur
508 1355 598 1396 noster
609 1345 666 1396 AEn.
676 1345 744 1408 Vlll,
794 1363 852 1396 rum
866 1348 1004 1398 momentis
1016 1348 1027 1396 l
1041 1345 1125 1397 Theb.
1141 1345 1192 1397 512
1211 1364 1269 1416 sqq.
1281 1382 1291 1409 ,

258 1424 320 1483 180,
334 1425 390 1476 181.
794 1427 850 1476 ait:
870 1424 972 1477 adolere
983 1424 1076 1494 fooos,
1095 1423 1239 1496 epulasque
1255 1443 1293 1476 re·

289 1503 348 1571 703.
373 1504 432 1573 704.
454 1504 484 1556 ln
504 1505 628 1556 interiore
652 1501 746 1555 aedium
794 1504 1061 1570 centesinstourm,
1072 1503 1155 1574 jubet.
1178 1501 1293 1554 Adolere

252 1592 329 1651 parte
348 1595 423 1634 erem
437 1584 555 1648 femine,
571 1600 630 1652 quae
649 1601 746 1652 penem
789 1581 878 1652 focos,
892 1584 971 1635 etiam
980 1581 1057 1633 Silius
1067 1581 1191 1646 dixitlll,
1201 1584 1252 1651 278
1262 1584 1292 1633 iu

254 1661 282 1711 in
302 1662 423 1714 canistris
434 1674 620 1728 struerent‚ut
635 1664 746 1713 circum·
793 1661 868 1725 loeo,
892 1662 938 1731 qui
960 1672 986 1712 ot
1006 1662 1062 1730 ipse
1083 1678 1115 1712 ex
1134 1672 1229 1711 nostro
1250 1674 1293 1712 est

252 1740 367 1790 ferretur
390 1752 416 1792 et
435 1740 637 1793 distribueretur
658 1742 746 1792 oonvi·
795 1739 966 1792 adumbratus
972 1759 979 1802 ;
993 1739 1065 1810 quod
1080 1741 1135 1808 jem
1152 1752 1215 1792 aute
1227 1740 1294 1792 Cer-

253 1819 309 1870 vis:
325 1819 431 1889 quodv.
446 1837 505 1891 701.
515 1819 604 1872 flebat.
616 1822 685 1872 Nam
694 1819 746 1870 hoe
794 1818 856 1870 dam
868 1819 933 1871 vidit
942 1821 1110 1891 Pomponius.
1123 1820 1184 1872 Jam
1200 1832 1292 1871 autem

253 1912 306 1966 est,
322 1903 354 1954 iis
373 1903 574 1969 intumuisse,
591 1911 688 1953 struere
700 1919 747 1972 pe·
796 1918 912 1970 quaeras,
930 1918 1072 1972 quorsum,
1084 1903 1112 1952 in
1124 1903 1181 1954 vitu
1197 1902 1293 1970 utique

252 1997 327 2030 num.
349 1981 388 2030 In·
399 1979 521 2034 fraudem
543 1999 585 2032 me
607 1979 748 2032 induxerat
794 1980 916 2047 heroica,
929 1981 1097 2052 interepulas
1109 1981 1209 2032 insono
1219 1981 1292 2052 ignis

252 2059 377 2112 Favorini
390 2057 536 2129 disputatio
552 2058 623 2129 apud
633 2058 747 2112 Gellium
793 2061 900 2114 incendi
911 2060 1004 2112 solitus
1022 2062 1071 2110 sit?
1086 2058 1229 2110 Non'sane
1244 2060 1294 2109 iri-

251 2135 300 2201 Ν,
324 2152 333 2186 1
355 2149 384 2187 ut
403 2137 558 2190 redderem:
573 2139 702 2190 instruere
720 2149 746 2188 et
793 2143 864 2211 geris
885 2139 1036 2212 depellendi
1057 2155 1162 2199 onussa;
1183 2157 1233 2190 nec
1254 2138 1293 2188 ud

253 2215 389 2270 menate-
402 2215 491 2268 edulia
509 2235 541 2268 ae
557 2216 639 2268 cibos.
654 2217 746 2270 Enim·
795 2237 886 2273 earnes
899 2219 1059 2290 coquendas.
1081 2219 1180 2269 Verum
1187 2235 1292 2287 perpe-

251 2311 314 2349 rero
326 2312 462 2348 versemur
476 2295 519 2348 hie
535 2296 563 2346 in
575 2308 657 2366 poeta
668 2298 752 2366 epico.
794 2299 922 2363 rumille,
935 2301 1014 2352 etiam
1025 2315 1073 2368 per
1086 2297 1211 2366 sequiora
1223 2308 1295 2347 tem-

252 2386 279 2428 et
293 2378 320 2426 in
339 2377 394 2428 vite
408 2375 524 2428 heroica.
542 2374 620 2448 lonqo
638 2377 744 2439 ordine,
793 2395 876 2448 pora,
895 2379 1033 2450 religiosus
1052 2393 1109 2428 mos
1127 2377 1193 2440 fnit,
1212 2387 1242 2426 ut
1260 2375 1291 2424 in

252 2457 379 2524 quoniam
390 2456 419 2508 t.
437 2473 561 2520 numero,
578 2454 744 2526 (respexisse
793 2458 866 2510 festis
879 2456 972 2508 saltent
988 2455 1072 2526 epulis
1087 2456 1164 2506 iocus
1176 2456 1233 2526 igni
1248 2453 1293 2506 lu-

250 2548 331 2604 poeta
353 2546 462 2605 putetur
479 2535 573 2602 Odyss.
593 2555 619 2595 n,
640 2534 687 2587 105
704 2552 744 2603 sq.
793 2547 877 2598 cenet,
888 2537 915 2586 in
925 2535 1034 2588 deorum
1042 2535 1134 2604 utique
1143 2533 1293 2596 honorem,

251 2613 401 2666 denteinoi
412 2612 585 2683 regia‚oujus
595 2613 746 2662 convivium
793 2615 929 2665 Penatium
954 2616 1065 2668 maxime
1083 2613 1127 2666 vel
1147 2613 1224 2664 Genii
1245 2611 1291 2662 vel

251 2692 378 2762 expressit
386 2693 415 2742 in
426 2707 499 2760 seqq.
513 2707 544 2741 ex
553 2688 647 2760 Odyss.
658 2691 692 2750 8,
710 2689 743 2758 57
792 2693 879 2754 Leris;
890 2695 961 2748 fecta
969 2711 1075 2764 quoq-ue
1084 2693 1211 2744 insonum
1220 2691 1291 2742 liba·

250 2772 313 2842 eq.)
331 2781 356 2822 et
364 2769 486 2846 flammis
503 2767 606 2819 adolere
624 2769 741 2818 Penates.
791 2771 864 2823 tione
878 2774 945 2836 vini,
963 2792 1009 2836 seu
1021 2786 1079 2826 ture
1096 2784 1227 2832 cremum
1242 2771 1292 2822 he-

249 2851 359 2902 Penntes
370 2861 419 2902 eut
429 2865 479 2918 pro
491 2848 544 2899 anis
556 2865 586 2898 ao
601 2848 682 2911 focis,
697 2857 744 2898 aut
791 2851 865 2900 roice
873 2852 1013 2900 v'itaetiem
1023 2852 1252 2917 carnisproseotis
1260 2851 1290 2900 in

155 2938 159 2949 '
248 2949 298 3001 pro
306 2928 684 3000 ipsopenetrali,omhinoque
692 2941 742 2994 pro
790 2927 877 2996 ignem
898 2927 1009 2994 injectis.
1033 2925 1072 2976 De
1095 2937 1154 2976 ture
1170 2938 1290 2978 'testetur

249 3009 329 3062 domo
337 3010 422 3078 aooipi
429 3019 549 3077 possunt.
560 3009 619 3058 Jam
631 3023 672 3056 eos
681 3003 749 3054 atlon
790 3003 864 3064 loeus
874 3024 889 3056 e
898 3003 945 3055 Ger
954 3005 1004 3070 IV,
1014 3003 1073 3072 378.
1085 3005 1136 3073 379
1147 3008 1286 3058 enoitntus.

249 3085 300 3141 lere
298 3086 420 3162 flammis
429 3085 494 3138 dixit
501 3086 626 3156 Virgilius
634 3084 747 3153 poetico
789 3085 819 3136 ln
829 3072 986 3154 eiplicando
997 3102 1056 3135 soe.
1069 3082 1173 3136 adolere
1184 3105 1288 3158 nugen-

249 3169 375 3220 orationis
385 3161 741 3236 more,pro,flemmaeado-
789 3175 834 3217 tur
848 3163 1027 3218 Grammatioi.
1041 3164 1156 3216 Videtur
1170 3165 1240 3218 olere
1251 3168 1286 3220 ab

246 3245 301 3318 lere
311 3248 338 3298 in
350 3246 505 3310 Penatibus,
518 3261 538 3294 s.
550 3242 664 3310 aedibus,
675 3240 703 3292 h.
716 3261 746 3292 e..
788 3245 865 3298 initio
885 3247 993 3298 omnino
1012 3245 1148 3298 notionem
1169 3245 1288 3317 augendi

245 3328 275 3380 iu
285 3328 337 3378 aris
350 3326 512 3380 adPenatos.
527 3336 556 3375 ut
564 3324 628 3387 Vll,
644 3339 673 3392 7¹
689 3338 740 3372 cns·
788 3321 926 3387 habuisse,
944 3324 991 3376 sed
1010 3325 1156 3378 substitisse
1177 3325 1286 3394 tandem

246 3404 280 3455 tis
296 3402 384 3456 adolet
401 3405 466 3456 'dum
486 3400 582 3454 altaria
603 3402 673 3454 tedis
690 3418 739 3469 pro
788 3405 817 3456 in
827 3419 881 3454 uno
893 3419 1101 3474 eorumgenere,
1114 3404 1289 3474 quodinere·

247 3483 328 3535 taedes
339 3485 366 3534 in
376 3481 648 3550 altari5exquisitiore
660 3479 740 3534 ratio-
788 3494 905 3536 mantum
926 3482 1008 3538 habet
1037 3485 1209 3549 continuum,
1236 3503 1285 3538 seu

247 3577 295 3622 ne,
306 3573 336 3613 ut
346 3563 446 3631 passim
457 3560 535 3623 alibi,
552 3558 654 3610 adolere
663 3559 740 3629 focos
789 3563 862 3632 quod
872 3565 1054 3628 continuatur,
1064 3562 1165 3616 seilicet
1173 3564 1290 3616 llemmae.

247 3650 274 3689 et
286 3639 347 3692 alia·
356 3639 456 3695 Eodem
467 3637 548 3688 modo
557 3635 604 3688 Ge.
617 3639 652 3690 lv
657 3675 666 3701 ,
679 3637 738 3704 378·
788 3643 916 3694 iri-fomite
926 3644 1043 3704 nutritae3
1052 3641 1122 3695 unde
1130 3642 1288 3694 adolereest*

247 3717 299 3786 379
317 3717 453 3784 Procles}
469 3716 619 3768 adolescent
638 3717 744 3788 ignibus·
788 3724 1120 3783 cremare3tumfumi1et
1141 3721 1234 3774 odoris
1252 3737 1284 3774 ex

247 3796 356 3852 erce-n
369 3816 392 3848 e.
407 3808 466 3846 tura
477 3797 504 3846 in
520 3797 575 3846 aris
584 3795 739 3848 adolescunt
788 3813 903 3852 cremato
921 3803 1032 3854 victimae
1047 3819 1127 3854 earne
1145 3802 1188 3853 vel
1209 3814 1283 3861 ture;

247 3877 289 3929 uel
302 3876 402 3928 ardent.
416 3874 526 3941 Statius,
539 3876 584 3944 qui
593 3886 677 3926 totum
684 3876 710 3927 h.
719 3875 737 3926 l.
787 3878 858 3930 unde
876 3877 944 3932 olere
964 3893 1004 3934 est
1022 3879 1132 3932 odorem
1151 3881 1281 3931 emittere.

247 3957 387 4028 expressit,
405 3953 465 4018 sed,
478 3966 507 4006 ut
518 3954 598 4019 solet,
615 3955 649 4006 atl
666 3957 738 4014 fasti·
786 3957 921 4011 Nonnulla
938 3957 972 4012 de
990 3959 1031 4014 bis
1043 3960 1098 4030 jam
1115 3961 1144 4010 iu
1163 3960 1281 4032 Perizon.
