2718 4598
295 326 306 352 ‘'
383 349 619 415 nunrnos
642 351 796 414 uranu
819 353 868 415 ιι.
1087 378 1147 444 291

148 475 213 539 Vix
226 477 361 540 calatus
375 492 444 540 erat
455 477 582 541 senior:
596 475 773 566 subitoque
786 477 925 566 fragore*

103 582 255 644 lntonuit
266 572 400 662 lacrum,
415 598 448 647 et
461 582 502 646 de
515 583 599 650 coelo
611 583 701 671 lapsa
712 606 774 671 per
784 583 918 648 umbras

102 687 203 752 Stella
216 688 322 753 facem
335 687 459 754 ducena
472 690 575 753 multa
587 713 664 754 cum
675 691 749 755 luce
764 691 917 755 cucurrit.
1027 766 1030 771 Ι

103 794 214 873 Illam,
230 817 358 883 summa
370 818 471 884 super
481 791 648 860 labentem
661 796 805 864 culmina
817 797 909 876 tecti,
1107 814 1152 875 695

103 901 278 967 Cernimus
292 901 378 967 ldaea
392 903 513 967 claram
526 925 561 966 sc
574 901 718 968 condere
731 903 825 982 silva,

102 1007 362 1099 Signantemque
374 1013 442 1075 vias
452 1035 460 1092 ;
472 1029 544 1076 turn
557 1012 658 1100 longo
669 1013 774 1076 limite
786 1012 896 1077 sulcus

102 1119 169 1182 Dat
180 1118 303 1198 lucem,
318 1135 351 1181 et
362 1119 426 1182 late
438 1119 563 1183 circum
575 1119 647 1184 loca
660 1119 785 1182 sulfure
794 1112 936 1182 fumant.

103 1223 169 1288 Hic
180 1246 260 1288 vero
273 1205 378 1288 victus
391 1225 521 1312 genitor
533 1248 568 1290 se
579 1225 667 1325 tullit
678 1223 721 1288 ad
733 1247 842 1304 aurae,

100 1415 188 1478 legitur
195 1417 290 1463 ?Fuisse
300 1420 406 1480 suspicor
412 1421 438 1463 in
449 1418 583 1465 nonnullis:
593 1425 661 1482 atquc
671 1417 717 1465 hoec
727 1423 799 1465 omine
801 1419 882 1479 firma)
890 1419 921 1462 Et
931 1415 1077 1482 Apronianus
1088 1424 1154 1467 auxi·

98 1487 161 1534 lium
173 1489 236 1553 leqt't,
246 1498 272 1534 ut
286 1492 330 1535 sit:
342 1491 379 1535 Du
391 1491 470 1536 deinde
485 1490 597 1536 auxilium
610 1501 675 1554 poter
686 1501 709 1536 et
716 1491 787 1551 firma
803 1494 884 1536 omirm.
896 1491 966 1552 Atqui
984 1488 1033 1536 haec
1046 1504 1153 1538 constans

100 1563 208 1606 omnium
219 1561 333 1608 librorum
346 1575 380 1609 est
388 1563 467 1608 lectio.
478 1563 547 1609 Forte
557 1563 613 1611 olim
623 1564 683 1609 fuit.-
697 1564 735 1607 Da
746 1563 824 1608 deinde
839 1565 971 1624 auspicium.
983 1560 1030 1606 hoec
1042 1566 1153 1610 omissum

99 1632 126 1675 iu
147 1632 239 1692 lingen-
259 1642 282 1676 et
295 1631 376 1694 fragm.
389 1635 465 1680 Vatic.
479 1659 508 1668 -
519 1633 572 1695 693.
591 1631 669 1680 laeuom
686 1635 765 1678 Bunn.
786 1649 814 1677 ex
825 1630 886 1677 Gud.
900 1631 1002 1676 umbram
1018 1633 1154 1690 Franc.,ut

99 1699 166 1746 alibi.
173 1700 264 1762 -694,
273 1717 354 1766 ηιαφια
362 1718 414 1748 cum
421 1703 518 1750 Dorrill.
528 1729 560 1740 -
568 1703 622 1764 695.
633 1699 766 1748 lambentem
776 1700 875 1748 Dorvill.
885 1701 977 1762 -696.
986 1699 1065 1746 siluam
1071 1703 1153 1765 fragm.

98 1769 176 1816 Vatic.
186 1797 217 1806 -
228 1771 282 1834 697.
294 1767 358 1836 lonqo
369 1782 416 1818 tum
423 1775 522 1837 Cuning.
531 1791 559 1820 ex
568 1773 634 1818 lluls.
646 1771 713 1819 limite
724 1770 823 1818 firmavit
832 1782 884 1832 post
894 1771 955 1816 Pier.
968 1771 1047 1816 Heius.
1059 1789 1072 1817 e
1082 1772 1151 1816 codd.

97 1839 186 1903 Vulgg.
196 1839 279 1887 tumme
287 1841 333 1888 vel.
343 1841 580 1907 limine-sulcospr.
594 1844 704 1890 Rottend.
713 1857 765 1887 cum
776 1840 790 1886 l.
804 1840 819 1886 l.
827 1841 919 1886 sulcans
927 1840 997 1886 Wall.
1008 1843 1033 1885 F.
1045 1841 1152 1888 mollius:

97 1914 273 1978 Siqmutemque
284 1919 332 1976 vius
348 1925 395 1961 tum
407 1915 421 1962 l.
433 1917 448 1962 l.
458 1933 477 1963 s.
490 1911 538 1963 Dat
549 1915 628 1962 lucem.
637 1941 670 1952 -
677 1915 733 1981 699.
746 1915 790 1958 His
800 1929 852 1959 vero
868 1931 903 1975 pr.
917 1913 1028 1979 Rottend.
1042 1931 1086 1976 pro
1103 1931 1151 1961 var.

98 1982 154 2032 lect.
166 2000 191 2030 se
203 1984 271 2032 tolera
287 1988 348 2036 Gud.
361 2006 374 2034 a
386 2005 417 2034 ιιι.
430 2005 479 2051 pn,
493 1989 626 2051 eleganter,
639 1988 709 2034 modo
724 1986 795 2050 affari
811 1998 833 2032 et
844 1985 940 2031 adorare
949 1988 1016 2047 sequi
1029 1999 1113 2048 posset.
1130 1990 1154 2030 iu

97 2071 169 2101 nurus
181 2055 220 2100 alii
234 2074 271 2119 ap.
289 2060 407 2116 Pieriam,
419 2061 450 2104 ad
464 2075 517 2104 arus
526 2057 635 2105 nonnulli
646 2075 683 2120 ap.
702 2057 816 2113 eundem,
827 2067 851 2100 et
862 2053 966 2110 zulich„
979 2054 1020 2099 sed
1033 2056 1080 2101 vid.
1090 2059 1152 2102 Bur-¹

99 2141 180 2172 mann.

96 2288 229 2358 Pompon·
242 2287 300 2340 Hoc
321 2285 469 2352 stalimfit‚
482 2283 545 2338 dum
558 2286 601 2338 lae·
649 2295 805 2364 Respexisse
830 2289 937 2342 videtur
956 2301 1039 2359 poeta
1058 2291 1154 2344 Home·

96 2385 162 2417 vum
174 2380 258 2422 tonat.
277 2369 312 2420 cf.
325 2367 420 2439 Odyss.
440 2388 468 2434 u,
487 2383 520 2435 97
540 2383 599 2436 sqq.
650 2393 710 2425 rum
723 2370 799 2424 lliad.
815 2372 843 2432 d,
859 2368 892 2440 75
910 2387 969 2440 sqq.
987 2380 1014 2422 et
1025 2371 1152 2441 Apollon.
1242 2429 1244 2433 ,

96 2447 179 2500 Dicta
200 2463 289 2502 autem
308 2448 365 2501 haec
388 2448 423 2500 ad
446 2449 601 2518 opinionem
650 2457 695 2520 lv,
718 2453 769 2523 294
785 2470 844 2522 sqq.
865 2470 926 2502 cum
945 2452 999 2516 111,
1023 2451 1087 2522 1377
1112 2472 1151 2525 sq.

96 2540 236 2593 veterum,
248 2541 274 2580 et
286 2545 387 2579 rnorem
399 2527 509 2598 petendi
521 2545 600 2578 omen
649 2537 750 2586 herum
762 2533 810 2582 inf.
828 2533 861 2595 V,
877 2529 927 2600 5²7
950 2529 1013 2581 coelo
1026 2549 1074 2582 ceu
1087 2550 1153 2604 soepe

97 2627 114 2658 a
124 2607 176 2658 diis
188 2628 194 2658 ε
208 2609 295 2678 quod,
308 2609 330 2660 si
342 2610 489 2678 propitium
500 2625 599 2658 numen
650 2611 730 2686 refixo
742 2609 1096 2683 Tmnscumntcrinemque
1106 2633 1151 2665 vo.

96 2699 182 2753 esset,
198 2687 330 2758 extemplo
347 2688 381 2739 ab
399 2705 431 2739 eo
445 2689 600 2758 impetrare·
650 2693 734 2745 lamia
754 2691 840 2743 sidera
863 2690 971 2740 ducunt.
992 2691 1090 2744 Mirum
1114 2707 1153 2744 13.

96 2778 157 2826 tur;
179 2766 262 2836 quid?
282 2765 356 2837 quod
377 2779 403 2818 et
422 2768 482 2839 cogi
500 2785 600 2818 numen
649 2794 724 2839 men,
745 2771 818 2843 quod
832 2768 910 2822 stella
929 2769 976 2821 illa
993 2771 1069 2822 latua
1087 2771 1114 2824 1ι.
1133 2774 1151 2825 1.

96 2846 600 2917 posseputarunt,utederetomen;et,
651 2875 711 2911 cum
734 2855 836 2906 tonitru
861 2852 1005 2919 conjuncta
1023 2865 1078 2918 est,
1102 2873 1152 2906 nec

99 2926 176 2997 quod
187 2928 267 2979 etiam
278 2928 434 2992 absurdius,
447 2926 510 2978 elici
521 2943 600 2997 posse
650 2933 731 2986 modo
744 2952 805 2988 cum
813 2931 932 2986 sulfureo
944 2929 1038 2982 halitu.
1052 2931 1094 2982 Ad
1104 2933 1153 2983 Lu·

96 3009 193 3060 Jovem
202 3022 250 3078 per
262 3021 348 3060 certos
358 3009 441 3073 ritus,
452 3019 481 3057 ut
490 3008 517 3057 in
526 3024 602 3058 cons·
651 3014 776 3076 ciforum,
793 3011 904 3062 Veneris
926 3008 1047 3074 stollam,
1064 3011 1152 3063 AEneae

97 3100 208 3158 pactum
219 3090 309 3140 veniat
329 3100 355 3139 et
372 3107 419 3140 scu
439 3086 601 3156 impetrandi
650 3104 821 3163 conspectam
834 3100 970 3140 traxerant
983 3088 1036 3140 alii.
1052 3107 1077 3138 v.
1091 3108 1150 3162 sup.
1205 3157 1210 3161 Π

97 3168 195 3218 eminis
208 3168 318 3238 moduni
334 3169 431 3219 doceat
447 3183 494 3218 seu
512 3184 602 3218 rerum
651 3169 686 3222 ad
697 3172 724 3235 Ι,
737 3170 797 3222 38ι.
811 3169 927 3237 Disquis.
938 3167 1002 3240 llys.
1015 3185 1039 3237 7.
1052 3169 1108 3221 Nec
1118 3169 1152 3222 de

98 3257 225 3301 eventurn
236 3260 352 3300 moneat.
650 3249 761 3300 fulmine
778 3246 853 3299 stella
873 3247 960 3315 accipi
976 3257 1072 3316 potest.
1090 3250 1153 3302 Non

134 3329 297 3400 693-69u
319 3325 401 3380 Stella
420 3325 518 3378 cadens
540 3343 599 3395 sup.
651 3340 739 3380 autem
756 3326 875 3377 cucurrit
892 3323 975 3374 multa
995 3344 1056 3376 cum
1074 3325 1152 3394 luce,

97 3402 600 3480 interprognosticaGeorg.l,3655qq.
650 3407 698 3460 sed
706 3404 781 3461 stella
789 3407 885 3456 ducens
891 3404 983 3475 sucum
996 3404 1081 3457 multa
1091 3427 1152 3460 cum

61 3515 67 3532 ·
97 3490 208 3549 habitan
225 3490 260 3540 cf.
276 3485 375 3559 Spanh.
396 3485 432 3536 ad
449 3483 552 3535 Gallim.
573 3487 601 3536 in
652 3485 755 3552 luce,h.
768 3485 1045 3556 habetspecicmfacis
1056 3486 1150 3560 longae.

94 3569 157 3628 Del.
172 3570 214 3622 38.
229 3579 255 3618 at
271 3585 342 3617 nunc
358 3567 428 3616 inter
441 3564 562 3634 auspicia
575 3576 601 3616 et
650 3569 718 3619 Hinc
735 3565 795 3634 697.
808 3564 893 3636 *lonqo'
904 3561 990 3616 limite
1004 3563 1090 3619 sulcus
1099 3569 1154 3620 Dat

95 3651 124 3702 h.
137 3649 165 3700 ·l.
190 3647 296 3718 quidem
319 3649 388 3697 inter
404 3644 480 3708 lata,
501 3645 600 3714 quippe
651 3643 745 3698 lucem.
770 3646 866 3696 Totam
890 3645 995 3716 augurii
1020 3649 1152 3700 rationem

96 3734 169 3802 fuga
178 3725 368 3796 suscipiendae3
380 3726 418 3776 sic
428 3726 521 3776 fausta
529 3724 602 3776 navi·
650 3744 699 3795 per
713 3737 803 3796 partes
825 3723 939 3794 explicat
959 3721 1064 3777 Servius
1077 3745 1151 3780 more

95 3809 215 3882 gationis
225 3806 298 3876 apud
309 3804 488 3875 Apollonlv,
501 3803 551 3872 294
560 3820 599 3873 sq.
651 3823 708 3856 suo.

97 3901 125 3942 et
149 3889 222 3939 venti
246 3885 356 3937 secundi
384 3883 458 3956 apud
485 3884 599 3937 Theocr.
685 3884 848 3956 699-704,
872 3885 976 3948 victus,
1000 3898 1152 3956 expugnata

95 3969 176 4032 Xlll,
201 3966 235 4018 50
256 3982 294 4035 sq.
315 3965 383 4016 bene
401 3965 436 4018 ad
453 3966 603 4043 Dioscuroks
649 3965 757 4018 tandem
769 3964 915 4016 voluntate.
928 3981 954 4015 se
972 3961 1042 4012 tollit
1056 3964 1092 4014 ad
1102 3984 1149 4014 au·

95 4045 253 4100 traductum
274 4043 346 4114 apud
363 4044 422 4096 Val.
442 4045 480 4095 Fl.
492 4046 517 4109 l,
539 4045 598 4096 568.
652 4064 691 4096 ras
697 4063 746 4116 pro
756 4045 880 4114 simplici,
891 4054 1032 4096 estratose
1042 4043 1149 4108 attollit,

932 4147 972 4198 19.
