2694 4574
17 51 19 68 t

17 115 19 144 l

164 179 969 305 oneramuraricovmerurlito.
1049 255 1089 327 27
1174 213 1241 270 ·'

17 361 18 378 ¹
56 381 90 420 ex
112 359 276 446 elegantia
292 358 422 436 saeculi,
446 358 537 422 urbis
563 373 595 422 et
619 357 737 423 domus
760 362 950 448 Augusteae,
973 363 1006 425 in
1029 386 1095 451 qua

56 479 146 549 poeta
163 481 257 528 vrxrt.

92 570 183 630 XIII.
203 568 255 632 Ad
273 570 399 634 cultum
412 569 583 656 Virgiliani
600 569 752 634 carminis
772 587 900 658 gratum
919 587 952 635 et
970 569 1093 634 amabis

55 673 114 738 lem
133 697 202 738 non
222 676 331 739 minus
346 691 471 762 spectat
487 677 640 738 orationis
656 673 799 749 indoles,
820 659 944 764 quippe
967 675 1096 765 quaein·

54 779 257 874 simplicitate
287 779 430 849 mirabili
458 779 650 867 dignitatem
685 797 791 858 servat
826 796 859 846 et
891 776 1092 870 gravitatem.

56 884 176 948 Ornatu
209 887 300 950 enirn
327 886 418 968 vario
449 902 482 950 et
512 886 689 974 exquisito,
721 903 754 950 et
788 889 948 954 sermonis
972 889 1094 975 poetici

54 991 172 1071 nitore,
188 982 347 1057 orationis
360 991 518 1080 dignitate
531 1007 564 1056 et
576 993 747 1078 gravitate,
763 979 1000 1058 sententiarum
1010 1018 1091 1081 pon-

54 1094 141 1176 dere,
165 1099 353 1163 Homerum
371 1098 560 1185 longissime
577 1099 757 1178 antecellit,
780 1099 874 1188 cujus
890 1100 961 1164 laus
979 1099 1041 1164 bac
1059 1101 1095 1162 in

17 1273 18 1278 1
54 1222 139 1290 parte
161 1207 346 1295 praecipua,
374 1207 407 1270 in
432 1207 633 1295 proprietate
656 1225 688 1272 et
715 1208 939 1297 simplicitate,
964 1225 1034 1272 tum
1060 1209 1096 1273 in

54 1312 208 1376 suavitate
227 1335 511 1402 numerorumque
529 1314 698 1393 facilitate,
713 1316 821 1402 posita
838 1331 901 1394 est,
916 1316 1014 1398 (nam
1025 1335 1095 1378 ser·

55 1419 154 1482 monis
170 1420 278 1484 Ionici
292 1419 394 1506 epicae
411 1419 590 1483 narrationi
606 1436 672 1484 tam
687 1405 1096 1508 praeclare'accommodati
1144 1411 1147 1420 ¹

56 1523 239 1589 felicitatem
259 1526 345 1588 aetati
364 1547 431 1589 suae
450 1523 599 1610 debuit),
623 1526 683 1590 etsi
702 1549 764 1590 nec
780 1527 826 1590 vis
842 1541 875 1590 et
894 1524 1012 1602 robur,
1032 1546 1095 1589 nec

57 1629 279 1714 pulchritudo,
303 1647 337 1694 et
358 1628 526 1694 interdum
545 1653 606 1695 nec
628 1649 761 1696 ornatus
781 1633 812 1696 ei
832 1631 926 1698 desit.
946 1628 1011 1695 Sed
1032 1653 1094 1695 nec

33 1786 36 1794 .
56 1735 203 1822 Virgilius
216 1737 251 1799 in
267 1737 471 1800 ornatissima
483 1737 632 1801 oratione
645 1739 887 1826 simplicitatem
901 1754 934 1802 et
947 1738 1095 1826 proprie-
1132 1723 1133 1726 Ἴ
1190 1741 1191 1748 ’

57 1857 147 1904 tatem
167 1840 357 1927 deseruisse¹
373 1841 479 1905 videri
498 1840 613 1922 debet3
633 1844 695 1910 etsi
713 1845 881 1932 sequiores
901 1844 1093 1931 scriptoreS,

56 1969 110 2010 nec
129 1945 233 2010 modo
257 1963 378 2034 poetae,
402 1947 505 2011 multa
527 1949 683 2014 orationis
707 1971 774 2014 suae
798 1951 965 2038 pigmenta
990 1965 1023 2013 et
1049 1949 1094 2012 le·

56 2053 179 2116 nocinia
201 2075 240 2116 ex
259 2075 299 2116 eo
320 2051 534 2140 adoptaren13'
550 2054 638 2120 male
658 2055 692 2117 in
712 2053 901 2142 pedestrem
920 2055 1016 2118 illatis
1038 2055 1099 2130 iis,

56 2181 123 2245 quae
136 2158 274 2222 carmini
284 2175 377 2222 erant
388 2159 531 2246 propria.
544 2160 640 2222 Certe
650 2160 772 2246 poetici
782 2175 916 2222 ornatus
927 2159 1093 2244 elegantis,

55 2285 111 2326 nee
131 2263 290 2341 affectati,
312 2263 619 2350 praestantissimum
638 2280 671 2327 et
685 2264 824 2326 unicum
840 2264 1006 2351 exemplar
1021 2285 1094 2328 esse
1189 2323 1192 2330 ,

54 2366 189 2430 arbitror
214 2389 347 2431 cannen
370 2368 605 2455 Virgilianum;
636 2368 670 2432 iu
699 2369 765 2433 hoc
787 2369 947 2432 sermonis
972 2370 1095 2457 poetici
1186 2360 1188 2370 ¹

56 2475 183 2559 genium
203 2474 312 2561 primo
334 2473 565 2552 constitutum,
589 2489 621 2536 et
643 2472 686 2537 ad
704 2490 793 2538 certa
807 2495 919 2538 rerum
934 2474 1096 2562 principia

55 2602 87 2644 ac
98 2579 187 2667 leges
201 2596 350 2644 exactum
364 2577 629 2665 deprehendere,
642 2594 674 2642 et
684 2595 856 2666 troporum
868 2603 906 2644 ac
917 2578 1096 2666 figurarum

55 2702 196 2766 naturas,
208 2685 502 2772 inversionumque
512 2685 654 2748 rationes
668 2683 861 2772 descriptas,
878 2700 923 2763 et,
937 2701 1097 2772 tanquam

55 2816 71 2854 a
87 2793 242 2880 magistro
261 2813 378 2854 norma
395 2791 578 2878 proposita,
599 2791 792 2854 constitutas
805 2789 932 2855 discere
946 2792 1050 2876 licet(
1072 2797 1097 2878 ).

54 2898 128 2977 Quae
149 2898 221 2984 ipsa
243 2917 297 2960 res
321 2894 547 2960 animadversa
571 2918 623 2958 me
649 2894 801 2974 adduxit,
828 2911 864 2959 ut
885 2895 919 2958 in
941 2917 1094 2960 sermone

54 3002 174 3090 Virgilii
188 3002 322 3088 poetico
338 3000 520 3065 enarrando
540 3018 572 3065 et
592 2998 785 3089 explicando
800 3022 935 3088 operam
953 2999 1098 3064 collocass

53 3133 118 3174 rem
151 3109 405 3195 accuratiorem,
436 3103 535 3197 quam
562 3110 596 3171 in
626 3109 694 3172 ullo
724 3109 788 3172 alio
817 3107 975 3194 scriptore
992 3122 1093 3172 'recte

84 3314 122 3386 (ι)
133 3315 243 3366 Discere
254 3311 322 3366 adeo
331 3314 422 3365 licebit
434 3328 460 3366 et
468 3314 545 3380 illud,
595 3333 633 3368 ra.
644 3315 693 3365 Hic
706 3325 745 3365 est
756 3313 801 3366 ille
813 3310 954 3383 scopulus,
969 3310 1003 3362 ad
1015 3327 1094 3380 quern

53 3395 78 3443 in
94 3412 146 3466 quo
163 3412 274 3469 magnos
294 3407 387 3466 poetas
405 3396 463 3447 falli
474 3396 547 3447 vide·
592 3396 648 3464 jam
661 3392 724 3453 olim
737 3391 908 3443 offenderunt
922 3390 1025 3462 Virgilii
1037 3392 1095 3442 inti·

54 3493 122 3540 mus,
133 3493 190 3526 non
202 3494 310 3527 omnem
321 3477 481 3544 orationem,
493 3496 547 3528 om·
595 3486 694 3524 totores
707 3474 838 3536 Lucanus,
851 3469 947 3523 Statius
952 3470 1094 3544 ,Valerius

53 3572 149 3626 nesque
158 3555 287 3608 formulas
297 3575 327 3608 ac
335 3557 429 3608 modos
438 3557 547 3627 loquen·
594 3553 721 3618 Flaccus,
741 3551 819 3604 Silius
836 3551 958 3617 Italicus,
972 3550 1097 3604 Claudia·

54 3633 90 3698 di,
101 3655 150 3706 per
162 3637 326 3688 inversiones
336 3655 393 3688 esse
402 3638 544 3688 mutandos
594 3652 662 3695 nus;
698 3651 764 3704 quos
796 3646 907 3705 propter
931 3632 983 3684 boe
1006 3634 1094 3702 ipsum

53 3725 77 3762 et
89 3713 344 3786 detorquend0s3ne
356 3715 483 3770 naturalis
492 3717 546 3768 cul·
593 3715 772 3768 inversionum
799 3714 1014 3788 intempestivum,
1039 3723 1093 3763 stu.-

53 3803 91 3842 tus
109 3797 194 3846 omnis
206 3795 320 3861 defluat,
333 3809 359 3849 et
374 3817 407 3849 ne
420 3797 545 3849 succedat
594 3794 665 3846 dium
686 3814 702 3845 a
715 3797 807 3867 paucis
820 3814 880 3846 cum
891 3794 1027 3866 voluptate
1039 3790 1092 3860 legi

17 3937 18 3942 1
54 3874 546 3943 oratiocontorta‚salebrosa,0bscu-
592 3875 721 3926 videmus.
1008 3865 1013 3880 ¹
