2718 4598
41 295 1085 351 Μ’

103 529 464 625 EXCURSUS
499 533 521 621 I
561 530 622 620 ad
646 534 771 624 AEn.
799 459 848 622 Ii
879 534 1028 656 prins.

145 711 201 776 De
213 708 396 776 auctoribus
409 731 515 774 rerum
529 707 745 795 Trojanarum
758 711 825 795 (sair
840 714 989 794 Τρωϊκὸν).

40 910 77 996 P
78 958 129 995 osa·
142 942 271 996 sermonis
287 943 387 1013 poetici
399 941 571 1014 elegantiam,
584 953 681 1012 poetae,
691 941 841 994 doctrinam
863 942 1003 1000 declarare
1014 949 1093 1002 nobis

40 1023 165 1094 inprimis
178 1039 235 1074 esse
254 1023 440 1093 propositum,
454 1021 488 1073 ab
506 1023 583 1072 initio
604 1040 695 1073 sumus
718 1024 841 1093 professi.
867 1023 937 1077 Cum
955 1029 1045 1099 itaque
1064 1032 1093 1081 in

40 1104 113 1154 libro
127 1103 212 1154 altero
224 1101 270 1153 ille
288 1101 384 1153 excidii
395 1102 505 1171 Trojani
517 1118 594 1153 casus
606 1102 674 1153 mira
686 1120 775 1153 rerum
787 1103 916 1156 varietate
930 1118 956 1156 et
966 1108 1094 1175 iucundi·

42 1195 96 1233 tate
110 1194 243 1252 exponat,
253 1182 405 1251 multaque,
417 1199 474 1251 quae
488 1182 515 1232 in
525 1181 641 1232 Homero
654 1199 709 1232 non
720 1195 877 1247 occurrunt,
890 1200 1093 1252 commemoret,

43 1259 266 1332 quandoquidem
278 1262 305 1311 in
317 1260 483 1312 inveniendis
503 1259 583 1314 rebus
596 1272 642 1312 aut
654 1263 681 1311 in
697 1260 811 1313 aliorum
828 1263 942 1314 inventis
959 1269 1094 1336 sapienter

41 1339 206 1410 adoptandis
215 1378 222 1406 ,
230 1340 380 1405 variandis,
391 1339 532 1403 ornandis,
546 1339 734 1410 disponendiS,
745 1341 917 1410 eloquendis,
929 1343 971 1395 vel
981 1348 1093 1398 maxime

40 1431 130 1489 poeta²
152 1421 288 1491 ingenium
309 1422 497 1491 cognoscitur,
518 1431 548 1468 ut
566 1419 744 1491 intelligatur,
767 1438 888 1490 quaenam
906 1421 950 1473 ille
970 1423 1004 1475 ab
1024 1427 1094 1477 anti-

42 1497 185 1566 quioribus
198 1501 284 1569 poetis
297 1501 353 1567 jam
360 1511 424 1550 ante
437 1499 559 1568 exposita
570 1497 605 1548 ad
619 1499 660 1549 sui
671 1500 795 1549 carminis
807 1512 949 1564 naturam,
962 1505 1093 1555 rationem

40 1595 72 1628 ac
85 1576 246 1642 consilium,
260 1580 489 1650 attemperaveris,
501 1595 557 1628 non
568 1579 784 1648 intempestivum
796 1580 854 1630 fore
865 1579 1039 1649 arbitramur,
1052 1587 1092 1648 si,

42 1657 87 1724 qui
103 1667 167 1712 ante
179 1656 319 1728 Virgilium
331 1671 427 1728 prater
443 1659 590 1708 Homerum
611 1674 652 1709 res
672 1658 820 1726 Trojanas,
839 1657 934 1710 excidii
955 1661 1092 1731 inprimis,

40 1735 74 1787 de
90 1754 147 1806 quo
165 1755 236 1802 nunc
252 1740 421 1808 potissimum
442 1740 540 1811 agitur,
556 1739 743 1807 exposuerint,
765 1755 885 1808 quosque
901 1757 931 1790 ex
944 1742 975 1791 iis
986 1743 1093 1810 potissi-

41 1835 116 1868 mum
126 1819 240 1890 Virgilio
250 1831 311 1871 ante
324 1821 417 1871 oculos
429 1822 512 1870 fuisse
530 1817 672 1888 probabile
684 1818 836 1888 sit,paullo
852 1823 1001 1872 accuratius
1019 1822 1120 1873 inda·'
1158 1825 1160 1832 ’
1201 1835 1203 1840 ’

40 1916 154 1968 gemus3
179 1901 228 1950 etsi
246 1901 275 1951 in
295 1899 431 1951 nonnullis
455 1918 505 1950 nos
525 1899 652 1950 doctioris
672 1897 861 1969 disputationis
882 1913 986 1956 tantum
1007 1903 1094 1956 lineas

41 1978 160 2048 ducere,
180 1981 207 2030 in
227 1979 285 2032 aliis
309 1979 456 2045 nonnulla,
479 1997 536 2048 quse
559 1980 694 2048 copiosius
710 1981 767 2047 J'am
786 1979 819 2030 ab
844 1979 902 2030 aliis
923 1979 1092 2053 dictasunt,

43 2060 196 2110 summatim
212 2059 337 2131 colligere
349 2077 404 2109 non
416 2060 577 2134 ignoremus.

76 2136 130 2188 Res
152 2138 232 2208 igitur
252 2140 362 2208 Trojani
378 2137 443 2190 belli
462 2139 571 2188 omnino
592 2148 654 2207 post
674 2138 843 2200 Homerum,
864 2139 980 2206 primuin
999 2154 1093 2192 aucto-

42 2232 117 2280 rem,
133 2212 174 2287 (1)
186 2215 267 2288 longo
280 2229 370 2269 tamen
383 2229 533 2286 temporum
550 2214 708 2279 intervallo,
721 2226 828 2265 centum
842 2213 935 2265 saltem
948 2230 1092 2283 annorum,

43 2313 92 2346 nec
105 2297 159 2347 nisi
175 2310 319 2368 postquam
330 2297 411 2369 vulgo
429 2297 595 2348 circumferri
616 2308 752 2365 coeperant
763 2295 872 2345 Homeri
891 2298 1025 2357 carmina,
1038 2300 1095 2350 fue-

42 2386 105 2424 runt
128 2385 246 2427 tractata
265 2396 281 2429 a
299 2378 384 2448 poetis
399 2373 521 2446 cyclicis,
542 2374 671 2448 hoclest,
691 2373 769 2424 abiis
786 2374 888 2443 poetis,
904 2375 968 2441 qui,
984 2377 1093 2428 Homeri

43 2453 184 2523 exemplo,
205 2471 260 2504 non
278 2455 359 2506 modo
384 2473 474 2507 rerum
494 2453 565 2506 bello
586 2454 704 2522 Trojano
731 2449 962 2524 gestarum,fquae
982 2452 1094 2505 iliadem

43 2531 98 2582 sive
115 2544 314 2585 antecesserunt
331 2535 385 2588 sive
403 2547 464 2586 sunt
485 2538 617 2604 sequuta,
637 2551 746 2596 verum,
767 2531 862 2582 Proclo
882 2531 954 2601 apud
970 2531 1094 2584 Photium

42 2618 127 2674 teste,
145 2613 227 2663 totius
239 2614 408 2686 mythologiae
421 2633 437 2665 a
448 2612 515 2664 Coeli
528 2625 554 2664 et
572 2613 659 2665 Terrae
676 2611 738 2664 inde
759 2611 859 2680 nuptiis
879 2609 913 2662 ad
929 2609 1008 2662 finem
1020 2630 1095 2664 erro-

42 2707 103 2740 rum
113 2691 228 2762 Uiyssis,
240 2695 320 2746 modo
333 2695 438 2766 singula
450 2695 540 2764 capita
551 2693 632 2744 modo
642 2693 761 2765 plurium
780 2693 898 2762 capitum
910 2691 1095 2762 complexum,

41 2769 163 2820 camnine
173 2773 262 2842 spico,
275 2772 328 2824 hoc
341 2786 395 2839 est,
409 2775 443 2825 ad
455 2775 590 2826 H‘omerici
602 2775 728 2825 carminis
741 2789 885 2836 numeros,
906 2771 1093 2842 tractandique

30 2845 69 2898 ‘et
89 2848 237 2919 eloquendi
259 2852 386 2922 modum,
406 2857 555 2926 composito
567 2866 785 2926 ,iexpasuerant,
805 2865 882 2905 etex
903 2851 1000 2922 quibus
1022 2864 1096 2904 certa

71 3014 108 3071 (ι)
124 3015 159 3059 De
171 3013 206 3060 bis
220 3019 349 3064 accuratius
361 3017 496 3082 disputandi
508 3017 545 3064 lc-

40 3098 82 3128 cus
93 3085 140 3128 erit
150 3084 180 3130 ad
191 3087 267 3147 ipsum
279 3088 414 3134 Homerum.
426 3090 493 3133 Nunc
506 3105 545 3133 re-

40 3150 102 3215 liqui
113 3155 248 3213 intactam,
259 3173 311 3222 quae
320 3171 374 3204 ante
383 3157 480 3204 iliadem
491 3173 545 3202 cum

40 3224 144 3270 scholiis
162 3227 258 3274 Venetis
276 3245 289 3274 a
308 3227 439 3275 Villoisons
458 3227 544 3273 editam

41 3296 102 3342 mibi
117 3297 246 3358 probabilia
261 3315 310 3346 esse
326 3299 474 3345 videbantur.
494 3297 544 3344 Alia

41 3366 93 3414 dies
106 3369 200 3428 docuit,
216 3371 372 3434 docebitque,
392 3381 417 3415 ut
434 3369 486 3415 fieri
502 3383 546 3414 ne-

42 3443 108 3486 cesse
117 3453 152 3486 est
159 3443 184 3486 in
193 3443 229 3497 iis,
237 3457 289 3504 quae
296 3453 385 3488 tantum
393 3437 546 3503 probabiliter

43 3513 156 3556 constitui
166 3527 221 3568 nec,
233 3513 280 3558 lide
290 3513 399 3558 historica
409 3510 546 3565 deficiente,

43 3579 107 3627 ultra
117 3583 305 3644 probabilitatem
315 3598 434 3645 assurgere
441 3593 546 3643 possunt.

43 3651 148 3698 Servabo
161 3666 253 3709 autem,
270 3666 296 3699 ut
310 3653 398 3716 ubique
410 3653 456 3698 feci
464 3685 471 3707 ,
486 3662 509 3696 et
523 3652 548 3695 in

44 3735 168 3784 posterum
178 3739 273 3786 quoque
286 3725 383 3780 faciam,
397 3737 484 3769 nomen
498 3722 547 3766 Ho-

44 3802 114 3854 meri,
129 3797 280 3860 laudaboque
289 3801 389 3843 carmina
399 3797 493 3842 Homeri
498 3814 506 3850 ,·
522 3796 548 3840 in

43 3885 70 3916 re
80 3871 145 3916 enim
155 3872 245 3914 incerta
257 3883 350 3915 suarum
359 3869 497 3930 opinionum
508 3863 547 3910 lu-

45 3941 122 3988 dibria
139 3942 287 3995 immiscere,
303 3954 346 3985 nec
357 3938 430 3984 modo
442 3940 547 3997 interpo-

48 4028 117 4072 nere,
128 4012 172 4062 sed
180 4025 291 4074 tanquam
302 4027 346 4074 pro
358 4009 483 4073 exploratis
493 4007 553 4057 subs

593 3019 689 3064 stituere
701 3016 762 3064 velle
777 3032 804 3061 ea
816 3016 844 3060 iis
859 3011 1025 3075 opinionibus,
1059 3026 1095 3055 uae

592 3088 663 3150 vulgo
675 3101 775 3150 receptas
786 3096 855 3139 sunt,
868 3086 893 3128 in
908 3027 1094 3145 prudenternzi·

593 3172 645 3204 rum
654 3157 719 3203 baud
731 3157 801 3202 cadit.
819 3157 866 3199 Hac
879 3153 961 3198 eadem
974 3151 1004 3196 de
1016 3166 1094 3196 caussa

592 3244 636 3291 per
648 3243 729 3274 omnes
745 3228 878 3289 superiores
892 3238 965 3269 anuos
981 3223 1095 3283 suspicio-

592 3313 635 3343 nes
651 3298 680 3344 de
695 3297 823 3341 Homericis
836 3293 978 3339 carminibus
994 3293 1095 3353 pectoris
1110 3309 1112 3312 ·

594 3382 705 3430 tanquam
722 3365 827 3411 claustris
842 3363 967 3409 custoditas
986 3377 1034 3407 non
1050 3364 1096 3408 nisi

594 3438 649 3486 loco
665 3454 722 3493 suo,
740 3449 763 3482 et
776 3436 806 3480 ad
819 3435 889 3480 finem
901 3433 1096 3479 Observationum

595 3512 620 3554 in
634 3508 731 3555 iliadem
743 3505 855 3568 prodidi3
874 3503 934 3550 forte
950 3519 994 3548 nec
1010 3502 1054 3548 boc
1071 3506 1096 3548 in

596 3584 700 3627 animum
709 3578 863 3632 admissurus,
871 3577 916 3621 nisi
924 3590 1029 3637 expressa
1040 3591 1097 3637 quo·

597 3653 721 3700 dammodo
731 3664 811 3697 earum
820 3649 936 3695 confessio
945 3649 1041 3710 fuisset3
1053 3663 1096 3694 ne-

597 3741 643 3787 que
654 3725 716 3769 enim
726 3734 773 3767 tam
785 3722 862 3782 magni
878 3717 967 3782 ingenii
979 3733 1016 3763 res
1026 3731 1060 3763 est
1071 3720 1097 3763 in

597 3795 652 3842 talia
668 3791 786 3848 incidere,
803 3807 873 3853 quam
887 3791 986 3854 judicii,
1000 3789 1098 3843 videre,

597 3881 627 3911 an
643 3866 697 3912 satis
713 3863 830 3926 explorata
840 3875 864 3909 et
879 3873 942 3908 certa
955 3877 982 3908 ea
993 3862 1053 3915 sint,
1070 3867 1098 3902 ut

598 3939 623 3984 in
633 3935 737 3983 medium
746 3934 846 3997 proferri
856 3934 951 3996 possint.
