2694 4574
217 315 260 396 'tr
539 303 863 394 nlsoursirro
886 309 924 373 11
1320 256 1322 340 i

219 456 311 505 erant
324 461 471 529 quoque,
492 441 550 528 qui
569 437 611 504 de
630 455 723 528 patre
740 439 825 502 male
843 451 1061 502 memoratum
1082 432 1252 510 dicerent,
1322 467 1324 528 ¹,

219 545 311 632 quod
320 544 362 610 ad
371 545 545 611 Ascanium
555 560 639 609 esset
648 541 952 622 revocandum3alii
963 540 1107 629 denique
1117 541 1253 602 AEneam
1323 531 1324 557 ³

220 649 318 713 rebus
328 652 363 713 in
373 651 465 715 Italia
474 649 658 716 constitutis
672 649 806 739 Trojam
819 670 889 713 esse
900 668 1069 711 reversum
1081 667 1120 709 ex
1133 641 1255 708 eodem
1324 612 1325 679 i

217 752 277 818 illo
288 753 363 819 loco
376 755 438 824 sibi
451 770 694 844 persuaserant;
709 777 740 818 v.
760 756 894 844 Dionys.
914 752 1017 817 Halic.
1034 755 1063 830 1,
1080 749 1131 815 53.
1146 749 1255 830 Quam
1325 730 1326 814 i

218 857 383 923 celebrata
395 861 480 924 inter
490 875 617 924 veteres
629 875 663 924 et
673 859 792 926 nobilis
803 859 917 924 debuit
925 879 996 922 esse
1008 855 1163 933 narratio,
1181 875 1255 941 quae
1326 848 1327 906 i

212 985 299 1026 vcurn
316 980 404 1028 tante
422 965 616 1053 opinionum
635 966 790 1031 varietate
805 967 839 1030 in
852 965 994 1030 diversas
1015 979 1123 1051 partes
1137 977 1256 1024 tracta·
1327 964 1328 1004 i

221 1073 332 1131 retur!

216 1227 219 1235 ,
254 1171 381 1238 strabo
396 1173 530 1266 quidem
542 1177 672 1264 vulgari
681 1174 858 1240 narrationi
871 1173 912 1238 de
925 1177 1034 1241 AEneae
1047 1170 1213 1237 erroribus
1226 1185 1257 1235 et

215 1278 327 1342 -ltaliae
340 1279 433 1344 aditu
448 1283 584 1346 omnino
600 1302 783 1370 repugnare
799 1279 909 1344 locum
926 1279 1139 1344 Homericum
1150 1275 1259 1341 existi-

215 1382 349 1464 mabat,
361 1386 395 1450 in
407 1384 471 1452 hoc
486 1387 574 1452 enim
586 1388 692 1466 innui,
707 1390 840 1451 AEneam
852 1385 893 1450 ad
904 1386 1090 1476 Trojam(ir
1110 1387 1141 1469 vi
1156 1385 1258 1470 τμίᾳ)
1331 1439 1332 1455 ,

224 1490 398 1570 mansisse,
418 1492 452 1555 in
466 1515 607 1581 regnum
621 1493 828 1571 successisse,
845 1491 945 1581 idque
957 1492 1096 1580 posteris
1108 1491 1175 1554 suis
1189 1488 1260 1552 reli·
1332 1563 1333 1568 γ

224 1595 344 1681 quisse.
367 1597 477 1662 Potuit
499 1614 608 1662 tamen
634 1598 786 1688 Trojanis
807 1598 961 1685 imperari
978 1597 1019 1661 ab
1038 1599 1137 1660 AEnee
1159 1595 1258 1659 etiam
1332 1607 1333 1610 ’

126 1767 129 1776 .
224 1699 296 1765 aliis
311 1701 344 1764 in
362 1701 458 1782 locis,
480 1705 578 1767 etiam
592 1705 626 1767 in
649 1704 755 1784 ltalia3
776 1718 808 1767 et
820 1704 873 1767 vel
884 1703 949 1768 hoe
959 1703 1081 1792 posito,
1098 1700 1259 1766 sententia

227 1828 285 1870 sna
311 1810 489 1874 Homerico
510 1811 584 1875 loco
607 1827 750 1891 constat,
771 1809 861 1899 quod
881 1812 950 1900 jam
976 1811 1109 1898 Dionys.
1133 1809 1258 1886 Helio,

227 1931 342 1979 acutus
357 1917 509 2004 scriptor,
524 1915 622 1998 vifflt,
636 1918 692 1982 lib.
709 1920 738 1997 1,
751 1939 780 1982 e.
793 1916 843 1983 533
854 1917 953 1999 Quod
963 1933 1031 1982 tam
1042 1915 1181 1981 obscure
1192 1937 1262 1980 ora·

227 2018 340 2084 culum
352 2021 434 2086 illud
446 2025 591 2112 Neptuni
603 2022 717 2088 extulit
729 2023 908 2103 Homerus,
921 2022 963 2088 ad
975 2040 1123 2087 naturam
1140 2038 1173 2085 et
1191 2043 1260 2084 mo-

228 2145 299 2188 rem
313 2127 542 2192 vaticiniorum
554 2127 799 2194 accommodate
812 2129 935 2194 factum
949 2145 1007 2193 est.
1019 2127 1112 2192 Ratio
1129 2127 1199 2217 ejus
1214 2125 1262 2189 rei

229 2228 324 2294 reddi
347 2248 456 2319 potest
472 2217 570 2298 etiam
586 2232 657 2300 haec
684 2236 768 2324 ipsa,
793 2233 884 2323 quod
904 2235 938 2298 in
956 2234 1051 2298 terris
1073 2229 1263 2320 longinquis

229 2356 369 2423 regnum
382 2337 463 2402 illud
478 2342 587 2404 AEneae
601 2327 817 2406 constitutum
830 2358 914 2420 erat;
931 2339 1020 2404 unde
1034 2362 1102 2403 non
1121 2338 1184 2402 nisi
1208 2336 1265 2401 ob·

230 2460 325 2504 scura
349 2458 381 2506 et
401 2442 524 2508 incerta
544 2445 632 2508 fama
647 2445 733 2509 inter
752 2447 884 2512 Graecos
907 2445 952 2510 de
973 2469 1013 2510 eo
1037 2467 1107 2509 esse
1125 2459 1262 2531 poterat.

229 2547 337 2627 Quam
353 2571 469 2634 parum
486 2549 574 2613 enim
589 2551 834 2640 frequentatum
848 2554 969 2620 Graecis
985 2568 1017 2616 et
1029 2569 1159 2630 notum,
1174 2573 1264 2615 mare

125 2648 130 2657 ⁴
231 2651 442 2740 Tyrrhenum
458 2670 491 2718 et
506 2654 722 2737 Adriaticum,
741 2660 877 2723 Homeri
895 2674 1003 2739 aetate,
1019 2657 1134 2735 fuerit,
1152 2656 1206 2720 vel
1227 2635 1286 2718 ex'

232 2755 387 2845 Odysseae
401 2757 519 2824 fabulis
531 2761 707 2849 inteiligas,
724 2786 798 2853 quae
814 2766 897 2829 intra
910 2765 964 2828 illa
980 2765 1082 2827 maria
1097 2763 1267 2827 continen-

233 2877 302 2941 tur,
324 2886 433 2952 neque
451 2867 527 2944 satis
544 2866 790 2954 probabiliter'a
805 2887 903 2960 poeta
919 2870 1042 2934 narrari
1060 2869 1266 2957 potuissent,

232 2970 296 3033 nisi
310 2969 380 3060 ejus
394 2973 608 3061 popularibus
620 2969 737 3064 parum
749 2978 857 3044 adhuc
869 2994 963 3058 nota,
978 2975 1128 3066 adeoque
1143 2974 1267 3041 ¹fabulis

233 3073 353 3144 ¹idonea
364 3078 458 3165 plaga
472 3079 525 3144 illa
539 3081 664 3147 fuisset.

280 3185 334 3248 IV.
358 3187 403 3250 Ut
424 3205 548 3268 tamen,
566 3191 667 3280 Troja
688 3215 815 3272 eversa,
836 3191 1048 3280 discessuque
1066 3189 1267 3255 Achivorum

234 3290 331 3370 facto,
341 3289 505 3379 dispersos
513 3294 756 3388 iugaTrojanos
766 3299 886 3364 iterum
893 3297 927 3360 in
937 3320 974 3361 ea
983 3297 1054 3361 loca
1062 3297 1266 3373 convenisse,

238 3412 271 3459 et
289 3397 322 3460 in
336 3399 528 3485 patriosolo
542 3403 634 3489 regni
648 3404 791 3495 aliquam
805 3403 949 3492 speciem
962 3401 1150 3469 restituisse
1159 3399 1272 3466 creda·

237 3525 328 3585 mus,
343 3506 438 3593 plura
450 3506 550 3572 fidem
561 3512 700 3591 faciunt,
717 3527 750 3576 et
759 3533 799 3576 eo
809 3511 920 3599 plures
934 3527 1105 3599 poetarum
1116 3509 1272 3574 narratio-

232 3631 297 3674 nes
310 3609 475 3695 alludunt,
494 3614 576 3681 illud
592 3633 719 3682 tantum
736 3619 770 3679 in
789 3617 916 3682 incerto
928 3632 989 3695 est,
1002 3637 1070 3704 quo
1085 3614 1184 3694 duce,
1197 3635 1273 3678 auc·

239 3730 311 3779 tore
334 3734 389 3782 aut
410 3741 501 3809 rege,
527 3724 637 3790 exules
659 3725 882 3789 convenerint.
901 3724 964 3788 Alii
980 3725 1199 3803 Antenorem„
1217 3721 1274 3788 alii

241 3821 448 3908 Hectoridas,
461 3828 516 3892 alii
532 3831 681 3909 AEneam,
700 3831 876 3896 Ascanium
890 3830 961 3909 alii,
975 3851 1026 3894 res
1036 3829 1194 3918 Trojanas
1208 3848 1275 3892 res-

237 3926 366 3995 tituisse
380 3951 588 4002 narraverant
601 3936 612 4018 (
625 3957 656 3999 v.
669 3933 719 4000 de
734 3933 785 4001 his
801 3935 843 4001 ad
861 3935 916 4002 lib.
930 3937 968 4003 111
984 3933 1238 4001 FneursaeXVll.
1252 3935 1274 4018 ).
