2718 4598
219 283 221 290 .
241 225 303 292 288
487 220 521 282 P.
545 213 775 282 VIRGILII
797 215 1027 282 MARONIS

240 349 282 410 Et
294 343 386 411 sedet
397 342 462 408 hoc
473 343 597 420 animo,
611 342 831 429 perituraeque
843 337 966 404 addere
978 339 1086 429 Trojae
1236 348 1286 399 aas

239 455 356 541 Teque
368 467 508 537 tuosque
517 447 626 537 juvat:
639 461 729 534 patet
742 447 793 510 isti
802 445 902 533 jenua
914 445 999 526 leto;

239 562 379 646 Jamque
391 554 496 621 aderit
507 554 611 617 multo
624 552 743 615 Priami
756 549 797 614 de
809 552 966 638 sanguine
979 548 1136 638 Pyrrhus,

239 668 360 729 Natum
372 679 446 726 ante
459 683 516 724 ora
527 659 641 748 patris,
654 674 782 746 patrem
794 658 851 745 qui
864 656 1037 720 obtruncat
1047 654 1090 719 ad
1102 678 1184 719 aras.

240 772 314 834 Hoc
327 785 409 847 erat,
422 766 506 830 alma
518 785 649 853 patene,
664 760 754 851 quod
767 784 820 825 me
833 786 894 849 per
905 763 982 840 tela,
996 783 1056 849 per
1068 761 1152 848 ignis

240 875 362 963 Eripis,
376 890 413 938 ut
424 870 541 935 mediis
553 870 683 934 hostem
695 869 728 932 in
740 867 977 956 penetralibus,
992 885 1094 958 utque
1239 879 1282 925 665

237 981 428 1057 Ascanium,
442 992 635 1065 patremque
647 998 779 1053 meum‚·
782 975 941 1063 juxtaque
954 976 1124 1053 Creiisam,

238 1089 387 1154 Alterum
400 1086 433 1147 in
445 1083 577 1146 alterius
590 1087 746 1146 mactatos
759 1081 931 1167 sanguine,
945 1080 1098 1143 cernam?

238 1200 351 1270 Arma,
363 1189 439 1267 viri,
453 1189 536 1251 ferte
548 1209 654 1250 arma:
668 1202 763 1250 vocat
774 1186 829 1248 lux
842 1186 956 1248 ultima
967 1169 1080 1249 victos.

237 1296 381 1363 Reddite
393 1315 445 1357 me
458 1291 595 1371 Danais;
608 1292 703 1354 sinite
716 1292 894 1378 instaurata
906 1291 1046 1354 revisam

236 1401 552 1486 Praelia..Nnnquam
565 1417 679 1460 omnes
691 1393 791 1459 hodie
804 1396 984 1460 moriemur
995 1395 1100 1459 inulti.
1237 1407 1286 1471 670¹

239 1566 293 1612 660.
302 1566 408 1627 periturae
420 1570 440 1606 te
448 1557 530 1605 addere
539 1573 575 1620 pr.
588 1557 672 1602 Moret.
682 1581 713 1590 —
722 1554 775 1600 661.
788 1558 819 1601 Te
829 1570 926 1619 quoque,
933 1568 1017 1618 nosque
1026 1557 1092 1617 juvat
1100 1555 1187 1600 Donat.
1199 1554 1281 1616 legisse

238 1637 341 1683 videtur.
349 1637 414 1697 juvet
424 1649 460 1694 pr.
470 1629 579 1676 llottend.
593 1631 640 1672 istie
649 1626 744 1689 plurimi
756 1627 826 1672 codd.
839 1629 903 1690 apud
915 1631 976 1674 Pier.
987 1638 1010 1671 et
1018 1628 1144 1672 Burmann.
1158 1642 1212 1672 cum
1222 1627 1281 1671 binis

238 1707 309 1752 Goth.
320 1718 343 1752 et
355 1705 392 1751 etl.
404 1702 500 1750 Mediol.
512 1700 556 1746 illic
564 1699 601 1745 etl.
610 1701 669 1744 Ven.
677 1698 765 1744 -662.
779 1701 884 1761 Namque
891 1698 1005 1746 Montalb.
1015 1697 1190 1743 aderathlich.
1198 1699 1282 1742 Priami

237 1775 310 1822 multo
316 1773 382 1820 Leid.
391 1784 414 1818 et
421 1773 488 1816 Witt.
502 1782 524 1817 et
535 1771 637 1815 Pieriani
649 1767 766 1813 nonnulli.
779 1767 849 1814 multo
860 1768 986 1814 maculatus
997 1771 1111 1832 sanquine.
1122 1767 1280 1813 ven-663.

236 1856 331 1912 qrmtum
342 1845 445 1890 scribunt
456 1841 552 1904 plurimi
561 1857 598 1902 ap.
611 1841 671 1886 Pier.
685 1851 709 1884 et
717 1839 796 1886 Heins-
808 1852 830 1886 et
840 1856 893 1885 mox
905 1850 1042 1903 patremque.
1053 1841 1093 1902 qui
1103 1835 1221 1884 obtruricet
1233 1841 1281 1884 llla·

238 1921 363 1964 ronianum
376 1929 439 1970 esse,
449 1925 514 1958 notat
525 1913 603 1957 lleins.
615 1922 637 1956 et
648 1910 694 1955 hoc
707 1910 800 1956 exhibet
811 1911 907 1957 Mentel.
918 1929 954 1974 pr.
966 1929 978 1957 a
990 1926 1020 1955 m.
1033 1928 1068 1973 pr.
1081 1909 1150 1956 facile
1165 1923 1243 1956 tamen
1254 1927 1282 1956 eo

239 1995 319 2033 carere
329 1997 461 2047 possumus:
472 1997 526 2027 cum
536 1981 592 2026 alibi
604 1992 709 2025 notatum
723 1980 772 2040 jam
783 1983 826 2036 sit,
838 1993 931 2043 poetam
949 1981 1008 2026 banc
1020 1992 1153 2042 temporum
1165 1993 1189 2026 et
1200 1980 1285 2025 modo-'

159 2057 160 2060 ’
238 2075 292 2104 rum
303 2053 454 2104 subtilitatem
470 2055 576 2100 Ciceroni
592 2050 734 2114 relinquere.
746 2051 827 2110 Quid?
838 2051 902 2114 quod
914 2064 937 2098 et
953 2054 998 2098 vim
1010 2053 1080 2098 habet
1097 2050 1229 2107 obtruncat,
1242 2053 1282 2115 qui

237 2127 298 2174 solet
309 2127 456 2172 obtruncare.
467 2147 500 2158 -
510 2121 563 2178 664.
580 2120 654 2167 Hocce
670 2122 753 2168 Moret.
770 2138 806 2183 pr.
824 2135 847 2167 et
863 2135 916 2168 tert.v
929 2140 942 2168 a
959 2139 990 2168 m.
1007 2137 1053 2168 sec.
1064 2121 1103 2185 [Δι
1121 2123 1179 2169 olim
1195 2123 1281 2169 lectum

238 2200 310 2246 fnisse
323 2197 375 2244 hoec
384 2208 441 2242 testa
459 2207 497 2240 tur
509 2195 671 2249 Grammatici,
681 2195 811 2238 Priscianus
821 2193 908 2256 aliique
918 2210 954 2257 ap.
967 2196 1027 2240 Pier.
1038 2207 1061 2239 et
1073 2195 1153 2240 lleins.
1162 2229 1169 2250 ,
1179 2195 1244 2257 quod
1259 2205 1282 2239 et

240 2271 350 2316 exhibent
362 2211 474 2312 Montalh.
485 2267 552 2310 Witt.
564 2277 587 2310 et
597 2264 634 2310 ed.
647 2264 744 2309 Mediol.
755 2267 796 2327 per'
805 2263 877 2311 hostes
889 2267 948 2311 Ven.
961 2277 984 2311 et
993 2265 1096 2310 Parrhas.
1107 2265 1199 2312 -665,
1210 2268 1282 2328 Eripit

238 2340 325 2385 Medic.
338 2341 360 2381 in
376 2337 440 2382 abest
458 2334 562 2379 Parthas.
579 2343 646 2396 atque
665 2334 713 2378 duo
725 2335 807 2379 Burni:
819 2351 890 2399 usque
901 2338 982 2382 vitiose
1000 2338 1025 2380 in
1036 2335 1170 2396 vulgaribus
1189 2336 1242 2382 edd.
1251 2361 1281 2371 -

238 2408 293 2453 666.
303 2408 471 2466 Ascaniumque
479 2419 502 2465 p.
516 2402 570 2447 edd.
581 2403 659 2465 vnlgq.
672 2415 725 2448 ante
735 2404 814 2450 Heius.
824 2408 948 2450 Ascanium
960 2404 1124 2468 Anchisemque
1131 2410 1282 2469 paoemjux-

238 2486 307 2538 taque
317 2476 342 2518 G.
356 2472 460 2518 Parrhas.
468 2470 557 2537 *⁶⁶2
568 2481 663 2518 mactato
672 2487 719 2518 sec.
729 2473 838 2519 hottend.
852 2488 875 2520 et
886 2491 932 2520 sec.
945 2475 1026 2520 llamb.
1036 2474 1075 2519 hic
1082 2474 1179 2537 quidem
1189 2477 1281 2522 addito:

238 2546 276 2591 vel
291 2553 431 2590 mactantem.
449 2547 571 2587 mactatum
586 2543 623 2589 vel
639 2552 747 2590 mactatos
759 2545 829 2591 Wall.
849 2546 986 2592 maculatum
1000 2545 1103 2592 Parthas.
1118 2549 1230 2609 jactantes
1245 2563 1279 2608 pr.
1340 2549 1341 2586 l

239 2618 338 2671 llamb.‚
350 2615 413 2659 unde
425 2615 504 2659 Heius.
522 2615 583 2674 conj.
591 2619 689 2677 jactatos
705 2633 726 2661 v.
739 2618 817 2663 Burm.
826 2644 858 2653 -
866 2619 919 2665 668.
932 2618 972 2664 lux
983 2623 1065 2682 aptium
1075 2617 1146 2664 Wall.
1160 2634 1173 2662 a
1189 2634 1219 2662 m.
1231 2635 1264 2680 pr.
1273 2635 1283 2672 ,·

240 2705 320 2734 errore
332 2686 409 2732 solito.
424 2685 454 2730 cf.
464 2686 606 2748 Burm567o.
616 2712 647 2721 -
656 2689 776 2760 Nusquam
787 2692 888 2736 Pieriani
898 2690 989 2753 aliquot
996 2709 1003 2746 ;
1015 2690 1056 2736 sed
1069 2707 1082 2735 e
1094 2690 1225 2751 potioribus
1236 2691 1280 2735 suis

240 2771 264 2806 et
282 2759 438 2806 Grammsticis
454 2756 613 2821 exemplisque
632 2759 738 2806 defendit
755 2759 871 2824 vulgatam
888 2764 967 2808 Heius.
985 2778 1084 2824 unquam
1099 2764 1181 2807 Franc.

239 2894 316 2944 riam.
326 2921 361 2930 -
371 2890 430 2942 661.
443 2900 517 2960 patet
526 2890 568 2942 isti
569 2893 658 2962 janua
669 2890 737 2957 leto,

786 2891 858 2944 Serv.
872 2907 897 2946 et
910 2897 1036 2965 Pompon.
1054 2893 1115 2944 sab.
1134 2894 1212 2944 Dicta
1228 2891 1278 2943 bec

195 2965 200 2972 ’
241 2969 375 3022 adtulerit
392 2982 505 3020 mortem
524 2969 557 3020 ab
577 2969 652 3021 hoste
672 2973 739 3022 acci·

786 2992 961 3044 magnacum
980 2977 1006 3025 vi
1026 2973 1105 3024 animi
1117 2995 1123 3022 ε
1137 2974 1159 3023 si
1172 2974 1210 3024 itu
1227 2984 1277 3035 est,
1339 3009 1340 3014 .

240 3041 367 3122 piendam
379 3050 422 3100 via
434 3061 520 3119 patet;
533 3068 565 3100 ea
577 3067 647 3100 mors
658 3050 737 3102 facile

241 3131 356 3181 obtineri
364 3131 469 3198 poterit.
481 3129 581 3181 Similia
590 3129 681 3181 locav.
692 3149 734 3200 ap.

241 3209 363 3262 Cerdam.
372 3208 445 3260 ldem
456 3208 528 3278 quod
535 3208 587 3275 645
596 3210 737 3280 ipsemauu

240 3300 350 3340 mortem
357 3289 500 3340 inueniant.
509 3319 544 3326 —
551 3290 610 3342 662.
620 3290 679 3343 663.
689 3291 738 3342 Re·

240 3367 310 3420 fellit
323 3369 374 3418 ista
389 3385 413 3416 v.
432 3367 491 3432 645.
509 3367 560 3434 646
577 3368 739 3420 miserebitur

242 3447 320 3498 hastis
330 3457 380 3496 ete.
392 3445 477 3497 multo
486 3447 517 3497 de
523 3448 666 3518 sanquine,
678 3466 738 3499 cum

243 3525 342 3576 dilectu
358 3526 474 3594 positum
491 3524 644 3595 epitheton,
658 3545 737 3596 quem

242 3603 342 3670 effudit
354 3601 413 3656 sine
423 3606 494 3654 omni
508 3607 577 3655 senis
590 3607 737 3655 miseratio-

242 3703 289 3747 ne,
303 3696 329 3734 et
335 3683 386 3734 663
395 3685 502 3753 respicit
514 3700 572 3752 sup.
584 3701 607 3732 v.
620 3684 670 3752 529
678 3701 735 3754 sqq.

278 3763 337 3814 668.
351 3762 432 3812 Arma
444 3761 509 3824 viri,
522 3776 557 3809 sc.
572 3778 629 3828 quae
641 3762 739 3831 ingres·

243 3861 286 3893 sus
299 3843 408 3893 domum
417 3841 584 3908 deposuerat.
596 3839 666 3890 Male
675 3840 737 3892 olim

243 3920 413 3972 Grammatiei
421 3917 465 3969 hic
478 3919 592 3987 argutati
604 3932 665 3969 sunt
676 3942 681 3971 :
692 3939 735 3991 ap.

786 3064 815 3101 ut
823 3053 1001 3122 expectandus
1014 3051 1148 3116 sithostis,
1157 3054 1204 3123 qui
1212 3071 1279 3104 acce·

787 3131 832 3183 dat
848 3145 874 3182 et
886 3149 934 3182 nos
947 3132 1104 3182 obtruncet:
1121 3139 1228 3200 praestat
1243 3149 1278 3181 ar-

786 3213 834 3262 mis
856 3212 948 3261 sumtis
970 3213 993 3261 ei
1020 3215 1168 3261 occurrere.
1192 3210 1276 3280 Erqo,

786 3307 887 3354 anna,
911 3290 1005 3340 viri-
1019 3292 1094 3339 uocat
1116 3287 1163 3339 lux
1189 3290 1277 3342 ultima

787 3369 879 3432 victos,
902 3381 1000 3438 quanto
1017 3371 1168 3438 potentins!
1190 3391 1276 3442 quam,

786 3461 876 3500 manet
887 3465 932 3499 nos
951 3466 1036 3509 mors;
1050 3449 1217 3502 moriendum
1227 3465 1275 3502 est.

785 3529 890 3579 Vocant
908 3546 974 3592 nos,
997 3546 1054 3597 quae
1075 3547 1124 3580 nos
1144 3545 1278 3602 expectant

785 3607 827 3658 vel
839 3609 981 3676 excipiunt.
994 3603 1029 3644 -’-
1041 3609 1101 3677 669.
1118 3611 1225 3663 Reddite
1240 3631 1277 3662 me

786 3687 893 3738 Danais.
914 3686 987 3738 ldem
1008 3687 1083 3738 color
1101 3691 1148 3740 inf.
1175 3693 1213 3756 X,
1233 3693 1276 3756 61,

786 3766 922 3816 Xanthum
944 3778 970 3817 et
986 3768 1120 3818 Simoenta
1132 3769 1218 3822 Redde
1237 3791 1277 3823 oro

786 3845 891 3897 miseris.
915 3847 977 3897 Mox
1000 3848 1052 3916 670
1073 3867 1211 3921 nunquam
1233 3871 1278 3922 pro

785 3943 856 3992 non,
869 3938 897 3975 ut
913 3926 968 3980 Ecl.
988 3927 1038 3994 lll,
1059 3928 1101 3997 49.
1122 3928 1281 3984 Sententiam
1336 3971 1337 3988 i
