2690 4594
1025 283 1124 366 Ῑ4ι3
1191 249 1193 254 V

343 279 579 346 AENEIDOS
602 281 756 346 LIBER
781 283 853 347 ΙΙΙ.

70 401 104 469 Ο
117 402 201 474 mihi
213 403 283 469 sola
294 405 360 469 mei
372 427 472 493 super
483 407 685 494 Astyanactis
698 407 816 495 imago.

70 509 128 575 Sic
141 511 269 589 oculos,
284 510 398 577 sic‘ille
410 533 541 591 manus,
556 513 602 578 sic
616 534 673 575 ora
684 512 825 592 ferebat,

72 613 118 677 Et
130 637 220 680 nunc
232 616 350 703 aequali
362 632 473 680 tecum
485 614 682 704 pubesceret
693 639 774 681 aevo.

75 721 149 784 Hos
163 742 224 808 ego
237 718 425 809 digrediens
438 720 580 816 lacrimis
592 719 728 784 adfabar
739 721 881 786 obortis:

73 826 185 890 Visite
199 825 325 906 felices,
340 826 460 917 quibus
474 844 523 892 est
535 829 668 892 fortuna
680 843 814 916 peracta

74 933 152 996 Jam
164 933 239 996 sua:
253 954 314 996 nos
326 932 388 997 alia
400 956 440 997 ex
451 933 522 997 aliis
535 934 570 996 in
583 933 649 998 fata
661 956 832 1022 vocamur.

74 1037 181 1102 Vobis
193 1054 286 1126 parta
298 1039 409 1128 quies:
423 1039 553 1103 nullum
566 1039 665 1103 maris
679 1061 794 1127 aequor
805 1038 982 1122 arandum;
1031 1081 1034 1088 ι
1081 1052 1126 1120 495

75 1147 163 1208 Arva
175 1165 285 1232 neque
297 1146 464 1238 Ausoniae,
479 1167 611 1234 semper
624 1144 777 1211 cedentia
790 1161 893 1224 retro,

75 1250 273 1333 Quaerenda.
288 1252 441 1340 Effigiem
452 1251 576 1317 Xanthi
589 1253 793 1342 Trojamque
806 1253 939 1332 videtis,

75 1359 186 1442 Quam
197 1374 313 1422 vestrae
325 1358 434 1423 fecere
447 1380 581 1438 manus,
594 1358 802 1438 melioribus,
816 1377 911 1448 opt0,

76 1464 255 1553 Auspiciis,
270 1480 302 1536 et
315 1486 389 1553 quae
402 1463 503 1528 fuerit
514 1464 624 1528 minus
637 1450 734 1529 obvia
746 1465 862 1530 Graiis.

998 550 1001 554 ·
1038 537 1039 546 ¹
1074 524 1127 587 ’490

107 1639 164 1701 490.
175 1638 264 1685 tenebat
274 1637 332 1702 legit
345 1640 463 1706 Rufinian.
475 1640 505 1688 de
515 1641 568 1704 figg.
581 1657 605 1703 p.
617 1641 653 1688 28.
663 1641 755 1706 qerebat
762 1641 851 1688 Nonius
861 1641 886 1687 in
895 1655 975 1704 saper,
988 1641 1130 1706 scdferebat

77 1713 218 1767 Priscianus,
230 1712 368 1768 Diomedes,
379 1713 483 1759 Macrob.
497 1729 551 1758 cum
562 1712 628 1760 libris
640 1715 747 1776 scriptis;
760 1727 783 1760 et
796 1713 872 1759 firmat
886 1713 965 1758 Burin.
982 1715 1088 1776 inprimis
1101 1733 1129 1763 ex

76 1783 145 1827 Statii
155 1783 285 1827 imitatione
295 1782 304 1825 Ι
316 1780 402 1828 Achill.
414 1783 467 1844 339.
479 1809 511 1819 -
520 1781 574 1844 490,
582 1784 625 1828 His
637 1795 661 1830 et
672 1782 763 1846 affabor
771 1798 817 1834 sec.
825 1783 909 1828 Moret.
917 1783 1128 1847 deprediensSprot.

76 1871 99 1900 v.
107 1868 159 1914 sup.
169 1852 223 1910 iro.
232 1851 316 1904 abortit
325 1853 433 1918 plerique
442 1855 503 1900 Pier.
513 1865 536 1900 et
543 1857 616 1901 nostri
625 1853 790 1916 Goth-493.
802 1863 884 1917 parata
892 1855 966 1910 ven„
975 1867 998 1901 et
1005 1857 1037 1902 sic
1044 1855 1128 1902 achill.

76 1925 135 1970 Stat.
150 1921 180 1967 ad
191 1923 278 1969 Tibull.
291 1923 327 1979 ll,
340 1923 368 1980 4,
384 1941 409 1980 x,
422 1925 446 1970 h.
462 1941 483 1970 e.
499 1927 625 1970 constituta
636 1937 659 1970 et
670 1937 744 1987 parta.
762 1924 809 1970 Sed
820 1935 914 1986 praestat
926 1923 965 1970 rel
977 1928 1098 1972 sententia
1106 1928 1130 1974 vi

76 1994 193 2041 alterum:
205 2010 259 2040 nam
266 2010 373 2059 peraqere
383 1996 484 2042 dicimur
493 1997 619 2057 imperata,
628 1997 747 2057 injuncta,
757 1996 877 2052 mandata,
887 1995 985 2042 labores.
996 1997 1131 2044 Memineris

74 2065 139 2111 illud
148 2066 190 2111 inf.
201 2067 241 2124 lV,
251 2067 295 2113 653
308 2069 377 2123 Vixi,
388 2076 422 2122 et,
439 2079 507 2131 quem
516 2067 609 2112 dederat
616 2083 710 2114 cursam
719 2070 833 2123 Fortuna,
848 2071 935 2131 pereqi,
946 2080 968 2114 et
971 2067 1068 2130 fortuna
1077 2069 1101 2114 h.
1112 2069 1129 2114 Ι.

75 2135 144 2181 idem
157 2136 222 2198 quod
234 2152 288 2182 mox
303 2137 391 2193 istum,
407 2137 473 2200 quod
486 2140 536 2201 jam
551 2149 658 2184 notatam
669 2140 799 2200 Pomponia
812 2138 909 2184 Sabino.
925 2140 998 2184 Porro
1008 2137 1131 2200 distinguit

76 2207 155 2252 Cerda
162 2224 216 2254 cam
226 2207 291 2255 aliis:
305 2211 329 2253 V
328 2212 387 2254 inite.
400 2208 498 2264 Felices,
512 2209 594 2273 quibas
602 2213 691 2273 -jam
700 2211 758 2255 saa!
769 2210 799 2256 cf.
811 2211 890 2255 Burm.
900 2210 979 2254 Minus
989 2208 1059 2255 bene.
1070 2210 1130 2256 Sed:

80 2279 107 2323 V
107 2281 157 2323 t'vite
160 2278 241 2342 Jelr'css
250 2297 301 2338 vos,
310 2289 332 2346 q.
344 2283 433 2343 —jam
443 2296 498 2336 sna,
508 2283 653 2343 exquisitius.
662 2307 694 2316 -
702 2279 756 2342 494.
766 2283 816 2326 AEn.
828 2281 874 2336 xl,
886 2280 916 2341 96
925 2295 965 2326 nos
974 2279 1031 2326 airas
1043 2279 1093 2326 hinc
1100 2281 1132 2326 ad

77 2340 185 2394 lacrimas
194 2350 272 2395 eadem
281 2351 371 2398 horrida
378 2349 431 2396 betta·
438 2352 497 2396 Fata
505 2360 593 2396 vocant.
601 2350 690 2413 -495,
700 2349 1058 2412 arandamestPerrhas.-ti96.
1066 2351 1131 2396 Arva

76 2425 121 2462 nec
133 2417 237 2465 Parthas.
249 2432 272 2466 et
281 2421 350 2467 Goth.
361 2432 414 2467 tert.
424 2446 456 2456 -
465 2419 519 2482 498.
532 2420 589 2480 Quoe
598 2437 643 2468 sec.
655 2422 740 2469 Moret.
750 2421 937 2485 -tippsaerini
945 2421 1006 2466 Gud.
1016 2437 1070 2467 cum
1079 2420 1130 2466 eliis

75 2489 160 2534 licius.
173 2501 196 2534 et
204 2490 282 2537 Burm.
295 2495 364 2538 etiam
374 2492 438 2555 apud
449 2494 513 2539 Serv.
531 2493 566 2538 lta
576 2496 677 2556 auspicia
690 2496 764 2538 minus
777 2491 842 2538 obvia
853 2493 929 2537 Graiis
941 2503 1031 2549 essent,
1049 2505 1101 2554 quae
1117 2506 1131 2534 a

76 2557 213 2606 Graecorum
229 2565 337 2626 auspiciis
350 2580 377 2610 ac
391 2564 444 2611 satis
454 2577 504 2610 non
517 2579 596 2627 aeque,
613 2577 684 2629 etque
694 2577 760 2622 ente,
773 2567 937 2621 vincerentur,
953 2579 998 2610 nec
1010 2565 1038 2610 iis
1055 2572 1131 2610 essent

78 2703 582 2776 (1000000000,περιοῧσωιριγομυκ·
630 2707 790 2778 497-499.
811 2709 845 2758 cf.
866 2724 924 2777 sup.
945 2705 997 2774 349
1014 2721 1053 2773 sq.
1072 2719 1131 2773 quar

75 2779 144 2846 iiim·
165 2811 201 2822 -·
221 2784 281 2854 490.
304 2786 348 2837 Sic
368 2785 471 2852 oculos,
493 2787 529 2840 sic
550 2804 582 2838 ex
625 2785 897 2857 fueritminnsobvia
907 2783 1010 2836 Graiis:
1022 2781 1133 2850 h.peri-

78 2862 158 2914 Hom.
171 2862 266 2935 Odyss.
279 2867 307 2925 d,
322 2865 378 2934 ¹49·
395 2865 456 2931 150,
469 2867 517 2919 ubi
526 2867 583 2918 Me·

78 2940 174 2992 nelaus
192 2940 225 2993 de
241 2942 501 3016 TelemacholUlyssi
511 2957 582 2996 com-

78 3033 192 3093 parato:
206 3021 276 3074 κείνου
289 3019 335 3088 peip
352 3023 433 3073 roscidi
449 3022 517 3078 nider
529 3037 579 3076 etc.

78 3116 121 3158 est
136 3113 225 3154 autem
234 3103 371 3171 exquisite
389 3101 491 3154 dictum
510 3122 580 3174 pro,

79 3180 146 3234 rates
157 3177 245 3232 oculos
264 3179 388 3245 habebat,
409 3179 473 3233 tales
488 3200 582 3234 manns

80 3273 133 3315 ete.
161 3279 186 3311 v.
216 3260 264 3329 491
287 3258 439 3330 pubesceret
460 3261 580 3312 ornatius

79 3359 164 3413 quam
181 3351 257 3399 essen
278 3339 369 3410 Earip.
391 3341 448 3391 Ion.
469 3339 521 3407 354
541 3342 582 3392 Σοὶ

80 3415 167 3473 ravair
177 3417 245 3482 ἥβης,
259 3415 320 3487 sirrrp
333 3412 370 3479 ir,
383 3411 426 3484 εἶχ’
438 3415 562 3488 drairptr.

76 3529 81 3536 ·
118 3499 390 3570 492—499.Dnrum
406 3498 506 3551 haheat
519 3517 584 3570 pec·

82 3591 126 3630 tus
136 3595 242 3634 necesse
255 3591 308 3644 est,
328 3581 371 3630 cui
382 3578 411 3629 hi
427 3591 519 3631 versus
536 3580 583 3630 rni-

84 3659 245 3712 serationem
262 3659 364 3710 nullam
374 3659 485 3712 iaciant.
493 3658 583 3729 fortn-

83 3757 122 3790 na
136 3748 258 3810 peracta,
271 3739 380 3809 proprie
396 3739 510 3790 fortune
522 3756 583 3788 cur-

86 3835 138 3874 sus.
146 3837 170 3870 v.
181 3819 212 3868 V.
221 3817 347 3887 L.-t96.
357 3833 458 3888 semper
465 3817 584 3868 cedentia

631 2865 727 2917 caiisa
743 2865 897 2917 Graecorum
917 2861 1009 2912 hostili
1029 2863 1131 2930 impetu
1191 2923 1195 2930 ἱ

631 2945 761 3015 exposita.
790 2941 901 2994 Sensum
924 2952 995 2991 recte
1023 2940 1132 3007 exponit

630 3024 701 3075 Serv.
715 3023 804 3087 idest,
821 3037 880 3093 qna
896 3017 1003 3071 nuttam
1011 3017 1133 3088 patiatur

630 3101 779 3160 excidium
792 3117 853 3150 mox
865 3112 954 3150 tamen
962 3096 1062 3147 ibidem
1069 3098 1132 3148 mis-

630 3193 724 3231 centur
742 3181 880 3230 notiones:
904 3176 1013 3239 «obvia,
1035 3174 1130 3241 idest,

631 3257 759 3322 obnoxia,
770 3257 881 3308 inimica
887 3292 896 3320 ,
907 3254 1048 3305 contraria.
1058 3278 1069 3301 ιι
1079 3253 1131 3306 Sed

633 3335 710 3406 Troja
723 3335 799 3386 obvia
820 3333 921 3398 Graiis,
938 3351 989 3403 pro
1003 3333 1132 3398 inimica,
1169 3401 1172 3408 .

632 3413 705 3486 quod
726 3412 814 3466 Cerda
835 3413 926 3466 etalii
947 3415 1132 3483 arripuerunt,

632 3497 682 3548 etsi
693 3495 823 3565 exquisite
836 3492 950 3558 dictum,
970 3505 1000 3544 ut
1018 3493 1066 3545 inf.
1079 3495 1115 3545 VI
1123 3531 1132 3559 ,

631 3576 666 3642 64
679 3576 784 3646 Dique,
799 3575 904 3646 deaque
922 3592 1027 3640 omnes,
1039 3575 1133 3646 quibus
1147 3613 1149 3620 .

632 3657 735 3708 obstitit
743 3653 826 3706 liium
835 3663 860 3705 e't
866 3655 956 3726 inpetis
966 3651 1060 3706 Gloria
1067 3656 1133 3707 Dar·

631 3735 735 3800 danie,
754 3747 843 3788 tamen
863 3734 976 3786 consilio
996 3736 1133 3796 sententiae

631 3833 728 3886 parum
736 3814 842 3866 videtur
850 3824 1072 3875 consentaneum,
1084 3815 1133 3884 igi-

85 3908 162 3950 retra
174 3897 222 3947 inf.
235 3897 325 3961 vl,61
340 3897 403 3948 Jam
413 3895 518 3948 tandem
528 3896 584 3946 Ita·
631 3905 676 3946 tur
703 3893 848 3948 tenendum
879 3894 1020 3945 alteram:
1056 3891 1132 3943 obvia

85 3976 130 4034 tie
144 3975 275 4052 facientis
290 3975 445 4052 prendimus
464 3990 530 4031 oms·
549 4004 584 4020 -
635 3973 721 4031 Graiis
728 4011 738 4044 ,
759 3973 787 4028 h.
807 3992 831 4031 e.
852 3974 972 4046 exposita
984 3989 1077 4026 eorum
1091 3972 1134 4026 ia·
