2694 4574
161 468 163 472 Ι
259 397 301 442 20
595 364 921 452 nasou1sir10
944 339 968 430 1'

259 495 301 560 ad
311 493 437 558 animos
448 488 665 578 impellendos
677 489 964 580 advertendosque
974 485 1182 568 habuissent3'
1193 511 1299 578 quum

260 619 374 667 contra
391 600 433 666 ad
456 600 667 688 popularium
686 600 835 687 inprimis
853 615 980 662 mentes
1006 597 1165 662 tenendas
1189 601 1299 661 AEneae

257 711 324 773 fata
345 724 468 772 tantam
488 707 556 770 vim
578 703 701 768 habere
720 704 896 783 deberent,
918 720 1073 792 quantam
1091 702 1204 791 paullo
1223 717 1299 765 ante

258 813 415 893 diximus,
441 809 618 877 accedente
645 833 779 898 quoque
798 809 969 874 Penatium
986 825 1020 874 et
1041 811 1151 873 Vestae
1171 807 1299 870 aeterni·

258 943 324 1008 que
347 919 430 1007 ignis
452 916 626 1002 religione,
652 917 687 978 in
712 930 891 1002 conspectu
910 915 1017 1002 posita
1039 917 1098 998 (1);
1118 929 1156 977 ut
1173 929 1300 978 taceam

256 1049 346 1090 sacra
375 1023 555 1110 antiquitus
578 1037 731 1108 accepta,
753 1042 826 1107 quae
844 1043 864 1084 a
886 1021 1038 1108 Trojanis
1061 1018 1180 1082 tradita
1199 1015 1299 1104 vulgo

255 1125 455 1196 ferebantur.
469 1125 562 1190 Adeo
578 1127 688 1189 omnia
704 1148 761 1199 ea,
775 1147 849 1213 quae
864 1124 998 1214 Dionys
1020 1124 1124 1188 Halic.
1145 1126 1177 1204 l,
1199 1123 1237 1187 31
1259 1123 1299 1187 ad

255 1233 490 1300 adstruendam
514 1235 623 1295 AEneae
646 1232 680 1294 in
705 1229 833 1294 ltaliam
856 1227 1018 1294 adventus
1040 1231 1212 1296 veritatem
1234 1253 1300 1293 rne-

254 1356 376 1419 morat,
401 1336 499 1403 simul
519 1335 562 1400 ad
579 1352 687 1424 peetae
706 1336 900 1424 sapientiam
919 1333 1149 1400 declarandam
1170 1337 1298 1400 valent:

190 1479 200 1492 =
229 1485 232 1492 ·
254 1456 309 1516 'fiir
331 1447 360 1510 di
382 1447 430 1510 inl
452 1445 564 1508 Ϊτιλῖιιν
584 1447 689 1508 Airu'ov
712 1448 759 1507 nui
782 1444 874 1529 Tpoior
891 1449 1016 1525 ἀφίξεως·
1030 1444 1149 1522 lamatio(
1159 1474 1188 1507 τε
1205 1446 1301 1510 πάντες

253 1556 426 1630 sstssaeruraei,
446 1555 494 1613 nai
515 1580 552 1614 aa
544 1549 728 1636 dpo'sstm
715 1555 766 1612 π’
791 1552 881 1613 adada
897 1544 1095 1618 srrtSvm'aerc
1114 1553 1300 1635 xaeiiopwis,

203 1685 206 1692 ⁴
251 1686 418 1739 μηννμιιτα,
447 1653 586 1730 Σιβῦλλης
612 1685 641 1717 τε
665 1657 765 1728 λέγω,
779 1659 827 1718 sai
845 1660 962 1741 χρησμοὶ
988 1661 1124 1729 nostro),
1146 1660 1194 1718 sai
1221 1648 1300 1720 ἔλλα

255 1761 363 1828 πολλαί·
382 1755 412 1823 air
431 1791 483 1823 ova
495 1755 525 1823 alr
546 1791 603 1838 τις,
614 1763 833 1846 ὦςενπμπιίις
853 1791 930 1826 srtxae
946 1791 1139 1840 συγκειμεναν,
1163 1764 1299 1848 tia-spida·

255 1888 354 1931 rom
345 1865 393 1930 di
411 1873 459 1929 nei
478 1871 542 1952 παρ’
561 1863 871 1954 ἕλληπγναρῖᾳικτκ,
894 1871 1108 1952 κιὶφιῐεμὶεῖς
1127 1868 1299 1954 ro'dtxpo'roo

193 2037 196 2042 ,
254 1977 382 2036 λείπεται
397 1987 457 2034 etc.

297 2078 337 2139 X.
357 2078 474 2164 Neque
495 2097 574 2141 vero
590 2075 668 2140 huic
681 2078 867 2164 argumenti
882 2076 1043 2156 felicitati,
1066 2094 1099 2142 et
1118 2080 1217 2143 tantis
1232 2101 1301 2144 ma-

253 2182 344 2245 teriae
354 2182 471 2269 copiis,
483 2198 590 2270 poetae
600 2181 771 2269 ingenium
786 2181 907 2262 defuit,
922 2184 1024 2247 immo
1036 2207 1115 2247 vero
1126 2185 1299 2272 ingeniose

252 2287 405 2352 inventis
420 2288 476 2351 ille
496 2310 563 2366 non
579 2288 695 2352 minus
716 2288 886 2376 ingeniose
905 2311 984 2354 usus
1004 2305 1069 2368 est,
1092 2306 1124 2354 et
1145 2291 1180 2352 in
1197 2289 1298 2354 rebus

252 2391 446 2472 tractandis,
462 2391 634 2472 ornandis,
651 2408 684 2456 et
698 2394 842 2456 carmine
855 2393 1094 2483 persequendis
1106 2418 1174 2459 non
1186 2397 1299 2460 minus

251 2499 332 2563 felix
356 2498 435 2576 fuit,
462 2519 562 2584 quam
580 2498 615 2559 in
638 2498 846 2563 inveniendis
866 2515 898 2563 et
915 2500 1146 2588 excogitandis.
1166 2502 1299 2566 Vellem

252 2603 290 2668 id
307 2626 375 2668 uno
393 2603 428 2664 in
448 2602 522 2681 loco
534 2625 559 2681 a
576 2624 630 2665 me
655 2603 774 2689 exponi
794 2608 922 2690 posset!
941 2604 1006 2670 Sed
1023 2606 1147 2670 factum
1162 2605 1228 2671 hoc
1247 2627 1300 2673 est

253 2709 289 2818 in
306 2706 441 2795 singulis
458 2706 610 2771 carminis
628 2707 791 2794 partibuS,
812 2710 1016 2798 singulisque
1037 2712 1119 2776 locis
1138 2731 1300 2801 opportu-

253 2801 347 2891 nius,
375 2830 425 2890 et,
452 2835 494 2876 ne
512 2811 576 2877 hoc
607 2811 722 2878 loco'
713 2838 748 2877 1n
773 2815 973 2880 immensum
1001 2839 1113 2882 rerum
1141 2841 1299 2907 campum

255 2937 418 3007 evagetur
431 2916 626 3018 disputatio,
658 2920 741 2983 ratio
772 2919 868 2984 nobis
900 2922 1138 2987 nonnullorum
1166 2942 1300 2989 tanturn

252 3023 444 3104 habebitur,
469 3047 543 3112 quae
571 3003 707 3112 quidem
737 3027 903 3114 praecipua
928 3044 961 3094 et
986 3029 1175 3115 gravissima
1203 3031 1299 3096 vide-

252 3123 387 3196 buntur.
407 3131 572 3218 Spectant
581 3153 618 3193 ea
637 3131 756 3217 partim
772 3128 820 3194 ad
831 3130 1077 3196 Homericam
1062 3137 1299 3212 imitationem,

252 3223 324 3302 tum
336 3238 370 3300 in
385 3235 605 3322 descriptione
618 3236 785 3314 carminis,
801 3251 872 3328 tum
886 3237 920 3301 in
936 3238 1071 3326 singulis
1089 3239 1239 3326 partibus
1256 3265 1299 3307 ac

252 3342 350 3422 locis,
372 3341 491 3430 partim
513 3338 562 3405 ad
582 3340 810 3428 elegantiorem
832 3340 1103 3426 phantasmatum
1125 3360 1160 3408 et
1181 3369 1300 3410 narra-

253 3451 348 3513 tionis
376 3449 506 3510 omnino
530 3443 701 3522 hobitum,
730 3447 850 3534 partim
878 3447 1039 3584 denique,
1068 3447 1116 3514 ad
1139 3456 1299 3516 orattbm's

254 3550 445 3641 dignitatem
458 3565 492 3613 et
502 3565 661 3613 ornatum.

297 3658 355 3720 Xl
382 3657 491 3743 Ipsam
513 3651 665 3718 AEnezdts
687 3652 817 3731 ideam,
836 3655 1103 3743 descriptionem,
1128 3677 1161 3725 et
1185 3661 1296 3748 dispo-

254 3763 401 3833 sitionem
409 3761 556 3844 partium
566 3756 614 3822 ad
623 3758 853 3840 Honren'cum,
862 3764 980 3852 partim
993 3764 1161 3854 Odysseae,
1173 3768 1297 3856 partim

289 3976 397 4049 (1)Vid.
408 3996 469 4038 mox
481 3978 597 4050 Disquis.
608 3981 644 4048 11,
658 3993 684 4034 et
694 3980 756 4036 Exc.
769 3983 807 4034 IX
818 3982 854 4037 ad
865 3982 911 4036 lib.
922 3984 960 4049 ΙΙ,
973 4002 1004 4036 ac
1016 3987 1124 4055 passim.
