2742 4586
287 357 348 434 242
534 355 567 416 P.
592 350 822 414 VlRGlLll
844 350 1072 415 MARONIS

283 477 437 542 Perfusus
449 476 538 541 sanie
550 475 646 540 vittas
657 490 795 560 atroque
810 495 957 552 veneno,

283 583 448 646 Clamores
462 579 559 646 simul
570 578 755 646 horrendos
766 577 809 644 ad
821 577 929 644 sidera
939 578 1041 642 tollit:

281 689 394 771 Qualis
406 688 563 774 mugitus,
577 686 661 773 fugit
673 708 776 773 quum
788 685 916 750 saucius
928 707 1017 750 amm

280 794 424 871 Taurus,
439 810 471 855 et
482 793 640 856 incertam
652 791 794 854 excussit
805 789 932 856 cervice
943 789 1093 856 securim.

280 900 322 962 At
333 899 454 987 gemini
465 899 558 984 lapsu
570 894 709 960 delubra
719 894 761 960 ad
774 918 902 961 summo
913 894 1071 960 moeones

279 1003 466 1090 Effugiunt,
480 1024 639 1090 saevaeque
651 1018 768 1089 petunt
779 1001 960 1068 Tritonidis
971 1023 1097 1080 arcem,

278 1107 346 1172 Sub
357 1107 564 1197 pedibusque
575 1105 647 1172 deae
658 1108 824 1197 clipeique
835 1108 897 1172 sub
909 1107 989 1173 orbe
1000 1122 1168 1196 teguntur.

277 1214 365 1278 Tum
377 1236 456 1284 vero
467 1214 658 1278 tremefacta
670 1236 775 1280 novus
787 1237 847 1302 per
858 1230 991 1301 pectora
1003 1213 1129 1300 cunctis

278 1319 425 1382 Insinuat
436 1340 555 1406 pavor3
568 1335 601 1384 et
612 1319 718 1384 scelus
731 1319 924 1407 expendisse
936 1335 1118 1384 merentem

307 1483 360 1512 2²1.
378 1467 483 1530 peffosos
495 1468 585 1530 aliquot
603 1470 666 1532 apud
676 1472 755 1515 Burin.
767 1474 837 1516 sanies
847 1471 909 1516 Gud.
921 1483 944 1517 et
954 1471 1020 1516 Voss.
1032 1494 1063 1506 -
1073 1467 1124 1515 223.
1143 1466 1224 1527 Quoto
1235 1468 1310 1514 Gram-

274 1541 411 1584 maticorum
427 1553 450 1586 et
468 1539 580 1586 Codicum
595 1544 733 1587 auctoritate
747 1545 835 1604 recepit
853 1543 931 1589 Heius.
949 1541 1027 1606 Vulgo
1044 1540 1129 1606 quoles.
1146 1541 1186 1585 Est
1202 1551 1278 1584 nmen
1290 1551 1310 1584 et

273 1609 347 1674 qualis
363 1610 392 1656 de
406 1611 492 1673 plurali
508 1614 677 1675 accipiendum.
693 1616 789 1677 muqitus
801 1613 872 1660 veluti
885 1615 949 1676 apud
961 1615 1064 1660 Macrob.
1078 1615 1099 1658 ll
1111 1615 1157 1658 Sat.
1173 1611 1200 1666 5,
1215 1622 1238 1656 at
1253 1610 1309 1655 idem

272 1679 314 1725 lib.
327 1681 371 1737 VI,
390 1681 423 1728 13.
438 1682 517 1740 Qualis
527 1700 555 1728 m.
570 1683 639 1745 Apud
653 1685 756 1730 bactani.
767 1683 796 1730 de
808 1685 841 1729 M.
855 1685 944 1731 Perseo.
959 1685 988 1731 33
1001 1687 1083 1731 vitiose
1095 1682 1221 1729 laudatur:
1237 1677 1309 1744 quoles

272 1752 369 1812 muqitus
379 1751 448 1814 finqit
467 1756 557 1798 sorcius
574 1762 659 1798 murus.
678 1769 742 1798 arom
759 1753 838 1799 licius.
861 1769 889 1800 ex
908 1754 989 1810 libris,
1010 1764 1062 1816 post
1080 1754 1183 1798 Pierium
1199 1749 1307 1812 probavit.

271 1818 349 1879 Vulgo
362 1835 422 1864 aros.
434 1845 465 1856 -
476 1821 528 1877 inlr.
545 1825 639 1868 securim
651 1838 695 1884 per
706 1827 715 1868 i
726 1823 848 1885 Virgilium
862 1826 989 1886 scripsisse,
999 1824 1069 1869 Probi
1078 1820 1171 1886 tvalerii
1181 1819 1307 1865 testimonio

270 1901 360 1934 constat
380 1891 443 1953 apud
464 1893 525 1938 Gell.
547 1895 615 1949 xm,
638 1909 674 1940 io.
693 1920 725 1931 -
743 1897 796 1940 225.
817 1893 875 1958 lapsi
893 1895 952 1942 alter
972 1897 1067 1951 flami„
1087 1893 1128 1940 sed
1146 1891 1195 1936 vid.
1216 1901 1265 1934 not.
1280 1913 1307 1922 -

272 1959 323 2003 226.
336 1961 467 2025 Diffuqiont
479 1962 538 2008 alter
549 1965 630 2009 llamb.
647 1967 672 2009 iu
691 1964 787 2010 Collect.
805 1967 986 2013 Sufflrdonidos
1002 1983 1038 2028 sp.
1057 1963 1161 2010 Macron.
1180 1961 1213 2004 lV
1227 1962 1271 2004 Sat.
1282 1959 1307 2014 l,

271 2041 294 2074 et
307 2031 361 2076 edd.
375 2033 465 2079 Fabric.
476 2046 500 2079 et
511 2035 609 2097 Cuninq.
620 2061 651 2072 -
663 2052 714 2098 227.
730 2035 805 2099 clypei
820 2038 862 2083 sub
878 2041 959 2084 Fraus.
973 2064 1005 2073 —
1021 2035 1073 2082 228.
1092 2044 1161 2081 semo
1173 2031 1242 2094 facit!
1254 2031 1305 2091 fleu·

268 2123 300 2134 -·
310 2114 363 2161 229.
373 2104 505 2165 expandisse
514 2104 607 2166 Mensq.
617 2123 653 2167 pr.
663 2124 685 2152 v.
696 2109 774 2152 Burin.
785 2110 884 2154 irrsinoot
891 2127 913 2156 v.
923 2108 953 2153 ad
966 2107 1017 2154 ποθ.

268 2240 355 2275 rorem
367 2227 432 2278 iacit
449 2246 473 2278 v.
496 2244 555 2293 221,
580 2227 652 2299 quod
669 2230 763 2297 vittas,
812 2231 943 2302 Trojsnis.
971 2232 1006 2282 At
1024 2226 1171 2282 Palladium
1195 2243 1228 2277 ex
1249 2241 1305 2275 aree
1355 2241 1356 2274 t

267 2303 365 2354 infulas
378 2304 540 2370 sacerdotis,
553 2320 652 2359 narrat.
663 2305 764 2358 Clamo·
813 2311 953 2382 abreptum
966 2329 1047 2381 supra
1058 2307 1186 2370 vidimus,
1199 2323 1224 2354 v.
1242 2301 1303 2366 164:

252 2401 322 2470 ,rest
336 2401 415 2454 super
427 2384 469 2436 his
478 2405 502 2436 v.
517 2387 624 2440 Excurs.
638 2386 673 2438 ad
684 2387 711 2438 h.
722 2407 761 2450 v.;
811 2389 883 2440 unde
895 2407 958 2462 ergo
969 2389 996 2440 h.
1018 2389 1035 2440 l.
1055 2384 1171 2438 Palladis
1188 2380 1305 2453 signum?

266 2473 329 2513 sunt
339 2475 428 2516 antem
435 2463 562 2533 praeclare
568 2467 716 2536 comparati
728 2465 763 2517 sd
807 2467 954 2520 dicendum
965 2468 1080 2530 scilicet,
1092 2465 1174 2516 fuisse
1187 2459 1261 2514 aliud
1275 2477 1304 2510 ac
1354 2491 1355 2524 3

266 2550 395 2592 terrorem
407 2543 500 2592 animis
520 2544 698 2610 injiciendum·
721 2543 762 2595 in·
810 2546 944 2599 diversum
956 2547 1047 2600 abillo
1058 2561 1161 2598 arosnae
1171 2540 1303 2612 religionis
1354 2563 1355 2570 ¹

264 2630 361 2669 certam
377 2622 488 2672 securim
505 2627 634 2676 nonsatis
649 2636 722 2676 certo
735 2638 761 2676 et
810 2626 939 2678 Palladio.
959 2629 994 2678 oi.
1013 2627 1120 2677 Excurs.
1137 2623 1175 2672 IX
1191 2631 1256 2672 extr.
1271 2616 1304 2670 orl

263 2698 354 2749 valido
376 2701 430 2750 ictu
449 2700 609 2771 depressam.
632 2705 760 2754 imitatio·
808 2707 918 2776 11,293.
939 2709 985 2760 sub
999 2705 1122 2777 pedibus,
1140 2702 1168 2754 h.
1188 2721 1212 2754 e.
1237 2701 1304 2750 inter

262 2795 323 2828 uem
344 2778 448 2831 Seneeae
471 2782 562 2852 Agant.
587 2800 636 2852 777
662 2783 759 2836 cervice
807 2787 907 2858 pedes,
930 2801 957 2840 et
974 2800 1035 2858 post
1049 2787 1173 2856 clipeum.
1193 2780 1303 2854 Egregie

264 2867 354 2910 taurus
384 2858 479 2913 vulnus
510 2863 637 2914 incertum
668 2863 759 2934 ferens
806 2865 859 2918 boc
872 2886 888 2919 a
903 2881 984 2938 poeta
1000 2865 1188 2918 adumbratum
1204 2880 1238 2913 ex
1256 2878 1302 2921 ευ,

261 2935 354 2990 laudat
376 2941 464 2991 Burin.
486 2941 563 2994 Adde
585 2942 665 2994 aliam
685 2943 758 3014 apud
807 2946 880 3017 qnod
892 2946 1008 2999 Palladis
1018 2939 1212 3017 signamus)
1224 2943 1302 2992 iuter·
1353 2977 1354 2992 i

261 3017 354 3070 Silium
366 3021 397 3082 V,
410 3022 452 3090 64.
466 3023 508 3075 65.
520 3023 657 3094 Sapienter
669 3037 757 3076 nutem
806 3025 870 3078 dum
880 3025 1023 3078 draconem
1032 3023 1145 3096 pedibus
1159 3021 1303 3091 adporrec-

259 3097 328 3150 bove
352 3118 406 3151 non
430 3120 605 3172 quacunque,
629 3103 696 3163 sed,
727 3115 757 3156 ut
806 3117 861 3156 tum
877 3105 1037 3158 habenuut
1048 3105 1075 3154 iu
1087 3105 1146 3172 ipso
1159 3101 1207 3152 illo
1225 3118 1304 3172 praes·
1353 3109 1354 3124 ¹

260 3176 415 3250 dignitatem
430 3201 471 3234 res
486 3182 757 3246 haberet,bovevio·
805 3189 953 3238 tantissimo
973 3184 1070 3238 Phidiae
1093 3185 1169 3253 signo
1188 3183 1217 3233 in
1242 3199 1301 3232 srce

259 3257 323 3310 tima
336 3263 534 3330 comparatione
543 3280 606 3313 usus
615 3276 668 3325 est;
683 3263 756 3332 quod
804 3265 976 3319 Adrensrum.
987 3285 1011 3317 v.
1025 3267 1100 3318 Paos.
1119 3265 1147 3327 l,
1170 3261 1214 3328 24.
1233 3258 1301 3312 lllud

256 3336 312 3402 jam
333 3339 360 3389 in
386 3358 462 3392 sacro
483 3342 602 3412 Neptuni
623 3342 754 3394 Heliconii
803 3359 893 3399 tomen
915 3349 977 3402 satis
999 3357 1202 3417 portentosum,
1229 3338 1301 3413 quod

258 3417 358 3468 fecerat
371 3421 500 3471 Homerus
513 3422 587 3485 loco,
601 3438 680 3491 quem
692 3439 754 3472 uos·
802 3429 956 3498 amariper
971 3443 1093 3495 campum
1105 3417 1302 3491 Trojanumad
1352 3465 1353 3486 ,

258 3507 298 3545 ter
320 3511 380 3549 ante
400 3500 491 3552 oculos
514 3501 609 3553 babuit
626 3499 701 3552 llisd.
722 3523 751 3566 u,
801 3506 895 3560 urbem
907 3520 1029 3559 etaroern
1038 3504 1115 3576 hydri
1126 3521 1154 3555 se
1165 3501 1300 3554 volvendo

258 3575 493 3644 403—405.Male
506 3591 663 3652 compararit
674 3581 750 3633 iliad.
800 3597 986 3657 pervenerunt.
1025 3583 1190 3646 Modestius,
1226 3579 1299 3652 quod

257 3673 281 3722 t,
296 3653 347 3706 520
359 3674 417 3727 sqq·
799 3664 876 3716 llisd.
890 3685 920 3726 ν,
943 3664 999 3732 147.
1020 3661 1110 3714 bellus
1130 3662 1238 3712 marina
1257 3659 1298 3727 (re

294 3733 749 3810 225—227.Lapsueffuqiuntor-
797 3745 878 3816 siric)
908 3744 1077 3814 persequitur
1108 3740 1254 3792 Herculem
1283 3758 1298 3790 a

255 3825 317 3863 nate
338 3832 387 3883 pro
406 3816 545 3882 labuntur,
569 3832 693 3889 serpunt;
714 3841 748 3875 ne
796 3823 874 3876 litore
890 3826 917 3874 in
936 3824 1074 3894 planitiem
1094 3819 1137 3872 ἀπ’
1159 3817 1233 3875 iiiior
1253 3837 1298 3869 m·

256 3890 331 3963 lapsu
339 3896 408 3946 nude
419 3909 488 3949 stare
498 3911 584 3968 putes.
596 3897 703 3950 delubra
715 3903 750 3954 ad
795 3905 878 3956 itote

255 3989 371 4037 summa,
382 3977 507 4027 Minervio
515 3976 641 4045 templum
650 3981 677 4029 in
687 3999 747 4034 aree
832 3984 987 4036 228—232.
1019 3979 1106 4034 Scelus
1129 3979 1292 4051 expendisse,

254 4067 365 4106 tumme.
378 4056 499 4109 Minerva
510 4055 536 4106 h.
550 4055 566 4107 l.
584 4073 665 4124 soeva,
678 4062 746 4114 irate
795 4065 939 4134 exquisite,
951 4079 1044 4132 poenas
1054 4062 1163 4113 meritos
1171 4077 1223 4130 pro
1237 4077 1293 4108 see·
