2656 4592
336 312 570 389 AENElDOS
593 323 749 390 LIBER
772 325 835 394 IV.

57 445 224 536 carpebat
235 467 383 528 somnos,
397 447 496 513 rebus
504 447 573 537 jem
585 448 646 512 rite
658 451 788 537 paratis.

59 553 150 618 Huic
161 576 196 618 se
209 553 314 618 forma
326 539 381 618 dei
393 553 485 618 voltu
497 553 666 620 redeuntis
679 555 798 620 eodem
829 583 833 589 ’

56 657 190 724 Obtulit
202 660 235 723 iu
248 653 385 739 somnis,
400 681 579 748 rursusque
591 661 636 724 ita
646 661 715 726 visa
727 684 863 727 monere
876 681 942 744 est;

55 764 180 830 Omnia
192 767 359 830 Mercurio
371 765 499 846 similis,
511 788 710 856 vocemque,
724 766 951 860 coloremque,

56 872 102 934 Et
114 871 212 936 crinis
224 871 342 951 ssavos,
357 887 390 936 et
399 871 548 938 membra
560 870 680 938 decom
688 873 844 964 juventae.

54 979 143 1041 Nate
156 975 233 1056 dea,
247 975 418 1065 poteshoc
430 977 492 1044 sub
505 1000 582 1042 casu
594 975 716 1043 ducere
729 981 884 1044 somnos?
905 1001 907 1004 ’

53 1085 143 1164 Nec,
157 1107 231 1172 quae
243 1101 276 1148 te
288 1083 416 1148 circum
424 1098 512 1148 stent
523 1081 645 1148 deiude
657 1084 817 1172 pericula,
831 1087 959 1152 cernis?

54 1193 219 1254 Demens!
233 1192 295 1255 nec
307 1185 476 1278 Zephyros
487 1189 581 1254 audis
594 1191 718 1278 spirare
730 1189 913 1256 secundos?

54 1294 120 1360 llla
132 1294 225 1360 dolos
238 1294 414 1384 dirumque
427 1295 519 1363 nefas
531 1297 566 1358 in
578 1313 713 1384 pectore
725 1313 854 1377 versat,-

1036 998 1038 1007 '
1061 997 1105 1044 560

81 1472 142 1519 556.
153 1472 212 1517 Hinc
219 1470 434 1534 Ven.-557.jussa
441 1487 471 1516 m.
479 1472 561 1517 Frauc.
570 1487 598 1516 ex
605 1487 669 1517 more
676 1471 833 1518 librariorum.
842 1475 948 1522 estdeett
955 1477 1017 1527 binis
1024 1479 1104 1528 Burm-

54 1557 82 1591 ct
91 1543 162 1593 Goth.
172 1555 225 1588 tert.
235 1559 248 1588 a
258 1557 289 1586 m.
301 1558 336 1604 pr.
359 1551 382 1587 st
391 1542 465 1599 Gud,
482 1553 508 1588 ut
520 1540 596 1589 solent
605 1545 732 1589 veteriores
743 1543 813 1590 codd.
824 1571 854 1580 -
864 1546 916 1592 558.
929 1549 1040 1594 Mercurii
1052 1563 1105 1598 tert.

53 1613 156 1661 Mentel.
167 1631 180 1660 a
190 1631 223 1660 m.
234 1631 270 1676 pr.
284 1628 328 1678 que
339 1625 392 1676 post
402 1613 498 1661 colorem
510 1614 574 1660 abest
585 1615 681 1660 acribus
696 1615 774 1660 Burm.
784 1640 816 1651 —
825 1615 878 1677 559.
886 1620 981 1680 juventu
994 1621 1103 1666 nonnulli

52 1689 173 1743 Pierinui,
184 1685 272 1732 Medic.
281 1701 335 1732 cum
345 1685 437 1732 duobus
449 1685 499 1732 aliis
509 1687 587 1732 Heius.
597 1687 664 1733 Adde
676 1687 757 1749 fragm.
765 1689 839 1734 varie.
847 1691 907 1735 Sane
916 1691 1015 1736 membra
1024 1694 1105 1740 decora

49 1763 150 1824 juventa
161 1761 345 1804 communiorem
355 1758 453 1804 formam
464 1758 559 1804 habent.
571 1784 603 1794 -
613 1759 665 1804 560.
678 1762 737 1822 potis
751 1768 785 1804 est
795 1758 837 1804 sub
848 1774 868 1805 c.
881 1760 979 1808 Oudart.
996 1779 1050 1809 casu
1062 1765 1105 1812 sul>

53 1828 118 1875 alter
127 1828 209 1874 llamh.
219 1853 251 1862 -
260 1827 313 1872 561.
323 1843 375 1891 quoe
387 1837 407 1874 te
416 1831 501 1874 ct'rcum
509 1837 569 1874 stent
577 1829 656 1875 Heius.
671 1845 683 1874 e
696 1829 782 1875 Medic.
799 1829 898 1892 aliisque
909 1844 961 1893 post
976 1831 1102 1884 Pierianos.

53 1898 124 1945 Adde
136 1899 217 1960 fragm.
227 1899 302 1943 Vatic.
314 1898 342 1943 At
354 1899 434 1962 vulgg:
443 1915 495 1962 quae
506 1903 651 1944 circunrstant
661 1898 699 1945 vel
709 1907 804 1944 steorte.
816 1899 879 1946 conf.
892 1900 922 1946 ad
932 1902 984 1948 536.
994 1905 1014 1946 Δ
1025 1905 1105 1954 multis
1134 1917 1136 1922 '

54 1971 124 2017 abest
136 1973 163 2016 ιε’.
173 1983 252 2017 cernas
261 1970 327 2017 Leid.
340 1987 352 2017 a
364 1987 396 2016 m.
408 1987 483 2034 pr.-
495 1971 547 2018 563.
558 1971 611 2018 deos
623 1983 675 2018 tert.
686 1970 783 2018 Mentel.
796 1988 809 2017 a
821 1987 852 2034 m.
862 1988 899 2034 pr.
912 1975 935 2016 in
944 1982 1036 2036 pectora
1045 1977 1105 2025 alter

54 2113 202 2178 instructa,
217 2125 247 2163 ut
265 2124 344 2164 vento
368 2111 486 2165 secundo
507 2111 557 2163 sub
595 2098 654 2163 ¹sed
672 2111 795 2174 lubenter
813 2129 845 2164 eo
866 2112 950 2164 utitur
970 2127 1051 2186 poeta
1070 2116 1106 2169 ad

54 2204 165 2244 noctem
177 2205 268 2244 exorto
279 2192 327 2244 illa
342 2193 420 2244 litore
434 2192 555 2244 solveret.

54 2275 92 2326 At
110 2292 191 2345 quam
206 2286 285 2326 tenue
296 2273 361 2326 hoc!
374 2272 420 2325 Sin
430 2291 495 2325 vero
505 2291 559 2324 me·

55 2369 100 2407 tus
126 2373 142 2406 a
167 2353 425 2423 Carthaginiensium
449 2354 558 2404 incursu

56 2447 117 2488 erat
129 2431 329 2496 memorandus,
339 2433 464 2483 Mercurii
476 2432 560 2482 moui·

55 2529 86 2568 tu
108 2514 192 2565 multo
212 2515 295 2585 magis
314 2529 355 2564 res
372 2511 468 2584 egebat
486 2511 559 2584 apud

53 2608 177 2668 poetam.

94 2672 254 2744 556-559.
265 2672 428 2746 Comparant
439 2673 514 2725 llied.
526 2674 557 2734 β,

55 2775 94 2814 20
104 2775 163 2827 sqq.
175 2754 207 2824 57
216 2773 255 2826 sq.
266 2755 360 2828 Odyss.
370 2757 399 2816 d,
412 2755 470 2808 268.
481 2754 556 2806 iliad.

53 2841 91 2906 ψ,
102 2838 137 2906 69
145 2853 199 2905 sq.‚
210 2835 257 2887 sed
264 2836 417 2905 primoloco
425 2847 559 2888 eratcom·

54 2913 263 2971 memorandum
281 2914 374 2986 Odyss.
388 2935 416 2974 κ,
434 2932 483 2983 277
501 2932 557 2985 seq.

54 2995 101 3054 Ad
121 2992 171 3047 558
188 2994 223 3044 cf.
242 2993 290 3043 inf.
307 2990 560 3052 1x,650.colorem

56 3077 130 3139 oris,
153 3070 238 3144 qualis
255 3083 295 3122 est
311 3069 428 3140 pulchrae
444 3071 559 3137 juvente

56 3175 90 3210 ex
103 3153 231 3225 palaestrae
250 3148 306 3201 sole
323 3162 349 3200 et
360 3147 479 3218 pulvere.
491 3147 560 3198 Mer·

56 3237 164 3288 curium
176 3252 190 3284 e
203 3229 387 3302 pulcherrimis
412 3225 462 3278 diis
488 3242 558 3291 esse,

56 3326 125 3368 nota
145 3329 203 3377 res,
229 3309 350 3381 inprimis
373 3325 405 3360 ex
431 3305 558 3377 operibus

56 3407 187 3449 veterum.

96 3471 252 3540 560-569.
267 3467 314 3520 ltoc
324 3467 456 3530 subeam,
469 3468 559 3536 exqui-

58 3559 110 3608 site
132 3570 182 3624 pro
199 3547 318 3622 periculo
340 3559 380 3598 ac·
395 3544 554 3600 discrimine.

58 3635 153 3688 ducere
164 3649 279 3694 somnos,
290 3629 378 3678 Burm.
391 3625 449 3677 vult
460 3642 516 3676 esse
528 3624 555 3676 h.

58 3715 78 3766 l.
102 3711 250 3783 producere
269 3725 317 3778 per
335 3718 419 3757 totam
441 3717 556 3758 noctem.

58 3792 112 3844 Sed
123 3794 235 3842 intanto
244 3787 363 3859 periculo
374 3787 482 3836 omnino
493 3783 557 3834 dor-

606 2209 707 2242 morem
718 2191 762 2242 τοῦ
771 2184 823 2242 rire
833 2194 862 2243 iu
876 2197 1105 2266 argumentatione

606 2270 648 2324 vel
674 2275 897 2342 consequutione,
921 2288 951 2326 ut
974 2278 1104 2330 inferetur

607 2352 725 2423 aliquid:
739 2366 765 2404 et
786 2372 845 2404 cum
863 2353 920 2406 lucc
939 2357 978 2408 ita
992 2359 1058 2424 sint,
1075 2357 1105 2410 in

608 2442 680 2484 tanto
699 2451 777 2499 cusu,
795 2426 857 2494 rire,
879 2435 986 2504 deinde,
1003 2449 1032 2488 tu
1051 2456 1105 2489 non

608 2514 694 2564 cernis
703 2512 836 2583 pericula,
850 2513 946 2583 quibus
957 2503 1107 2568 circumda-

607 2603 649 2642 tus
662 2593 706 2642 es?
727 2584 765 2642 εἶτ’
785 2592 824 2642 οὑκ
843 2589 961 2662 αἰσθάνῃ
980 2593 1022 2646 Sic
1039 2614 1064 2647 v.
1080 2615 1104 2648 c.
1145 2651 1148 2662 ¹

606 2670 669 2735 XII,
682 2670 733 2739 889
754 2670 818 2740 Qum
829 2689 901 2724 nunc
921 2672 1014 2725 deinde
1032 2693 1107 2726 mora

606 2752 659 2802 est?
678 2751 728 2816 lx,
750 2753 798 2820 781
822 2769 875 2823 quo
889 2751 1105 2826 deindefupam,

607 2850 660 2902 quo
679 2831 803 2883 tenditis?
814 2833 871 2883 Nec
886 2832 999 2883 multum
1018 2835 1106 2888 aliena

606 2909 663 2960 haec
673 2921 734 2960 sunt
745 2929 760 2961 a
772 2909 874 2981 vulgari
885 2928 934 2960 usu
947 2929 996 2980 pro
1008 2929 1105 2982 porro,

608 3001 654 3040 aut
666 3007 716 3058 pro
728 2991 920 3058 inposterum,
933 2989 967 3040 ab
979 2988 1031 3042 hoc
1043 2992 1106 3046 inde

607 3079 735 3137 tempore.
749 3086 773 3117 v.
792 3087 815 3118 c.
830 3068 878 3118 inf.
898 3069 935 3132 V,
961 3068 999 3135 14.
1016 3081 1040 3121 te
1058 3073 1107 3123 eir-

607 3156 749 3210 cumstent,
759 3149 815 3214 jam
827 3148 904 3196 Hom.
917 3143 968 3214 erpi
983 3146 1030 3218 peip
1042 3149 1108 3204 rand

607 3221 725 3279 πάντοθεν
744 3225 811 3286 iarn,
824 3225 918 3296 Odyss.
939 3227 968 3293 ξ,
982 3245 1040 3298 270.
1054 3231 1108 3282 Ze·-

605 3303 703 3376 pltyros
715 3305 870 3376 simpliciter
877 3324 927 3376 pro
938 3310 1022 3359 ventis
1030 3309 1104 3374 dicit;

607 3396 635 3435 ut
654 3382 722 3436 solet
742 3386 770 3435 iu
793 3395 933 3436 ventorum
952 3389 1104 3443 nominibus

605 3482 701 3535 parum
717 3477 844 3532 ¹accurate
858 3467 958 3517 versari
969 3469 1104 3541 Virgilius.

605 3544 728 3596 Haerebat
749 3542 793 3596 hie
814 3543 1025 3603 Holdsworthus.
1048 3550 1106 3602 Etsi

604 3643 655 3677 nec
674 3636 726 3689 est,
748 3641 796 3675 cur
814 3640 870 3674 non
890 3627 998 3696 proprie
1016 3627 1102 3682 dictos

606 3718 699 3777 putes;
723 3723 786 3756 nam
809 3703 843 3756 ab
867 3705 1006 3758 occidente
1029 3723 1125 3776 ortus,

605 3799 699 3839 ventus
716 3785 820 3838 deferre
837 3783 946 3836 AEueam
963 3805 978 3838 a
994 3786 1107 3852 cartha„

60 3874 127 3924 mire
142 3871 265 3935 AEneam‚
285 3867 401 3920 insolens
420 3878 446 3917 et
462 3866 558 3916 mirum
605 3869 674 3938 ginis
687 3883 734 3916 ora
748 3867 776 3915 in
787 3863 892 3916 Italiam
903 3862 1004 3926 debuit.
1021 3867 1054 3916 Et
1065 3872 1104 3922 sie

61 3964 127 4006 crat.
141 3951 234 4002 deinde
245 3949 349 4003 videtur
362 3950 476 4001 otiosum
489 3963 557 4008 esse;
606 3947 655 3998 ius.
674 3948 711 4012 V,
738 3962 783 4016 19,
810 3941 971 3998 ηοω-563.
992 3944 1102 4004 demens.
