2656 4592
303 284 538 348 AENEIDOS
562 286 716 350 LIBER
740 286 801 350 lv.

36 411 103 474 Nec
114 408 281 473 Saturnius
294 406 364 470 haec
377 407 480 471 oculis
493 425 586 495 pater
597 405 737 495 adspicit
748 412 860 498 aequis.

36 518 201 604 Nusquam
214 531 284 578 tuta
296 511 395 578 fides:
412 512 553 601 ejectum
566 514 676 595 litore,
691 534 844 602 egentem

34 623 167 710 Excepi,
181 637 214 686 et
226 621 319 710 regni
331 619 468 686 demens
481 621 515 684 in
528 637 620 708 parte
632 621 754 702 locari3

35 730 192 793 Amissum
205 728 355 805 classem,
370 727 490 805 socios,
504 712 523 790 a
535 744 641 790 morto
654 727 779 792 reduxi.

35 839 110 899 Heu
122 835 226 898 Furiis
239 837 372 900 incensa
385 835 487 898 feror!
501 835 529 898 N
532 857 596 900 unc
608 857 713 921 augur
724 835 858 922 Apollo,

33 945 128 1005 Nunc
140 941 247 1029 Lyciae
260 958 378 1020 sortes,
393 963 481 1008 nunc
495 957 528 1004 et
539 942 622 1004 Jove
635 943 753 1006 missus
765 941 807 1006 ab
820 943 891 1032 ipso

33 1051 198 1135 Interpres
212 1045 323 1110 divom
338 1048 401 1112 lert
413 1047 547 1121 horrida
556 1047 646 1137 jussa
659 1070 720 1136 per
731 1071 836 1113 auras.

32 1154 159 1218 Scilicet
172 1154 198 1218 is
211 1153 342 1241 Superis
355 1153 449 1218 labor
462 1172 526 1234 est;
540 1177 578 1218 ea
590 1177 668 1220 cura
681 1156 811 1244 quietos

1011 294 1072 362 51³7

1058 355 1066 382 Ι

63 1331 116 1393 372.
136 1332 225 1392 inspicit
241 1331 333 1392 Menag.
346 1346 395 1391 pu,
411 1333 480 1378 etiam
499 1331 568 1378 hene.
579 1358 609 1367 —
622 1331 674 1394 373.
692 1335 813 1396 Nusquam
823 1342 858 1378 est
870 1341 884 1379 t.
899 1332 989 1398 aliquot
1002 1335 1077 1395 Pion,

31 1399 93 1447 male
106 1401 135 1446 ad
147 1402 267 1446 sententiar
276 1399 413 1446 brevitatem
423 1417 428 1446 ε
442 1400 504 1446 litore
514 1411 612 1464 epentem
621 1402 676 1446 oliru
684 1405 815 1466 junxerunt
824 1407 887 1450 Serv.
900 1419 923 1450 et
932 1407 1017 1463 Prisc,
1028 1425 1079 1454 nte-

29 1476 76 1519 rito
87 1472 241 1536 improbatum
249 1489 260 1516 a
269 1474 323 1518 viris
331 1471 419 1518 doctis:
431 1471 560 1529 lr'tore,est,
574 1477 598 1518 in
608 1473 689 1530 litore3
700 1475 746 1520 vid.
757 1478 882 1522 Burmann.
894 1477 931 1522 vel
941 1480 966 1524 iu
976 1477 1038 1526 litus.
1046 1504 1078 1518 -·

32 1543 85 1607 374.
106 1545 198 1608 Suscepi
215 1546 325 1590 Priscian.
345 1557 368 1590 et
386 1543 465 1590 Codex
478 1544 541 1606 apud
553 1546 627 1601 Pien,
641 1546 683 1592 sed
695 1545 810 1608 vulgatam
824 1547 893 1592 etiam
907 1551 994 1596 Seneca
1007 1551 1078 1598 habet

29 1615 72 1660 lib.
86 1617 129 1659 Vll
140 1616 168 1661 de
177 1617 259 1662 Benef.
271 1615 307 1672 ad.
319 1625 341 1660 et
350 1631 423 1680 repom
435 1619 488 1676 inp.
502 1615 571 1662 Goth.
584 1632 630 1678 sec.
640 1643 671 1652 -
681 1618 733 1678 375.
745 1619 846 1680 Ejectum
855 1618 884 1662 cl.
897 1621 968 1664 Prisc.
981 1621 1023 1665 lib.
1036 1624 1078 1668 Vll

29 1701 54 1732 ct
66 1703 117 1748 sup.
130 1704 215 1733 versu:
227 1687 318 1748 classim
328 1688 375 1734 duo
387 1690 465 1734 lleins.
476 1706 498 1734 v.
509 1703 560 1750 sup.
571 1687 601 1734 ad
611 1689 655 1744 111,
669 1690 690 1733 5.
706 1692 820 1752 sociosque
832 1689 881 1743 vel,
902 1699 951 1734 ets.
963 1690 1043 1747 multi,
1054 1705 1080 1738 ut

28 1757 91 1804 solet
102 1757 185 1820 copula
196 1758 257 1804 male
270 1759 366 1804 intrudi.
385 1759 464 1804 Potest
475 1757 513 1804 hic
526 1775 605 1806 versus
616 1771 669 1822 post
685 1761 829 1821 superiorem
845 1758 979 1820 languidior
988 1755 1063 1808 videri
1074 1777 1080 1808 ε

28 1831 111 1890 itaque
120 1829 168 1872 Jac.
182 1829 266 1894 Bryant
278 1831 306 1873 V.
320 1828 345 1874 C.
357 1845 410 1876 eum
421 1829 547 1876 delendum
559 1846 608 1876 esse
618 1829 735 1876 censebat.
746 1855 778 1864 -
787 1829 839 1892 376.
852 1839 932 1876 auctor
942 1831 972 1874 A.
986 1833 1077 1894 Hugeu.

27 1923 61 1932 —
74 1898 126 2013 377.
139 1907 162 1942 et
170 1899 234 1944 abest
243 1916 255 1943 a
265 1901 347 1944 Franc.
366 1899 394 1944 ab
411 1899 457 1944 alto
469 1899 508 1944 alt.
523 1898 604 1946 llamb.
618 1917 670 1946 cum
685 1901 739 1946 Exc.
750 1903 876 1946 Burmann.
889 1919 911 1946 v.
922 1917 973 1964 sup.
985 1902 1037 1948 356.
1049 1929 1082 1938 —

29 1969 86 2030 378.
114 1969 233 2034 urumfrrt
244 1971 313 2016 Gotlr.
324 1987 370 2016 sec.
384 1969 406 2015 Ιι.
424 1973 484 2016 dicta
496 1972 581 2017 Medic.
597 1985 620 2017 et
635 1971 710 2018 Colat.
723 1973 809 2018 Ursini.
824 1973 910 2020 Eadem
920 1975 1019 2020 varietas
1028 1990 1080 2037 sup.

26 2056 52 2084 v.
68 2038 120 2082 226.
131 2065 161 2073 -
173 2039 227 2102 379.
238 2035 271 2085 lrt's
283 2040 307 2085 S.
320 2039 383 2101 vulg.
402 2054 455 2086 ante
467 2043 528 2087 Pier.
539 2045 604 2088 etsie
620 2041 710 2104 aliquot
720 2043 789 2088 codd.
801 2060 838 2104 ap.
851 2045 929 2088 licius.
946 2041 979 2088 lu'c
992 2045 1081 2090 Probus

27 2121 54 2154 ct
64 2107 141 2154 Schol.
153 2107 220 2154 Statii
231 2127 269 2174 ap.
283 2109 354 2156 eund.
369 2105 468 2156 Versum
478 2112 565 2158 Fuscus
579 2113 691 2157 recitabat
706 2111 769 2174 apud
780 2113 891 2158 Senecam
902 2115 993 2157 Suasor.
1004 2130 1028 2176 p.
1042 2113 1079 2160 31.

26 2250 87 2302 scil.
103 2265 228 2324 tanquam
242 2250 345 2306 leniora
357 2253 530 2305 durioribus?
578 2251 630 2324 476
643 2272 718 2326 sqq.‚
731 2255 801 2305 forte
815 2265 841 2304 ct
853 2245 970 2302 Ariadne
983 2251 1081 2304 Catulli
1102 2307 1105 2311 ,

26 2330 70 2380 his
92 2332 156 2400 quid
180 2335 338 2402 praeferam?
357 2332 422 2404 quid
445 2335 528 2404 magis

26 2411 86 2480 pati
103 2411 200 2462 velim?
213 2413 241 2464 h.
258 2431 281 2466 e.
299 2415 397 2466 Annon
413 2413 469 2464 lraec
486 2429 530 2466 ex-

26 2504 114 2540 trema
127 2493 205 2541 sunt?
218 2492 360 2544 durissima
371 2506 397 2544 et
409 2495 531 2564 gravissi·

26 2589 87 2633 ma,
109 2570 205 2638 quibus
223 2573 439 2625 contumeliosius
457 2575 531 2642 quic·

26 2668 110 2720 quam
127 2669 161 2702 ne
176 2654 288 2723 cupitari
303 2653 411 2724 quidem
428 2654 531 2724 possit?

26 2743 55 2782 ut
76 2729 145 2782 adeo
166 2731 234 2784 illud
256 2733 347 2786 locum
364 2733 464 2786 habere
486 2753 531 2786 ue·

26 2822 118 2880 queat,
132 2811 245 2865 ferenda
256 2831 313 2866 esse
330 2813 386 2866 haec
402 2826 531 2885 tauquam

26 2890 156 2954 modica,
184 2909 219 2942 ne
245 2895 369 2962 graviora
399 2897 529 2964 experiar.

26 2973 103 3024 Hanc
117 2971 276 3024 sententiam
291 2971 356 3021 milri
369 2973 477 3040 quidem
493 2974 531 3023 lo-

26 3070 89 3114 cus,
102 3048 187 3100 verba
198 3062 224 3100 et
236 3051 295 3119 ipse
307 3051 421 3102 affectus
435 3065 530 3120 postu-

26 3133 82 3184 lare
88 3128 225 3180 videntur.
232 3129 320 3200 Vulgo
326 3131 472 3199 occipiunt,
481 3131 532 3195 vel,

26 3230 86 3282 quae
99 3211 191 3280 prius,
202 3228 260 3281 quae
270 3212 416 3280 posterius,
427 3209 534 3262 dicum?

26 3297 61 3346 ita
76 3306 104 3343 et
117 3291 239 3353 Serviusr
259 3292 315 3356 vel,
332 3311 390 3363 quae
403 3292 461 3344 aliis
473 3311 532 3345 ma-

26 3377 85 3438 iora
98 3372 206 3424 dicam?

59 3453 115 3520 373
127 3453 223 3520 --376.
243 3452 340 3505 Divina
360 3453 439 3523 plane
460 3451 531 3519 haec,

26 3533 223 3584 sententiarum
234 3545 260 3584 et
267 3533 409 3584 verborum
418 3535 532 3604 gravita-

26 3614 67 3664 te!
87 3611 122 3662 Et
137 3615 246 3664 omnino
260 3631 356 3683 magua
367 3615 486 3664 suavitas
498 3611 533 3664 ad

26 3693 144 3744 amantis
169 3692 286 3763 deceptae
310 3709 417 3744 sensum
440 3695 467 3744 in
490 3692 533 3744 his

26 3772 147 3842 querelis
157 3771 192 3824 de
202 3773 315 3843 perfidia
322 3787 349 3826 et
359 3776 464 3845 ingrato
477 3776 535 3826 aui-

26 3871 80 3902 mo.
106 3851 232 3902 Ceterum
256 3866 317 3906 aute
339 3854 431 3906 oculos
453 3855 534 3904 luisse

26 3932 137 3986 videtur
150 3935 266 4004 primurn
276 3935 391 4006 Calypso
401 3935 496 4007 Odyss.
510 3955 520 3984 r
527 3973 535 3996 ‚

27 4017 81 4067 130
97 4031 159 4082 sq.,
179 4025 234 4064 tum
250 4013 385 4084 Euripidis
402 4015 534 4068 Medeam

106 4118 130 4150 2.

578 2335 607 2384 iu
614 2333 730 2405 Epithal.
745 2335 858 2404 149sqq.
868 2332 942 2404 repni
955 2331 983 2382 iu
990 2343 1083 2402 parte:

579 2431 639 2484 sup,
666 2415 725 2480 214.
750 2414 888 2464 dominum
918 2413 1025 2462 AEueon
1052 2411 1081 2463 in

579 2512 659 2566 πςηα
670 2495 774 2565 recepit.
786 2493 917 2544 Amissum
927 2491 1032 2543 classem
1043 2491 1090 2543 scs

579 2578 705 2628 renovavi
715 2590 741 2627 et
751 2575 851 2626 reduxi.
860 2574 932 2629 Serv.
941 2595 947 2635 ;
959 2573 1081 2637 classem,

580 2658 683 2726 quain
705 2673 808 2708 summo
827 2653 980 2706 discrimine
993 2671 1082 2706 versa·

579 2736 673 2804 batur,
689 2749 718 2787 ut
735 2739 791 2806 jam
806 2752 857 2804 pro
876 2735 973 2786 amissa
988 2731 1083 2784 haberi

580 2828 685 2885 posset,
698 2834 752 2866 una
764 2832 825 2865 cum
836 2813 958 2880 Trojanis
975 2810 1011 2860 ad
1022 2811 1083 2864 locu

580 2893 736 2944 tutaretluci
739 2893 814 2961 jussi.
821 2891 910 2956 Quum
916 2889 972 2938 haec
979 2907 1084 2940 enume·

580 2985 664 3024 rasset
672 2975 700 3022 in
708 2972 819 3022 AEneam
831 2971 926 3022 merita
942 2987 972 3018 ac
985 2968 1084 3019 benefi-

583 3056 625 3104 cia
635 3071 683 3102 sua
693 3088 701 3116 ,
714 3051 808 3102 dolore
819 3063 845 3100 et
854 3051 934 3099 furiis.
943 3061 1023 3100 tantae
1033 3051 1083 3100 viri

581 3131 698 3201 perfidiae
716 3148 807 3182 amens
820 3129 945 3197 subjicit:
958 3130 1021 3178 Heu
1032 3129 1083 3178 Fu-

582 3211 626 3262 riis
641 3211 745 3260 incensa
752 3209 830 3278 feror
843 3215 853 3256 l
871 3209 949 3258 Nunc
965 3207 1084 3277 aliquan·

581 3289 628 3342 diu
641 3292 762 3342 oratione
781 3289 926 3339 subsistere
945 3288 1082 3358 putanda;

581 3373 650 3422 sicut
662 3371 771 3420 omnino
782 3387 832 3440 per
844 3367 983 3420 intervalla
995 3369 1084 3439 singu-

581 3451 613 3502 lae
625 3449 761 3501 sententiae
773 3446 988 3518 pronuntiandae.
999 3449 1084 3518 lupri-

581 3533 631 3582 mis
643 3531 696 3582 hoc
706 3529 850 3582 tenendum
862 3547 886 3580 v.
900 3527 969 3594 380,⁴
982 3541 1009 3580 et
1022 3542 1084 3600 pust

583 3612 643 3665 381.

619 3693 679 3764 378.
693 3692 753 3762 ³79*
766 3689 871 3742 ltorn'du
878 3692 971 3762 jussa,
986 3691 1084 3761 quibus

583 3792 678 3845 parere
702 3772 799 3843 aliquis
826 3772 936 3824 horreat
963 3770 1084 3839 adeoquo

584 3853 714 3906 hactenus
732 3853 862 3905 terribilia
884 3874 889 3902 ι
912 3850 1014 3922 quietos
1035 3867 1084 3919 pro

585 3953 641 3997 eos‚·
656 3948 683 3986 at
696 3947 797 4004 quanta
810 3951 874 4002 ¹cum
889 3934 915 3982 vi
927 3935 932 3980 l
947 3931 1086 3980 consentit

586 4015 745 4085 Epicureum
761 4013 872 4084 dogma,
887 4029 936 4063 neo
949 4021 1038 4062 tomen
1052 4011 1086 4063 acl
