2718 4598
394 311 459 372 An
484 307 686 372 uranum
710 308 759 370 11.
1037 309 1100 397 349

54 436 143 487 tibus:
162 432 258 506 Odyss.
276 433 312 493 θ,
330 433 389 502 517.
412 433 470 482 AEn.
492 432 541 496 Vl,
565 428 615 483 525
634 449 692 502 sqq.
714 428 808 482 Paride
822 441 910 482 autem
922 449 939 482 a
955 431 1102 486 Philoctete
1132 470 1135 475 -

55 519 162 582 occiso,
175 514 332 585 Deiphobus
345 505 474 564 Helenam
491 509 654 564 abduxerat:
675 531 699 562 v.
718 512 808 582 Eurip.
822 510 921 563 Troad.
939 512 989 582 952
1007 532 1046 584 sq.
1065 516 1100 566 ef.

55 596 159 646 Concu.
173 595 251 646 Narr.
272 593 307 660 34
326 604 357 644 et·
368 611 427 663 sup.
443 604 498 643 not.
513 591 583 643 adv.
598 592 658 643 310.
674 609 746 642 nunc
762 592 842 643 etiam
858 592 956 643 Jacobs
974 593 1008 644 ad
1017 595 1100 645 Taetz.

56 673 193 725 Posthom.
207 673 268 724 601.
283 690 342 742 7²9·
355 673 412 724 Nec
426 674 513 722 minus
526 671 692 722 luxuriarunt
716 671 889 742 Tragiporunr
902 673 1007 742 ingenia
1021 674 1048 723 in
1064 693 1105 724 re·

57 753 183 806 ducenda
193 753 313 806 Helena:
328 771 388 804 cum
400 754 530 804 Homerus
543 751 698 822 simpliciter
713 769 771 802 eam
784 769 844 801 cum
859 751 982 803 Menelao
990 751 1104 804 'domum

54 832 166 885 rediisse
176 842 318 883 narrasset.
332 829 392 881 Alia
404 847 461 882 esse
477 829 593 881 debuere
606 842 757 881 commenta
765 830 921 900 lyricorum,
939 844 968 882 ut
980 831 1103 896 Pindari,

54 910 200 962 Stesichori
213 907 224 978 (
236 911 311 978 cujus
331 910 382 959 fuit
399 909 529 977 κατηγορία
544 905 631 964 ‘Ess'nte
643 922 669 960 et
680 909 819 976 παλινῳδίαν
833 908 866 960 (10
883 928 936 980 qua
952 929 976 961 v.
990 912 1102 962 Pausan.

54 993 104 1056 Ill,
122 993 173 1063 19)
187 990 274 1061 lbyci,
288 989 440 1041 Simonidis.
458 991 492 1040 cf.
510 988 632 1040 Eustath.
646 989 681 1041 ad
695 989 771 1042 Iliad.
785 1011 809 1050 r,
822 989 883 1059 417.
898 989 1036 1062 Singulare
1048 1003 1105 1060 est,
1131 1049 1132 1052 Ἴ

55 1072 203 1142 quodcum
219 1069 391 1121 Antenoridis
408 1069 510 1121 Helena
522 1069 642 1142 Cyrenen
663 1071 815 1140 pervenisse
832 1082 976 1126 narratur:
996 1070 1102 1122 Pindar.
1130 1067 1132 1075 ’

54 1153 129 1224 Pyth.
142 1151 174 1216 5,
191 1167 247 1203 110.
262 1153 362 1202 Verum
373 1151 544 1203 Antenoridae
553 1165 630 1202 erant
642 1153 669 1202 in
683 1154 812 1202 comitatu
828 1150 958 1215 Menelai,
976 1170 1036 1202 cum
1050 1169 1103 1221 quo

55 1235 103 1286 illa
115 1236 184 1286 inter
196 1244 299 1285 ceteros
312 1251 431 1297 errores,
444 1253 493 1304 per
503 1250 570 1303 quos
580 1235 690 1284 maritus
697 1235 812 1302 jactatus
830 1233 893 1296 fuit,
907 1235 984 1284 etiam
995 1233 1105 1304 Lybiam

57 1315 130 1366 adiit.
150 1315 315 1386 Exposucrat
333 1313 390 1366 haec
407 1313 578 1385 Lysimachus
598 1314 620 1366 ἐν
637 1311 742 1369 Na‘raorc.
761 1314 795 1364 cf.
816 1311 904 1366 Sahal.
924 1312 959 1364 ad
972 1311 1102 1385 Lycophr.
1133 1348 1137 1357 .

58 1393 119 1464 874.

513 1553 654 1567 ψ

619 1576 623 1586 1

306 1694 673 1786 EXCURSUS
708 1696 853 1784 XIII.

253 1870 418 1936 Anchises
430 1869 571 1936 hanseris
583 1867 702 1934 AEneoe
717 1885 908 1956 asportatus.

99 2034 140 2096 11,
163 2027 312 2100 721—723
333 2028 398 2078 Hoec
413 2027 490 2098 fatus
502 2057 537 2067 -
555 2028 722 2099 Saecedoque
743 2029 823 2080 oncri.
848 2029 965 2081 Plurium
987 1999 1106 2086 veterani

46 2107 49 2112 ’
60 2121 293 2164 monumentorum
303 2120 397 2157 notum
405 2118 604 2178 argumentum,
615 2108 736 2176 inprimis
747 2125 910 2178 gemmarum
920 2122 946 2161 et
955 2128 1108 2177 numerum,
1192 2171 1194 2176 ,

58 2211 84 2242 v.
104 2190 221 2242 Fabrett.
235 2184 270 2238 ad
285 2185 352 2237 Tab.
366 2185 438 2236 lliac.
452 2203 479 2255 p.
494 2185 553 2254 373.
567 2184 633 2252 374,
646 2187 674 2235 in
687 2202 740 2254 qua
752 2204 778 2235 n.
797 2202 845 2254 ¹⁰9
856 2186 912 2237 haec
924 2188 1006 2238 etiam'
1019 2191 1107 2242 AEneae

58 2273 126 2341 fuga
141 2267 274 2330 occurrit,
287 2277 314 2316 et
331 2264 439 2334 quidem
458 2263 591 2315 Mercurio
605 2263 685 2325 duce;
706 2261 763 2330 (de
782 2270 842 2334 quo'
857 2284 881 2314 v.
905 2257 1105 2337 Disquis.11,'s.

60 2351 118 2399 Vll.
129 2349 140 2420 )
152 2359 179 2400 et
196 2345 288 2398 Saxius
305 2344 340 2411 ad
358 2343 499 2415 Virgilium
517 2344 609 2394 Justic.
630 2343 660 2391 T.
681 2344 729 2406 lV,
749 2362 809 2415 pag.
827 2345 869 2410 41.
883 2346 1022 2397 Praeiverat
1033 2345 1108 2398 haud

61 2429 144 2481 dubie
154 2429 223 2478 inter
234 2425 354 2498 Cyclicos
366 2423 481 2476 Lesches
491 2423 518 2473 in
525 2424 654 2474 ,extremis
664 2422 755 2487 libris,
770 2425 816 2493 qui
828 2423 876 2474 sub
886 2424 988 2475 Arctini
1000 2429 1108 2477 nomine

60 2510 202 2562 memorati
221 2519 282 2568 sunt
297 2505 392 2557 Proclo
403 2527 408 2556 :
421 2505 468 2556 ubi
485 2517 574 2556 tamen
593 2505 723 2555 maturius
742 2504 836 2556 urbem
855 2504 982 2576 relinquit
997 2507 1107 2567 AEneas3

62 2592 148 2642 serius
163 2588 235 2662 apud
252 2600 388 2651 nostrum,
403 2599 429 2637 et
446 2589 474 2636 in
486 2586 577 2652 Quint.
592 2584 693 2656 Smyrn.
707 2586 781 2650 Xlll,
798 2587 851 2638 300
863 2605 921 2657 sqq.
936 2584 997 2638 add.
1016 2588 1109 2639 Tzetza

60 2670 226 2722 Posthomer.
241 2670 300 2740 737.
314 2669 491 2720 Disertissime
502 2668 610 2737 exponit
622 2668 709 2717 AEnese
721 2664 867 2718 discessum
878 2686 909 2719 ex
922 2667 988 2718 urbe
997 2669 1108 2738 Dionys.

60 2752 160 2817 11011,
173 2750 216 2817 46.
230 2751 271 2820 47.
286 2763 311 2802 et
324 2747 432 2820 quidem
445 2767 477 2800 ex
490 2749 646 2813 Hellanico,
659 2760 688 2798 ut
700 2749 757 2818 ipse
773 2761 889 2800 testatur·
899 2768 921 2800 c.
937 2749 979 2816 48.
997 2747 1109 2818 Subjicit

61 2831 161 2884 deinde
182 2829 288 2882 diversa
307 2849 323 2881 a
341 2828 474 2900 Sophocle
487 2831 514 2879 in
533 2830 703 2894 Laocoonte,
716 2839 742 2879 et
761 2847 777 2879 a
798 2830 958 2880 Menecrate.
972 2829 1007 2877 Ut
1020 2839 1109 2878 autem

60 2910 180 2963 humeris
191 2907 369 2980 asportandus
379 2920 448 2959 esset
458 2907 600 2971 Anchises,
612 2926 666 2958 non
675 2920 730 2959 tam
738 2907 875 2976 decrepita
883 2915 1017 2969 senectus,
1029 2923 1110 2975 quam

61 2990 213 3042 debilitatio
226 3008 258 3042 ex
269 2989 387 3042 fulminis
400 2987 492 3039 afflatu
507 2989 643 3040 effecerat.
659 3007 684 3038 v.
697 2990 760 3040 Exc.
780 2989 859 3038 XVII.
879 2988 1028 3039 Observare
1047 2985 1110 3036 licet

60 3073 143 3121 etiam
155 3072 183 3120 in
194 3071 304 3142 gemmis
316 3067 451 3119 nonnullis
461 3064 489 3118 co*
499 3063 603 3125 βύσσινον
616 3065 687 3136 φάρος
707 3072 734 3120 10
746 3068 867 3120 Anchisae
879 3081 953 3138 tergo
968 3066 1108 3128 fluctuans,

61 3150 138 3219 quod
150 3148 296 3220 Sophocles
306 3149 332 3197 in
342 3147 490 3198 Laocoonte
499 3160 639 3198 notaverat
651 3166 692 3218 ap.
705 3149 812 3219 Dionys.
823 3147 908 3199 Halic.
918 3149 946 3211 l,
957 3146 999 3212 48.
1011 3144 1044 3196 (10
1055 3160 1108 3214 quo

30 3259 33 3264 ·
62 3248 86 3279 v.
100 3230 218 3299 Disquis.
233 3228 270 3291 11,
281 3244 300 3276 a.
314 3228 347 3276 V.
361 3238 386 3278 et
399 3227 446 3277 inf.
459 3226 522 3276 Exc.
536 3225 616 3276 XVII.
1073 3263 1076 3272 .

518 3404 659 3418 —vu

317 3525 684 3617 EXCURSUS
719 3526 860 3615 XIV.

489 3698 543 3763 De
558 3698 689 3764 Creusa.

101 3865 140 3928 11,
155 3859 206 3932 735
221 3861 313 3912 Creusa
330 3861 357 3911 in
369 3847 508 3932 Polygnoti
520 3859 613 3912 tabula
626 3858 697 3931 apud
714 3857 832 3930 Delphos
846 3861 914 3911 inter
927 3863 1045 3931 captivas
1055 3873 1113 3914 erat

64 3942 161 3994 relata.
178 3959 201 3989 v.
215 3939 291 3990 Paus.
305 3939 341 4002 X,
356 3940 404 4006 26,
415 3940 462 3990 ubi
477 3938 568 4003 addit,
582 3940 727 3991 secundum
738 3939 803 3990 alios
816 3960 874 3992 earn
885 3951 1012 4011 tanquam
1025 3944 1112 3992 AEneae
1188 3984 1191 3998 ,

66 4038 180 4074 uxorem
193 4036 242 4090 per
254 4017 365 4073 deorum
377 4019 490 4076 Matrem
503 4038 534 4074 ac
545 4020 676 4080 Venerem
694 4038 709 4074 a
726 4022 852 4076 servitute
864 4021 945 4074 fuisse
962 4019 1111 4073 liberatam.
