2656 4592
206 261 267 332 552

450 260 485 324 P.
509 249 741 320 VIRGILll
764 253 1003 322 Maeonis

202 387 280 449 Ulta
292 385 412 461 virum,
427 403 540 470 poenas
551 380 685 444 inimico
697 401 716 442 a
728 379 827 442 fratre
841 380 972 466 recepi:
1070 467 1073 470 Ι

203 491 307 568 Felix,
320 489 387 553 heu
399 488 538 551 nimium
550 485 641 565 felix,
655 486 683 549 si
695 483 791 548 litora
802 501 932 550 tantum
955 565 960 571 ¹
1045 541 1048 546 .

203 599 379 685 Nunquam
391 593 564 658 Dardaniae
576 592 759 678 tetigissent
768 597 881 656 nostra
893 591 1032 656 carine!

204 706 308 783 Dixit3
320 719 365 783 et,
379 725 416 767 os
428 703 586 790 impressa
598 718 685 778 toro,
699 701 882 772 Morientur
893 699 1028 764 inultae!

203 813 268 880 Sed
281 811 473 890 moriamur,
486 812 540 875 ait.
553 811 619 889 Sic,
633 811 680 874 sic
687 809 781 898 juvat
793 810 841 872 ire
853 807 915 873 sub
928 807 1079 872 umbras.
1217 819 1260 868 tto

205 917 341 982 Hauriat
352 916 443 980 hunc
453 915 555 980 oculis
569 916 679 1002 ignem
691 913 834 980 crudelis
845 913 887 978 ab
900 915 967 978 alto

204 1026 391 1105 Dardanus,
405 1042 438 1090 et
449 1043 569 1090 nostrae
580 1048 694 1090 secum
706 1026 789 1090 ferat
801 1024 911 1088 omina
923 1024 1054 1088 mortis.

338 1098 347 1144 i

235 1194 289 1240 656.
305 1211 319 1238 a
333 1194 397 1240 abest
406 1193 509 1240 a'multis
520 1195 580 1240 Pier.
593 1195 719 1249 ceticius,
730 1193 798 1240 male.
809 1193 903 1256 efretue
912 1193 1006 1253 Hugen.
1017 1192 1096 1236 Porro
1106 1192 1190 1236 Burni.
1201 1192 1257 1250 conj,

205 1265 285 1311 Poenos
296 1269 382 1312 mimico
392 1265 486 1328 afiutre
496 1269 581 1328 recepi,
592 1269 712 1326 ingeniose
721 1266 829 1328 quidem;
838 1265 880 1312 sed
891 1267 960 1310 nimis
969 1263 1041 1309 iorte.
1053 1280 1077 1308 v.
1089 1265 1146 1308 Not.
1159 1262 1256 1307 Tandem

205 1350 251 1383 tres
261 1353 298 1398 ap.
308 1339 385 1381 Burni.
396 1354 417 1382 v.
428 1337 473 1382 656
481 1331 628 1383 antecedenti
640 1351 788 1400 praeponunt.
797 1337 888 1383 -660.
898 1339 944 1382 Sed
951 1338 1077 1380 moriemur
1086 1347 1193 1397 quatuor
1202 1333 1257 1394 apud

205 1411 283 1454 Burm
297 1410 322 1454 Si
331 1412 363 1453 sic
373 1409 434 1454 Gud.
448 1425 501 1454 am.
512 1426 547 1471 pr.
561 1411 613 1454 Sic?
624 1413 655 1454 sie
663 1413 682 1472 j.
693 1410 783 1456 Fabric.
796 1409 896 1471 legebat.
913 1407 961 1454 Sed
971 1418 1037 1452 recte
1048 1409 1182 1450 Burmann.
1196 1405 1257 1450 docet

205 1495 267 1537 esse,
276 1479 313 1525 vel
322 1483 353 1526 sic
365 1495 460 1545 quoque.
470 1507 503 1518 -
513 1482 567 1527 661.
580 1485 652 1545 ignem
661 1480 732 1528 oculis
741 1481 799 1528 alter
809 1481 890 1526 liamb.
902 1479 997 1524 -662.
1007 1487 1031 1524 et
1043 1481 1135 1522 misere
1145 1475 1211 1540 1κεὶιίἲ
1221 1491 1256 1520 un.

206 1627 262 1679 ulta
272 1628 355 1680 virum
363 1669 372 1694 ,
380 1630 433 1681 vid.
443 1649 501 1702 sup.
510 1633 534 1695 l,
545 1631 702 1697 360-364.

203 1726 294 1779 poenas
306 1710 405 1780 recepi,
421 1729 490 1762 nove
503 1711 588 1775 forte,
602 1730 650 1762 nec
664 1723 703 1760 ta·

205 1807 266 1840 men
279 1789 423 1841 insolenter
434 1810 498 1860 pro,
519 1793 593 1860 cepi,
612 1793 702 1842 sumsi.

204 1869 274 1920 Bene
287 1871 414 1940 Pompon.
426 1870 487 1922 sab.
499 1871 601 1940 recepi,
615 1870 648 1922 ad
661 1870 705 1921 de·

205 1949 291 1999 bitum
310 1950 432 2000 refertur.
453 1946 528 1999 Felix
548 1948 612 1998 laeui
628 1949 706 2000 Com-

204 2041 283 2099 pamt
293 2027 397 2079 Servius
405 2027 501 2080 Catuli.
510 2028 558 2094 64,
576 2047 620 2098 ¹7¹
634 2047 704 2099 sqq.‚

205 2120 232 2158 et
244 2106 277 2157 de
289 2109 436 2159 imitatione
449 2107 524 2159 Statii
538 2110 573 2159 lll
590 2107 651 2158 Silv.
672 2109 704 2173 3,

207 2184 240 2237 25
254 2184 313 2237 vide
324 2187 466 2238 Burmann.
480 2187 566 2238 Etiam
578 2186 703 2256 Apollon.

205 2262 253 2329 lv,
270 2265 319 2330 33,
332 2266 380 2318 sed
391 2269 478 2318 minus
490 2280 583 2318 ornate
597 2269 644 2339 (1).

241 2345 399 2414 659-662.
412 2349 511 2398 lterum
523 2348 604 2398 animi
617 2349 706 2420 magni

207 2437 233 2476 et
249 2425 358 2494 superbi
369 2424 437 2486 hoc;
457 2439 501 2489 ut,
520 2425 660 2496 ingloriam
670 2423 707 2478 'et

205 2505 317 2576 inultam
335 2523 362 2556 se
375 2508 456 2571 mori,
475 2506 527 2556 hoc
539 2507 581 2556 vel
593 2509 706 2558 maxime

205 2596 315 2655 pungat.
325 2584 445 2636 Tandem
452 2604 502 2655 pro
513 2585 614 2636 ultione
624 2585 707 2636 habe·

206 2675 249 2714 tur
261 2665 354 2726 saltem
366 2664 432 2726 hoc,
448 2664 521 2732 quod
532 2677 705 2734 conspectum

206 2757 258 2791 suae
271 2744 376 2806 mortis,
390 2755 415 2794 et
423 2760 483 2792 cum
489 2741 542 2794 hoc
551 2745 704 2812 spectaculo

205 2819 321 2891 perfidi-e
330 2823 522 2892 poenitentiam,
531 2822 664 2892 objectum
673 2825 705 2874 iri

205 2901 293 2954 AEneae
315 2904 422 2976 cogitat.
445 2920 471 2954 os
492 2903 613 2974 impressa
634 2914 704 2968 toro,

236 3055 272 3112 (il
291 3053 403 3100 «Perlato
420 3055 449 3100 ad
467 3071 521 3111 nos,
539 3056 593 3102 dum
612 3055 662 3102 haec
680 3059 705 3101 in

102 3157 119 3174 ,
206 3125 313 3169 manibus
332 3137 397 3180 sunt,
417 3128 550 3187 gravissimo
571 3129 655 3171 nuntio
675 3126 705 3172 de

205 3209 279 3262 morte
301 3196 463 3252 Monetium,
484 3197 621 3244 immortalis
643 3200 705 3253 viri,

206 3281 258 3311 oram
267 3267 386 3328 perculsus
395 3269 484 3330 ingenti
494 3267 560 3313 luctu
566 3269 657 3314 animus
666 3271 706 3314 vir

206 3336 305 3383 ulterius
315 3339 428 3401 progredi
440 3343 465 3384 in
478 3355 550 3401 apere
560 3351 652 3402 potest,
662 3339 712 3400 dop.

206 3405 251 3455 lori
270 3422 357 3455 nestro-
370 3410 407 3457 rel
430 3409 508 3458 alieno
526 3409 580 3458 loco
599 3408 710 3476 paullum¹

205 3476 328 3538 indulgere
344 3480 420 3526 liceat.
439 3482 504 3525 Vicit
515 3493 538 3526 et
554 3483 585 3536 is,
598 3483 665 3536 vixit,
683 3493 707 3526 et

146 3608 149 3619 Ι
205 3561 309 3610 cursum,
322 3560 344 3592 at
356 3565 426 3610 quam
439 3549 579 3610 gloriosum!
593 3567 663 3614 quam
676 3551 706 3598 ad

208 3632 300 3662 omnum
316 3621 457 3679 posteritatis
469 3623 604 3668 memoriam
616 3638 706 3667 memo-

207 3685 319 3732 rabilem!
330 3681 424 3752 ¹peregit.
435 3689 528 3736 Poterat
541 3703 563 3736 et
576 3689 707 3737 Menelaite-

207 3760 254 3804 s'ius
273 3774 315 3804 suo
331 3762 384 3822 jure
400 3759 498 3804 Didonis
518 3761 594 3808 verbis
612 3765 660 3807 uti:
676 3763 709 3806 Et

208 3843 267 3873 nunc
278 3845 358 3894 meque
374 3833 418 3875 mei
431 3827 472 3874 sub
486 3839 557 3875 terras
568 3831 608 3877 ibit
621 3835 692 3896 imaqo
699 3851 707 3886 ‚·

210 3913 278 3961 quam
289 3902 352 3944 enim
364 3901 477 3960 majorem
486 3900 591 3945 umbram
603 3905 707 3947 inveniat

210 3971 271 4016 inter
281 3985 331 4028 eoa,
342 3975 383 4033 qui
389 3975 457 4018 utam
464 3970 580 4018 excoluere
587 3987 630 4034 per
637 3981 705 4028 artes,

752 1631 808 1682 scil.
822 1631 924 1702 percita
936 1631 1045 1693 furore,
1060 1627 1150 1678 salute
1168 1625 1259 1695 despe-

752 1723 823 1776 rata,
836 1725 862 1762 et
873 1721 959 1760 morte
969 1709 1069 1759 vicina.
1083 1708 1148 1757 Non
1159 1708 1229 1757 enim
1239 1707 1259 1756 is

754 1803 810 1842 erat
823 1792 879 1858 jam
892 1791 988 1840 mentis
999 1787 1128 1853 babitus,
1143 1798 1173 1836 ut
1186 1802 1258 1836 exos·

754 1871 837 1920 eulari
845 1869 905 1920 illas
915 1869 1026 1919 exuvias
1031 1866 1103 1918 velle
1108 1865 1196 1916 videri
1203 1881 1259 1934 pos-

753 1964 807 2014 set,
830 1969 917 2020 neque
940 1949 1040 2012 verba,
1066 1965 1126 2018 quae
1148 1947 1260 2010 effatur,

753 2030 806 2082 tale
815 2029 879 2100 quid
889 2039 1019 2100 arguunt;
1033 2025 1083 2078 sed
1093 2044 1141 2076 ore
1151 2025 1259 2094 impres-

754 2129 798 2174 so,
817 2129 870 2181 prae
890 2110 971 2160 animi
996 2106 1139 2158 doloreiu
1159 2119 1259 2168 torum,

755 2191 798 2241 cui
807 2188 935 2252 incubat,
945 2189 1082 2250 immisso,
1093 2184 1152 2236 haec
1162 2185 1260 2254 eloqui·

754 2281 805 2320 tur.
819 2298 852 2306 -
865 2267 926 2319 660.
949 2266 1011 2316 661.
1035 2264 1128 2316 Inulta
1148 2265 1257 2323 moriam

754 2347 834 2398 modo
854 2347 892 2396 sic
913 2347 1030 2410 moriar,
1052 2357 1082 2406 ut
1104 2343 1201 2396 saltem
1217 2342 1257 2393 ille

733 2489 734 2492 Ἴ
754 2427 862 2480 hauriat
872 2438 921 2476 eto.
930 2427 1004 2476 Inter
1011 2425 1068 2476 haec
1075 2424 1162 2476 verba
1173 2440 1257 2476 ensem

756 2507 790 2558 ab
799 2505 845 2558 illa
852 2507 955 2574 pectori
966 2505 1101 2576 applicari
1110 2515 1187 2574 puta.
1197 2504 1256 2556 Dar·

755 2587 838 2638 danus
850 2583 943 2654 paullo
956 2583 1117 2634 insolentius
1129 2601 1181 2654 pro
1193 2583 1256 2632 Dar·

755 2665 863 2728 danius,
877 2664 925 2716 sed
937 2675 964 2715 et
976 2665 1111 2714 Homerus
1126 2685 1132 2711 :
1147 2659 1256 2728 Δάρδανοι

755 2741 822 2811 trip
836 2757 862 2794 et
870 2745 907 2794 sic
915 2743 977 2794 alia.
986 2773 1023 2782 -
1030 2743 1091 2796 662.
1101 2740 1255 2812 Splendida:

755 2843 787 2876 ex
801 2841 865 2878 meae
887 2825 980 2874 mortis
1000 2821 1103 2872 indicio
1119 2841 1152 2874 ac
1169 2822 1257 2872 nuntio

755 2905 901 2955 infaustum
918 2921 998 2954 omen
1010 2905 1144 2976 navigans
1163 2901 1208 2953 ille
1221 2919 1256 2951 se·

756 3053 843 3120 Quique
855 3059 892 3100 sui
902 3070 1011 3102 memores
1022 3054 1079 3102 ahos
1087 3053 1168 3118 fecere
1178 3068 1258 3098 meree-

754 3125 782 3170 do
794 3127 855 3185 (vt,
867 3125 921 3172 663.
934 3125 1014 3184 6620?
1031 3125 1119 3170 Urbem
1130 3123 1258 3188 preclaram

755 3199 827 3240 statui
832 3213 840 3250 ,·
850 3205 900 3240 eree
909 3199 991 3241 moem'o
1000 3197 1054 3240 vidi.
1066 3195 1132 3254 Quid
1142 3195 1219 3240 enirn?
1227 3196 1258 3238 vi·

755 3266 789 3311 dit
798 3267 925 3328 Geergiam
933 3267 1061 3330 Augustam
1073 3279 1148 3312 suam.
1160 3287 1172 3306 ι
1184 3264 1259 3310 Belin·

755 3353 802 3398 qno
821 3336 885 3394 hunc
902 3336 981 3382 locam
995 3353 1016 3382 a.
1031 3337 1094 3381 Lxx
1106 3337 1258 3398 persoeiptuu

755 3409 781 3454 in
792 3406 865 3452 altera
877 3407 920 3454 hac
932 3409 1073 3454 recensione
1086 3409 1213 3461 intactum,
1222 3418 1257 3458 nt,

756 3489 870 3541 quantum
885 3495 928 3540 per
941 3491 979 3524 me
993 3479 1046 3526 fieri
1061 3481 1148 3541 possit,
1164 3475 1257 3527 Muticit-

756 3549 815 3598 tuse
823 3551 923 3598 nominis
931 3551 1028 3598 caritate
1038 3553 1111 3598 etiam
1123 3549 1203 3598 tenelli
1211 3549 1257 3594 ani-

755 3623 788 3666 mi
799 3619 941 3666 imbuantur.
954 3623 977 3665 Si
988 3621 1049 3684 quid
1059 3621 1151 3666 fructus
1164 3633 1188 3666 et
1199 3618 1257 3667 utili-

756 3693 809 3739 tatis
821 3706 849 3734 ex
864 3689 908 3736 hac
925 3704 1001 3753 poetae
1017 3693 1214 3754 interpretatione
1230 3688 1257 3734 ad

756 3779 797 3809 vos
814 3761 891 3818 redit,
908 3779 923 3808 o
938 3763 1008 3819 honi,
1022 3766 1094 3815 etiam
1110 3767 1162 3826 ejus
1173 3775 1257 3828 partem

757 3831 858 3896 aliquam
875 3835 913 3879 isti
931 3835 982 3880 viro
1000 3849 1042 3882 vus
1063 3835 1152 3881 debere
1173 3846 1255 3896 putate.

755 3906 823 3950 Nunc
830 3929 861 3940 -
869 3907 904 3963 (ut
913 3921 967 3950 enm
975 3907 1050 3953 Statio
1060 3906 1157 3970 loquer)
1167 3907 1258 3970 Irp‘enor

755 3975 817 4027 vehat
826 3977 905 4022 umbra
913 3977 971 4026 deo!
