2742 4586
288 323 346 412 „3
408 321 412 344 ,
621 309 993 394 excursosrv¹

281 465 351 508 rem,
371 437 546 508 multomagis
570 446 599 485 ut
618 434 652 486 ad
674 436 818 503 majorem,
837 431 924 483 delata
944 431 1308 506 Trojanorumclassis'pers
1360 423 1361 502 l

280 523 375 586 fuerit,
395 537 455 570 curn
468 517 549 568 altera
560 531 621 584 pars
633 514 710 578 Aris,
727 513 754 564 h.
767 530 789 562 e.
804 509 895 562 insulis
912 509 1064 582 Carthagini
1077 510 1211 577 obversis,
1225 512 1309 564 adhae-

281 605 364 655 sisse„
388 601 468 649 porro
488 606 641 666 tempestate
663 591 755 644 sedata
774 593 879 659 jactatae
894 607 974 640 naves
988 608 1013 640 v.
1030 588 1078 642 158
1088 591 1211 660 proximu
1233 590 1308 642 litora
1360 599 1361 616 *

278 695 368 754 petere
389 678 525 737 dicuntur;
548 687 574 726 et
585 672 727 744 {appellunt
746 689 808 722 sane
829 668 879 721 illae
903 669 937 722 ad
958 667 1164 742 Carthaginense
1179 671 1252 723 litus.
1276 673 1308 722 At
1360 729 1361 734 ,

280 770 407 832 quantum
429 756 513 807 litoris
531 753 582 806 hoc
601 763 668 804 esset
681 748 847 802 intervallum
868 751 936 800 inter
957 747 1145 820 Carthaginem
1168 761 1194 800 et
1213 749 1308 821 Syrtim
1360 765 1361 796 i

278 844 408 894 minorem
419 853 497 899 3nam
509 835 593 901 major
608 830 690 882 multo
703 833 781 882 etiam
794 829 897 900 longius
909 841 1019 880 remota.
1032 829 1091 895 Quo
1113 829 1244 895 efficitur,
1265 843 1307 895 ut,
1360 831 1361 880 Ῑ

278 922 420 988 njsipoeta
436 908 822 983 dormitavit(quodfereest,
840 920 870 958 ut
885 910 1013 974 verearis,
1032 910 1053 958 si
1068 909 1101 960 ef.
1115 910 1151 973 V,
1175 911 1307 978 192.vr1‚
1360 921 1361 970 ἶ

277 999 335 1050 302,
354 997 402 1057 Vl,
415 994 449 1046 60
459 1010 518 1044 oum
527 990 565 1056 V,
579 989 619 1044 51.
634 990 678 1053 IV,
690 989 757 1060 41),
769 987 855 1059 Syrtes
868 987 961 1038 saltem
974 987 1131 1058 appellative
1144 985 1177 1038 de
1191 991 1306 1038 arenosis
1360 985 1361 998 ¹

252 1067 254 1072 .
275 1077 340 1129 locis
353 1075 552 1145 quibuscunque
563 1070 735 1139 accipiamus3
750 1086 829 1139 quem
839 1069 866 1119 in
876 1067 983 1118 modum
995 1067 1080 1138 Syrtin
1092 1067 1179 1132 illam,
1189 1068 1216 1118 in
1228 1087 1306 1138 qnam
1360 1085 1361 1120 ὲ

275 1156 376 1208 iuuenis
395 1156 468 1208 timet
479 1154 552 1204 nevis
564 1150 760 1203 Paulum·vecta
769 1149 826 1198 Act.
842 1147 891 1218 Ap'.
906 1149 1016 1215 XXVll,
1031 1163 1077 1218 17,
1101 1146 1203 1202 deloco
1217 1150 1305 1219 aliquo
1360 1177 1361 1182 ¹

277 1251 388 1288 arenoso
405 1235 475 1284 circa
488 1229 606 1282 Glauden
622 1229 752 1293 insulam,
771 1246 826 1278 non
847 1227 880 1278 de
898 1230 999 1300 magnis
1020 1227 1153 1298 Syrtibus,
1175 1231 1307 1298 accipien—
1360 1257 1361 1260 ¹

275 1313 338 1366 dam
347 1325 478 1384 putamus.
491 1311 581 1362 Fuisse
595 1310 675 1379 igitur
687 1309 756 1358 inea
766 1300 844 1358 maris
857 1319 948 1376 parte,
961 1309 1030 1358 circa
1042 1307 1108 1360 Aras
1121 1324 1167 1358 seu
1178 1309 1305 1378 AEgimuri
1360 1339 1361 1382 3

274 1393 373 1447 insulas
381 1391 463 1464 ,loca
473 1407 584 1442 arenosa
593 1386 754 1440 eredendum
765 1399 817 1446 est,
830 1388 858 1436 in
871 1403 927 1456 quae
939 1404 1000 1457 pars
1012 1388 1119 1439 narium
1130 1387 1304 1456 Trojanarum
1360 1391 1361 1410 ³

274 1471 375 1530 incidit.

563 1765 922 1854 EXCURSUS
957 1755 1010 1854 V.

368 1943 535 2028 Nepumo
546 1941 688 2027 graviter
700 1953 871 2006 commotus
885 1935 1204 2045 utumquephudio.
1233 2007 1235 2011 ,

304 2102 334 2164 I,
353 2099 505 2165 lai—129·
519 2095 622 2146 Interea
635 2113 729 2166 magno
742 2094 842 2148 misceri
853 2106 1103 2166 murmurepoutum
1119 2097 1300 2171 Emissamquc
1360 2083 1361 2090 i

271 2180 373 2232 hiemen
382 2176 459 2228 sensit
468 2175 607 2244 Neptunus
618 2185 644 2224 ct
655 2171 713 2224 imis
725 2175 821 2246 Staqua
830 2173 915 2243 refusa
928 2175 1014 2226 sudu.-
1027 2178 1141 2246 graviter
1151 2193 1300 2232 commotus

268 2270 295 2310 et
305 2257 358 2309 alto
371 2254 533 2326 Prospiciens
548 2271 648 2304 summa
665 2252 800 2322 placidum
817 2265 896 2323 caput
908 2251 1000 2311 exulte
1020 2255 1098 2308 unda.
1120 2256 1170 2306 Hic
1184 2259 1301 2327 praviter

267 2346 427 2398 commotus,
443 2336 497 2397 ira,
517 2343 543 2385 et
563 2341 642 2400 caput
657 2329 793 2402 placidum
814 2331 913 2386 habere
933 2333 1055 2386 videntur
1075 2335 1161 2406 primo
1184 2337 1297 2404 obtutu,
1360 2367 1361 2378 κ

267 2415 339 2489 quod
351 2414 401 2464 sibi
412 2421 547 2482 repugnet.
560 2403 740 2464 Observarunt
749 2413 805 2478 jam
817 2411 899 2465 alii'et
915 2429 1000 2485 nuper
1015 2412 1056 2463 ΠΙ.
1072 2414 1181 2474 Homius
1194 2417 1222 2468 in
1240 2417 1297 2470 Ele·
1360 2429 1361 2486 l

266 2507 348 2548 ment:
359 2493 447 2543 Critic.
463 2493 518 2541 Nee
536 2501 624 2542 tamen
641 2490 749 2544 defuere
758 2493 813 2560 J'am
824 2491 886 2542 olim
897 2495 942 2562 qui
951 2492 1129 2549 defenderent.
1143 2495 1196 2547 Sed
1208 2497 1296 2550 Gram-

268 2576 425 2626 matieorum
447 2582 565 2622 veterum
590 2568 722 2622 levissima
751 2583 790 2626 est
814 2572 899 2636 ratio,
928 2585 957 2627 ut
980 2572 1091 2626 alterum
1119 2575 1155 2626 ad
1174 2577 1294 2642 AEolum,
1360 2565 1361 2602 ἶ

266 2653 377 2706 alterum
390 2660 511 2721 respectu
531 2650 632 2714 AEneae,
650 2649 749 2705 dictum
761 2653 802 2701 sit.
821 2650 957 2707 Artificum
977 2664 1079 2720 autem,
1098 2654 1195 2723 quibus
1215 2658 1294 2708 animi

266 2743 352 2786 motus
364 2731 391 2785 'tu
404 2729 513 2782 deorum
525 2745 570 2782 ore
583 2729 619 2801 ita
627 2741 687 2780 sunt
695 2729 873 2802 exprimendi,
883 2749 916 2786 ne
928 2729 1034 2802 placida
1045 2733 1160 2783 numinis
1170 2735 1293 2802 majestas

265 2811 326 2864 inde
347 2812 497 2872 minuatur,
519 2809 637 2879 exemplo
659 2821 684 2860 et
702 2811 823 2874 ratione,
845 2810 880 2862 ad
902 2829 980 2882 quam
997 2810 1123 2880 Spencius
1145 2829 1292 2882 provocat,

263 2893 331 2944 tueri
343 2901 449 2961 poetam
461 2887 550 2940 nolim.
563 2889 631 2946 Nam
647 2888 750 2943 diversa
759 2903 800 2942 est
811 2891 838 2941 in
850 2889 892 2942 his
905 2893 1021 2962 poetices
1034 2903 1060 2944 et
1071 2891 1196 2962 plastices
1206 2898 1292 2963 ratio,

263 2983 342 3042 atque
354 2967 465 3021 indoles.
479 2966 577 3019 Plastes
589 2970 660 3019 enim
671 2969 713 3020 rel
725 2970 811 3040 pictor
823 2971 889 3025 iram
901 2973 980 3028 etiam
990 2971 1089 3041 placidi
1101 2973 1189 3027 vultus
1205 2979 1292 3047 expri-

262 3068 333 3104 mere
343 3058 445 3120 potest;
458 3058 483 3096 et
495 3047 522 3101 iu
534 3046 651 3116 Neptuni
661 3066 705 3100 ore
718 3050 785 3104 irain
795 3051 832 3106 ita
841 3051 915 3121 pingi
926 3067 1023 3120 posse,
1045 3063 1074 3103 ut
1085 3050 1187 3122 placidi
1204 3055 1290 3108 vultus

261 3131 372 3201 uestigia
391 3145 445 3180 non
462 3124 542 3176 modo
565 3141 706 3192 maneant,
728 3148 819 3182 verum
838 3131 917 3188 etiam
930 3133 1015 3202 ipsum
1026 3134 1092 3182 iram
1104 3144 1253 3203 temperent
1265 3149 1291 3188 et
1341 3191 1345 3200 .

261 3211 396 3278 mitigent,
414 3223 491 3258 nemo
512 3203 623 3274 dubitat.
647 3207 744 3260 Verum
764 3221 859 3278 poeta,
878 3228 937 3262 cum
955 3210 1069 3281 praviter
1088 3223 1248 3276 commatum
1265 3227 1291 3266 et

258 3286 393 3356 placidum
405 3283 537 3356 sigillatim
545 3300 626 3334 unum
638 3299 699 3355 post
712 3287 822 3342 alterum
832 3291 921 3358 ponit,
932 3289 1040 3346 diversis
1051 3292 1132 3354 animi
1141 3303 1248 3346 sensum
1259 3314 1289 3346 ae

260 3368 451 3420 contrariarum
471 3381 559 3414 rerum
583 3365 741 3436 imaginibus
761 3369 888 3439 impellit,
921 3368 1040 3439 adeoque
1061 3369 1174 3422 alterum
1206 3373 1288 3437 altero

261 3442 388 3494 subeunte
398 3440 509 3512 jugulat.
521 3442 632 3507 Dixeris,
648 3462 717 3516 nuuc
730 3461 785 3500 esse
797 3445 944 3516 placidum,
957 3466 1017 3502 cum
1029 3460 1107 3502 antea
1122 3451 1217 3505 fuisset
1229 3469 1290 3522 pru·

260 3521 326 3570 niter
335 3530 482 3578 commotus.
495 3519 576 3588 Atqui
587 3519 653 3574 nihil
664 3523 749 3574 evenit
760 3527 839 3590 novi,
859 3545 912 3596 quo
924 3527 1053 3596 placatior
1064 3525 1141 3580 reddi
1152 3532 1287 3598 potuerit:

257 3598 360 3650 viderat
382 3615 452 3650 mare
467 3597 615 3660 turbatum;
634 3603 763 3673 prospicit
774 3616 800 3654 et
817 3605 889 3658 videt
906 3605 1041 3675 disjectam¹
1053 3608 1138 3658 AEneae
1157 3608 1287 3669 classem:

259 3675 323 3746 quid
338 3677 366 3725 in
384 3674 436 3744 hoo
452 3689 523 3743 erat,
536 3695 588 3747 quo
607 3678 748 3748 exhilarari
759 3687 866 3752 posset?
884 3683 1021 3740 Meliorem
1030 3677 1161 3742 rationem
1174 3705 1206 3739 ac
1217 3689 1287 3740 viam

256 3752 416 3805 defendendi
440 3767 524 3824 poetae
546 3757 734 3827 suppeditabat
756 3763 930 3828 Braudesius,
954 3765 1000 3815 Vir
1022 3781 1158 3830 summus,
1190 3768 1287 3820 auum

254 3831 441 3901 literarumque
459 3834 612 3904 politiorum
631 3841 749 3908 egregius
772 3843 888 3910 arbiter,
913 3863 970 3898 cum
990 3855 1015 3894 et
1034 3845 1098 3912 ipsis
1120 3847 1208 3914 poetis
1227 3865 1287 3898 eam

253 3908 337 3982 legem
349 3913 473 3981 scriptam
486 3927 512 3964 et
521 3913 554 3964 ab
565 3915 678 3968 Homero
688 3915 735 3987 (ut
744 3921 771 3972 in
785 3924 843 3991 ipso
857 3924 982 3994 Neptuno
996 3923 1089 3995 Odyss.
1105 3944 1132 3986 t,
1149 3927 1198 3978 282
1210 3925 1287 3996 sqq.)

253 3999 278 4039 et
296 3990 508 4059 praestantissimo
525 4009 630 4062 quoque
650 4009 731 4065 poeta
748 3999 917 4054 observatum
935 4021 991 4055 esse
1014 4001 1129 4070 diceret,
1149 4016 1179 4055 ut
1198 4003 1287 4077 digni·
