<?xml version="1.0" encoding="UTF-8"?>
<!DOCTYPE html PUBLIC "-//W3C//DTD XHTML 1.0 Transitional//EN"
    "http://www.w3.org/TR/xhtml1/DTD/xhtml1-transitional.dtd">
<html xmlns="http://www.w3.org/1999/xhtml" xml:lang="en" lang="en">
 <head>
  <title>
</title>
<meta http-equiv="Content-Type" content="text/html;charset=utf-8" />
  <meta name='ocr-system' content='tesseract 3.04.00' />
  <meta name='ocr-capabilities' content='ocr_page ocr_carea ocr_par ocr_line ocrx_word'/>
</head>
<body>
  <div class='ocr_page' id='page_1' title='image "./pvirgiliusmaroq00barbgoog_0059.png"; bbox 0 0 2694 4574; ppageno 0'>
   <div class='ocr_carea' id='block_1_1' title="bbox 5 403 7 478">
    <p class='ocr_par' dir='ltr' id='par_1_1' title="bbox 5 403 7 478">
     <span class='ocr_line' id='line_1_1' title="bbox 5 403 6 434; baseline 0 0"><span class='ocrx_word' id='word_1_1' title='bbox 5 403 6 434; x_wconf 86' lang='lat' dir='ltr'>l</span> 
     </span>
     <span class='ocr_line' id='line_1_2' title="bbox 5 441 7 478; baseline 0 0"><span class='ocrx_word' id='word_1_2' title='bbox 5 441 7 478; x_wconf 86' lang='lat' dir='ltr'>l</span> 
     </span>
    </p>
   </div>
   <div class='ocr_carea' id='block_1_2' title="bbox 52 308 1094 525">
    <p class='ocr_par' dir='ltr' id='par_1_2' title="bbox 52 308 1094 525">
     <span class='ocr_line' id='line_1_3' title="bbox 377 308 1089 406; baseline 0 -32"><span class='ocrx_word' id='word_1_3' title='bbox 377 310 441 374; x_wconf 89' lang='lat' dir='ltr'>DE</span> <span class='ocrx_word' id='word_1_4' title='bbox 464 308 662 388; x_wconf 88' lang='lat' dir='ltr'>RERUM,</span> <span class='ocrx_word' id='word_1_5' title='bbox 687 325 768 374; x_wconf 77' lang='lat' dir='ltr'>erc.</span> <span class='ocrx_word' id='word_1_6' title='bbox 1049 323 1089 406; x_wconf 71' lang='lat'>47</span> 
     </span>
     <span class='ocr_line' id='line_1_4' title="bbox 52 431 1094 525; baseline 0.004 -25"><span class='ocrx_word' id='word_1_7' title='bbox 52 457 131 525; x_wconf 91' lang='lat' dir='ltr'>quos</span> <span class='ocrx_word' id='word_1_8' title='bbox 147 432 246 502; x_wconf 89' lang='lat' dir='ltr'>nobis</span> <span class='ocrx_word' id='word_1_9' title='bbox 266 432 399 497; x_wconf 90' lang='lat' dir='ltr'>fortuna</span> <span class='ocrx_word' id='word_1_10' title='bbox 414 433 570 512; x_wconf 82' lang='lat' dir='ltr'>servavit,</span> <span class='ocrx_word' id='word_1_11' title='bbox 585 455 625 496; x_wconf 82' lang='lat' dir='ltr'>ex</span> <span class='ocrx_word' id='word_1_12' title='bbox 638 431 878 520; x_wconf 84' lang='lat' dir='ltr'>antiquioribus</span> <span class='ocrx_word' id='word_1_13' title='bbox 892 439 998 522; x_wconf 90' lang='lat' dir='ltr'>poetis</span> <span class='ocrx_word' id='word_1_14' title='bbox 1014 438 1094 504; x_wconf 88' lang='lat' dir='ltr'>hau-</span> 
     </span>
    </p>
   </div>
   <div class='ocr_carea' id='block_1_3' title="bbox 4 525 1094 738">
    <p class='ocr_par' dir='ltr' id='par_1_3' title="bbox 4 525 1094 738">
     <span class='ocr_line' id='line_1_5' title="bbox 4 525 1092 627; baseline 0.003 -21"><span class='ocrx_word' id='word_1_15' title='bbox 4 575 5 612; x_wconf 57' lang='lat' dir='ltr'>r</span> <span class='ocrx_word' id='word_1_16' title='bbox 51 543 166 620; x_wconf 85' lang='lat' dir='ltr'>serint,</span> <span class='ocrx_word' id='word_1_17' title='bbox 182 556 261 605; x_wconf 92' lang='lat' dir='ltr'>ante</span> <span class='ocrx_word' id='word_1_18' title='bbox 279 538 394 604; x_wconf 89' lang='lat' dir='ltr'>oculos</span> <span class='ocrx_word' id='word_1_19' title='bbox 411 525 602 619; x_wconf 81' lang='lat' dir='ltr'>habuerint,</span> <span class='ocrx_word' id='word_1_20' title='bbox 621 537 790 627; x_wconf 89' lang='lat' dir='ltr'>quomodo</span> <span class='ocrx_word' id='word_1_21' title='bbox 807 539 862 603; x_wconf 92' lang='lat' dir='ltr'>illa</span> <span class='ocrx_word' id='word_1_22' title='bbox 880 539 1092 627; x_wconf 83' lang='lat' dir='ltr'>variaverint,</span> 
     </span>
     <span class='ocr_line' id='line_1_6' title="bbox 4 641 1094 738; baseline 0.003 -27"><span class='ocrx_word' id='word_1_23' title='bbox 4 641 5 648; x_wconf 9' lang='grc' dir='ltr'>ἵ</span> <span class='ocrx_word' id='word_1_24' title='bbox 51 647 255 725; x_wconf 87' lang='lat' dir='ltr'>ornaverint,</span> <span class='ocrx_word' id='word_1_25' title='bbox 272 642 355 734; x_wconf 91' lang='lat' dir='ltr'>quid</span> <span class='ocrx_word' id='word_1_26' title='bbox 370 644 403 708; x_wconf 93' lang='lat' dir='ltr'>in</span> <span class='ocrx_word' id='word_1_27' title='bbox 419 667 551 734; x_wconf 87' lang='lat' dir='ltr'>quaque</span> <span class='ocrx_word' id='word_1_28' title='bbox 566 667 616 723; x_wconf 90' lang='lat' dir='ltr'>re,</span> <span class='ocrx_word' id='word_1_29' title='bbox 632 645 667 708; x_wconf 90' lang='lat' dir='ltr'>in</span> <span class='ocrx_word' id='word_1_30' title='bbox 685 667 818 733; x_wconf 91' lang='lat' dir='ltr'>quoque</span> <span class='ocrx_word' id='word_1_31' title='bbox 833 647 984 727; x_wconf 88' lang='lat' dir='ltr'>consilio,</span> <span class='ocrx_word' id='word_1_32' title='bbox 1003 649 1094 738; x_wconf 89' lang='lat' dir='ltr'>quod</span> 
     </span>
    </p>
   </div>
   <div class='ocr_carea' id='block_1_4' title="bbox 50 749 1189 3918">
    <p class='ocr_par' dir='ltr' id='par_1_4' title="bbox 50 749 1163 3810">
     <span class='ocr_line' id='line_1_7' title="bbox 51 749 1095 841; baseline 0.004 -25"><span class='ocrx_word' id='word_1_33' title='bbox 51 769 286 841; x_wconf 85' lang='lat' dir='ltr'>sequerentur,</span> <span class='ocrx_word' id='word_1_34' title='bbox 308 749 544 838; x_wconf 82' lang='lat' dir='ltr'>spectaverint3</span> <span class='ocrx_word' id='word_1_35' title='bbox 561 766 665 838; x_wconf 90' lang='lat' dir='ltr'>utque</span> <span class='ocrx_word' id='word_1_36' title='bbox 688 749 729 814; x_wconf 89' lang='lat' dir='ltr'>ab</span> <span class='ocrx_word' id='word_1_37' title='bbox 753 750 902 838; x_wconf 75' lang='lat' dir='ltr'>ingenuis</span> <span class='ocrx_word' id='word_1_38' title='bbox 922 771 1095 840; x_wconf 90' lang='lat' dir='ltr'>poetarum</span> 
     </span>
     <span class='ocr_line' id='line_1_8' title="bbox 51 857 1096 946; baseline 0.003 -22"><span class='ocrx_word' id='word_1_39' title='bbox 51 859 168 924; x_wconf 86' lang='lat' dir='ltr'>fabulis</span> <span class='ocrx_word' id='word_1_40' title='bbox 181 859 295 946; x_wconf 89' lang='lat' dir='ltr'>inepta</span> <span class='ocrx_word' id='word_1_41' title='bbox 309 859 364 922; x_wconf 89' lang='lat' dir='ltr'>illa</span> <span class='ocrx_word' id='word_1_42' title='bbox 377 857 678 944; x_wconf 86' lang='lat' dir='ltr'>grammaticorum,</span> <span class='ocrx_word' id='word_1_43' title='bbox 695 857 932 923; x_wconf 89' lang='lat' dir='ltr'>monachorum</span> <span class='ocrx_word' id='word_1_44' title='bbox 947 879 980 926; x_wconf 90' lang='lat' dir='ltr'>et</span> <span class='ocrx_word' id='word_1_45' title='bbox 993 863 1096 927; x_wconf 86' lang='lat' dir='ltr'>inter-</span> 
     </span>
     <span class='ocr_line' id='line_1_9' title="bbox 50 961 1105 1054; baseline 0.005 -26"><span class='ocrx_word' id='word_1_46' title='bbox 50 983 200 1054; x_wconf 87' lang='lat' dir='ltr'>pretum,</span> <span class='ocrx_word' id='word_1_47' title='bbox 230 979 416 1030; x_wconf 88' lang='lat' dir='ltr'>commenta</span> <span class='ocrx_word' id='word_1_48' title='bbox 447 961 622 1050; x_wconf 75' lang='lat' dir='ltr'>diligenter</span> <span class='ocrx_word' id='word_1_49' title='bbox 651 961 826 1027; x_wconf 78' lang='lat' dir='ltr'>discernas·</span> <span class='ocrx_word' id='word_1_50' title='bbox 856 965 958 1029; x_wconf 89' lang='lat' dir='ltr'>Simili</span> <span class='ocrx_word' id='word_1_51' title='bbox 985 966 1105 1050; x_wconf 90' lang='lat' dir='ltr'>studio</span> 
     </span>
     <span class='ocr_line' id='line_1_10' title="bbox 51 1066 1095 1154; baseline 0.006 -20"><span class='ocrx_word' id='word_1_52' title='bbox 51 1069 253 1136; x_wconf 88' lang='lat' dir='ltr'>versandum</span> <span class='ocrx_word' id='word_1_53' title='bbox 278 1069 340 1135; x_wconf 90' lang='lat' dir='ltr'>sibi</span> <span class='ocrx_word' id='word_1_54' title='bbox 366 1090 437 1134; x_wconf 89' lang='lat' dir='ltr'>esse</span> <span class='ocrx_word' id='word_1_55' title='bbox 459 1084 594 1131; x_wconf 88' lang='lat' dir='ltr'>teneant</span> <span class='ocrx_word' id='word_1_56' title='bbox 617 1066 842 1134; x_wconf 82' lang='lat' dir='ltr'>adolescentes</span> <span class='ocrx_word' id='word_1_57' title='bbox 866 1071 900 1133; x_wconf 92' lang='lat' dir='ltr'>in</span> <span class='ocrx_word' id='word_1_58' title='bbox 928 1075 1095 1154; x_wconf 87' lang='lat' dir='ltr'>oratione,</span> 
     </span>
     <span class='ocr_line' id='line_1_11' title="bbox 53 1173 1095 1266; baseline 0.005 -26"><span class='ocrx_word' id='word_1_59' title='bbox 53 1177 189 1266; x_wconf 88' lang='lat' dir='ltr'>ejusque</span> <span class='ocrx_word' id='word_1_60' title='bbox 204 1191 384 1254; x_wconf 86' lang='lat' dir='ltr'>structura,</span> <span class='ocrx_word' id='word_1_61' title='bbox 400 1173 602 1261; x_wconf 76' lang='lat' dir='ltr'>singulisque</span> <span class='ocrx_word' id='word_1_62' title='bbox 615 1173 774 1261; x_wconf 89' lang='lat' dir='ltr'>loquendi</span> <span class='ocrx_word' id='word_1_63' title='bbox 788 1176 902 1240; x_wconf 85' lang='lat' dir='ltr'>formis</span> <span class='ocrx_word' id='word_1_64' title='bbox 918 1177 1095 1244; x_wconf 85' lang='lat' dir='ltr'>observan-</span> 
     </span>
     <span class='ocr_line' id='line_1_12' title="bbox 52 1276 1096 1370; baseline 0.003 -24"><span class='ocrx_word' id='word_1_65' title='bbox 52 1281 110 1346; x_wconf 90' lang='lat' dir='ltr'>dis.</span> <span class='ocrx_word' id='word_1_66' title='bbox 125 1282 173 1344; x_wconf 92' lang='lat' dir='ltr'>Ut</span> <span class='ocrx_word' id='word_1_67' title='bbox 190 1281 225 1345; x_wconf 92' lang='lat' dir='ltr'>in</span> <span class='ocrx_word' id='word_1_68' title='bbox 239 1280 310 1345; x_wconf 88' lang='lat' dir='ltr'>aliis</span> <span class='ocrx_word' id='word_1_69' title='bbox 325 1277 513 1344; x_wconf 86' lang='lat' dir='ltr'>liberalibus</span> <span class='ocrx_word' id='word_1_70' title='bbox 532 1276 661 1356; x_wconf 86' lang='lat' dir='ltr'>studiis,</span> <span class='ocrx_word' id='word_1_71' title='bbox 679 1278 773 1342; x_wconf 90' lang='lat' dir='ltr'>sicin</span> <span class='ocrx_word' id='word_1_72' title='bbox 790 1277 854 1344; x_wconf 91' lang='lat' dir='ltr'>hoc</span> <span class='ocrx_word' id='word_1_73' title='bbox 873 1283 1096 1370; x_wconf 84' lang='lat' dir='ltr'>antiquiorum</span> 
     </span>
     <span class='ocr_line' id='line_1_13' title="bbox 52 1381 1113 1475; baseline 0.008 -28"><span class='ocrx_word' id='word_1_74' title='bbox 52 1385 236 1464; x_wconf 84' lang='lat' dir='ltr'>literarum,</span> <span class='ocrx_word' id='word_1_75' title='bbox 250 1384 419 1471; x_wconf 88' lang='lat' dir='ltr'>proposita</span> <span class='ocrx_word' id='word_1_76' title='bbox 431 1404 502 1448; x_wconf 88' lang='lat' dir='ltr'>esse</span> <span class='ocrx_word' id='word_1_77' title='bbox 513 1381 611 1447; x_wconf 89' lang='lat' dir='ltr'>debet</span> <span class='ocrx_word' id='word_1_78' title='bbox 624 1382 740 1446; x_wconf 85' lang='lat' dir='ltr'>saltem</span> <span class='ocrx_word' id='word_1_79' title='bbox 754 1383 875 1448; x_wconf 86' lang='lat' dir='ltr'>utilitas</span> <span class='ocrx_word' id='word_1_80' title='bbox 890 1386 1012 1475; x_wconf 90' lang='lat' dir='ltr'>aliqua,</span> <span class='ocrx_word' id='word_1_81' title='bbox 1029 1393 1097 1454; x_wconf 93' lang='lat' dir='ltr'>otio</span> <span class='ocrx_word' id='word_1_82' title='bbox 1111 1393 1113 1400; x_wconf 76' lang='grc'>’</span> 
     </span>
     <span class='ocr_line' id='line_1_14' title="bbox 52 1486 1097 1576; baseline 0.005 -23"><span class='ocrx_word' id='word_1_83' title='bbox 52 1508 180 1569; x_wconf 89' lang='lat' dir='ltr'>nostro,</span> <span class='ocrx_word' id='word_1_84' title='bbox 197 1489 263 1554; x_wconf 85' lang='lat' dir='ltr'>hoc</span> <span class='ocrx_word' id='word_1_85' title='bbox 277 1490 351 1553; x_wconf 84' lang='lat' dir='ltr'>ritae</span> <span class='ocrx_word' id='word_1_86' title='bbox 362 1489 550 1576; x_wconf 86' lang='lat' dir='ltr'>viriumque</span> <span class='ocrx_word' id='word_1_87' title='bbox 564 1486 701 1551; x_wconf 90' lang='lat' dir='ltr'>modulo</span> <span class='ocrx_word' id='word_1_88' title='bbox 717 1486 829 1575; x_wconf 86' lang='lat' dir='ltr'>digna,</span> <span class='ocrx_word' id='word_1_89' title='bbox 850 1488 988 1556; x_wconf 88' lang='lat' dir='ltr'>honesta</span> <span class='ocrx_word' id='word_1_90' title='bbox 1010 1509 1042 1556; x_wconf 92' lang='lat' dir='ltr'>et</span> <span class='ocrx_word' id='word_1_91' title='bbox 1060 1496 1097 1558; x_wconf 90' lang='lat' dir='ltr'>li·</span> 
     </span>
     <span class='ocr_line' id='line_1_15' title="bbox 52 1592 1099 1682; baseline 0.004 -23"><span class='ocrx_word' id='word_1_92' title='bbox 52 1596 182 1660; x_wconf 74' lang='lat' dir='ltr'>berulis.</span> <span class='ocrx_word' id='word_1_93' title='bbox 199 1594 290 1659; x_wconf 81' lang='lat' dir='ltr'>Nihil</span> <span class='ocrx_word' id='word_1_94' title='bbox 303 1611 415 1658; x_wconf 90' lang='lat' dir='ltr'>autem</span> <span class='ocrx_word' id='word_1_95' title='bbox 428 1592 575 1682; x_wconf 84' lang='lat' dir='ltr'>jejunius</span> <span class='ocrx_word' id='word_1_96' title='bbox 589 1613 659 1658; x_wconf 88' lang='lat' dir='ltr'>esse</span> <span class='ocrx_word' id='word_1_97' title='bbox 674 1609 783 1680; x_wconf 90' lang='lat' dir='ltr'>potest</span> <span class='ocrx_word' id='word_1_98' title='bbox 797 1595 857 1657; x_wconf 90' lang='lat' dir='ltr'>ista</span> <span class='ocrx_word' id='word_1_99' title='bbox 872 1594 1099 1682; x_wconf 84' lang='lat' dir='ltr'>doctrinaeos-</span> 
     </span>
     <span class='ocr_line' id='line_1_16' title="bbox 52 1695 1098 1788; baseline 0.004 -23"><span class='ocrx_word' id='word_1_100' title='bbox 52 1702 253 1779; x_wconf 85' lang='lat' dir='ltr'>tentatione,</span> <span class='ocrx_word' id='word_1_101' title='bbox 277 1723 343 1788; x_wconf 90' lang='lat' dir='ltr'>qua</span> <span class='ocrx_word' id='word_1_102' title='bbox 366 1699 458 1763; x_wconf 89' lang='lat' dir='ltr'>modi</span> <span class='ocrx_word' id='word_1_103' title='bbox 482 1695 642 1786; x_wconf 91' lang='lat' dir='ltr'>loquendi</span> <span class='ocrx_word' id='word_1_104' title='bbox 652 1699 800 1768; x_wconf 76' lang='lat' dir='ltr'>rariores</span> <span class='ocrx_word' id='word_1_105' title='bbox 821 1722 859 1764; x_wconf 89' lang='lat' dir='ltr'>ac</span> <span class='ocrx_word' id='word_1_106' title='bbox 877 1699 1098 1786; x_wconf 86' lang='lat' dir='ltr'>difficiliores,</span> 
     </span>
     <span class='ocr_line' id='line_1_17' title="bbox 53 1806 1098 1898; baseline 0.007 -27"><span class='ocrx_word' id='word_1_107' title='bbox 53 1808 282 1896; x_wconf 83' lang='lat' dir='ltr'>exemplorum</span> <span class='ocrx_word' id='word_1_108' title='bbox 297 1806 392 1871; x_wconf 91' lang='lat' dir='ltr'>turba</span> <span class='ocrx_word' id='word_1_109' title='bbox 406 1806 555 1896; x_wconf 78' lang='lat' dir='ltr'>undique</span> <span class='ocrx_word' id='word_1_110' title='bbox 577 1806 760 1894; x_wconf 88' lang='lat' dir='ltr'>conquisita</span> <span class='ocrx_word' id='word_1_111' title='bbox 781 1823 813 1870; x_wconf 89' lang='lat' dir='ltr'>et</span> <span class='ocrx_word' id='word_1_112' title='bbox 833 1807 875 1872; x_wconf 87' lang='lat' dir='ltr'>ad</span> <span class='ocrx_word' id='word_1_113' title='bbox 894 1808 1012 1898; x_wconf 88' lang='lat' dir='ltr'>digitos</span> <span class='ocrx_word' id='word_1_114' title='bbox 1032 1812 1098 1878; x_wconf 92' lang='lat' dir='ltr'>dis-</span> 
     </span>
     <span class='ocr_line' id='line_1_18' title="bbox 52 1913 1100 2009; baseline 0.007 -30"><span class='ocrx_word' id='word_1_115' title='bbox 52 1915 173 2002; x_wconf 89' lang='lat' dir='ltr'>posita,</span> <span class='ocrx_word' id='word_1_116' title='bbox 196 1915 423 1979; x_wconf 87' lang='lat' dir='ltr'>illustrantur:</span> <span class='ocrx_word' id='word_1_117' title='bbox 444 1913 507 1976; x_wconf 90' lang='lat' dir='ltr'>nisi</span> <span class='ocrx_word' id='word_1_118' title='bbox 525 1913 623 1977; x_wconf 90' lang='lat' dir='ltr'>simul</span> <span class='ocrx_word' id='word_1_119' title='bbox 641 1930 698 1978; x_wconf 87' lang='lat' dir='ltr'>aut</span> <span class='ocrx_word' id='word_1_120' title='bbox 715 1915 794 2002; x_wconf 92' lang='lat' dir='ltr'>ipsis</span> <span class='ocrx_word' id='word_1_121' title='bbox 813 1915 893 1981; x_wconf 90' lang='lat' dir='ltr'>locis</span> <span class='ocrx_word' id='word_1_122' title='bbox 913 1918 970 1982; x_wconf 81' lang='lat' dir='ltr'>lux</span> <span class='ocrx_word' id='word_1_123' title='bbox 990 1921 1100 2009; x_wconf 87' lang='lat' dir='ltr'>aliqua</span> 
     </span>
     <span class='ocr_line' id='line_1_19' title="bbox 53 2018 1146 2110; baseline 0.006 -27"><span class='ocrx_word' id='word_1_124' title='bbox 53 2019 130 2084; x_wconf 91' lang='lat' dir='ltr'>inde</span> <span class='ocrx_word' id='word_1_125' title='bbox 153 2018 362 2099; x_wconf 86' lang='lat' dir='ltr'>affunditur,</span> <span class='ocrx_word' id='word_1_126' title='bbox 388 2037 445 2084; x_wconf 89' lang='lat' dir='ltr'>aut</span> <span class='ocrx_word' id='word_1_127' title='bbox 468 2018 624 2084; x_wconf 90' lang='lat' dir='ltr'>orationis</span> <span class='ocrx_word' id='word_1_128' title='bbox 651 2021 852 2106; x_wconf 85' lang='lat' dir='ltr'>proprietas,</span> <span class='ocrx_word' id='word_1_129' title='bbox 881 2023 1041 2110; x_wconf 89' lang='lat' dir='ltr'>elegantia</span> <span class='ocrx_word' id='word_1_130' title='bbox 1067 2044 1100 2090; x_wconf 90' lang='lat' dir='ltr'>et</span> <span class='ocrx_word' id='word_1_131' title='bbox 1144 2018 1146 2022; x_wconf 38' lang='lat'><strong><em>¹</em></strong></span> 
     </span>
     <span class='ocr_line' id='line_1_20' title="bbox 55 2125 1101 2217; baseline 0.004 -27"><span class='ocrx_word' id='word_1_132' title='bbox 55 2145 204 2207; x_wconf 89' lang='lat' dir='ltr'>ornatus,</span> <span class='ocrx_word' id='word_1_133' title='bbox 226 2127 424 2206; x_wconf 87' lang='lat' dir='ltr'>declaratur,</span> <span class='ocrx_word' id='word_1_134' title='bbox 444 2127 489 2204; x_wconf 81' lang='lat' dir='ltr'>ita</span> <span class='ocrx_word' id='word_1_135' title='bbox 508 2143 545 2190; x_wconf 92' lang='lat' dir='ltr'>ut</span> <span class='ocrx_word' id='word_1_136' title='bbox 565 2125 607 2190; x_wconf 92' lang='lat' dir='ltr'>ad</span> <span class='ocrx_word' id='word_1_137' title='bbox 626 2127 674 2189; x_wconf 92' lang='lat' dir='ltr'>rei</span> <span class='ocrx_word' id='word_1_138' title='bbox 692 2127 862 2190; x_wconf 89' lang='lat' dir='ltr'>notionem</span> <span class='ocrx_word' id='word_1_139' title='bbox 881 2151 940 2192; x_wconf 85' lang='lat' dir='ltr'>seu</span> <span class='ocrx_word' id='word_1_140' title='bbox 956 2135 1101 2217; x_wconf 90' lang='lat' dir='ltr'>speciem</span> 
     </span>
     <span class='ocr_line' id='line_1_21' title="bbox 53 2230 1100 2321; baseline 0.003 -23"><span class='ocrx_word' id='word_1_141' title='bbox 53 2236 161 2300; x_wconf 86' lang='lat' dir='ltr'>menti</span> <span class='ocrx_word' id='word_1_142' title='bbox 175 2235 376 2300; x_wconf 88' lang='lat' dir='ltr'>insidentem</span> <span class='ocrx_word' id='word_1_143' title='bbox 388 2232 522 2300; x_wconf 88' lang='lat' dir='ltr'>accedat</span> <span class='ocrx_word' id='word_1_144' title='bbox 541 2231 618 2316; x_wconf 90' lang='lat' dir='ltr'>inde</span> <span class='ocrx_word' id='word_1_145' title='bbox 633 2230 773 2321; x_wconf 82' lang='lat' dir='ltr'>aliquid,</span> <span class='ocrx_word' id='word_1_146' title='bbox 794 2255 861 2320; x_wconf 93' lang='lat' dir='ltr'>quo</span> <span class='ocrx_word' id='word_1_147' title='bbox 877 2233 932 2296; x_wconf 90' lang='lat' dir='ltr'>illa</span> <span class='ocrx_word' id='word_1_148' title='bbox 945 2236 1100 2318; x_wconf 84' lang='lat' dir='ltr'>vividior,</span> 
     </span>
     <span class='ocr_line' id='line_1_22' title="bbox 53 2339 1100 2431; baseline 0.004 -26"><span class='ocrx_word' id='word_1_149' title='bbox 53 2342 201 2430; x_wconf 89' lang='lat' dir='ltr'>plenior,</span> <span class='ocrx_word' id='word_1_150' title='bbox 225 2343 383 2431; x_wconf 80' lang='lat' dir='ltr'>aperiior,</span> <span class='ocrx_word' id='word_1_151' title='bbox 404 2339 598 2431; x_wconf 89' lang='lat' dir='ltr'>jucundior,</span> <span class='ocrx_word' id='word_1_152' title='bbox 621 2339 686 2403; x_wconf 89' lang='lat' dir='ltr'>fiat.</span> <span class='ocrx_word' id='word_1_153' title='bbox 713 2340 786 2404; x_wconf 84' lang='lat' dir='ltr'>lloc</span> <span class='ocrx_word' id='word_1_154' title='bbox 802 2340 917 2405; x_wconf 90' lang='lat' dir='ltr'>saltem</span> <span class='ocrx_word' id='word_1_155' title='bbox 933 2343 1035 2408; x_wconf 93' lang='lat' dir='ltr'>modo</span> <span class='ocrx_word' id='word_1_156' title='bbox 1054 2347 1100 2423; x_wconf 90' lang='lat' dir='ltr'>is,</span> 
     </span>
     <span class='ocr_line' id='line_1_23' title="bbox 55 2447 1101 2537; baseline 0.004 -24"><span class='ocrx_word' id='word_1_157' title='bbox 55 2450 114 2537; x_wconf 90' lang='lat' dir='ltr'>qui</span> <span class='ocrx_word' id='word_1_158' title='bbox 133 2473 192 2515; x_wconf 89' lang='lat' dir='ltr'>eos</span> <span class='ocrx_word' id='word_1_159' title='bbox 211 2449 330 2515; x_wconf 89' lang='lat' dir='ltr'>modos</span> <span class='ocrx_word' id='word_1_160' title='bbox 349 2451 460 2513; x_wconf 88' lang='lat' dir='ltr'>animo</span> <span class='ocrx_word' id='word_1_161' title='bbox 480 2465 513 2512; x_wconf 91' lang='lat' dir='ltr'>et</span> <span class='ocrx_word' id='word_1_162' title='bbox 531 2447 690 2512; x_wconf 90' lang='lat' dir='ltr'>memoria</span> <span class='ocrx_word' id='word_1_163' title='bbox 704 2448 863 2527; x_wconf 90' lang='lat' dir='ltr'>tenuerit,</span> <span class='ocrx_word' id='word_1_164' title='bbox 883 2449 942 2512; x_wconf 87' lang='lat' dir='ltr'>ubi</span> <span class='ocrx_word' id='word_1_165' title='bbox 960 2452 1101 2528; x_wconf 89' lang='lat' dir='ltr'>lectione</span> 
     </span>
     <span class='ocr_line' id='line_1_24' title="bbox 55 2555 1104 2644; baseline 0.005 -24"><span class='ocrx_word' id='word_1_166' title='bbox 55 2555 98 2620; x_wconf 91' lang='lat' dir='ltr'>ad</span> <span class='ocrx_word' id='word_1_167' title='bbox 110 2557 165 2622; x_wconf 90' lang='lat' dir='ltr'>illa</span> <span class='ocrx_word' id='word_1_168' title='bbox 180 2574 243 2622; x_wconf 90' lang='lat' dir='ltr'>aut</span> <span class='ocrx_word' id='word_1_169' title='bbox 251 2558 369 2621; x_wconf 88' lang='lat' dir='ltr'>similia</span> <span class='ocrx_word' id='word_1_170' title='bbox 384 2558 456 2622; x_wconf 88' lang='lat' dir='ltr'>loca</span> <span class='ocrx_word' id='word_1_171' title='bbox 472 2557 666 2644; x_wconf 90' lang='lat' dir='ltr'>perrexerit,</span> <span class='ocrx_word' id='word_1_172' title='bbox 685 2555 830 2620; x_wconf 85' lang='lat' dir='ltr'>lucratus</span> <span class='ocrx_word' id='word_1_173' title='bbox 844 2573 944 2621; x_wconf 87' lang='lat' dir='ltr'>estex</span> <span class='ocrx_word' id='word_1_174' title='bbox 958 2559 1013 2623; x_wconf 89' lang='lat' dir='ltr'>illa</span> <span class='ocrx_word' id='word_1_175' title='bbox 1026 2558 1104 2626; x_wconf 89' lang='lat' dir='ltr'>doc·</span> 
     </span>
     <span class='ocr_line' id='line_1_25' title="bbox 56 2662 1104 2753; baseline 0.007 -27"><span class='ocrx_word' id='word_1_176' title='bbox 56 2665 150 2728; x_wconf 84' lang='lat' dir='ltr'>trinae</span> <span class='ocrx_word' id='word_1_177' title='bbox 165 2667 263 2753; x_wconf 89' lang='lat' dir='ltr'>copia</span> <span class='ocrx_word' id='word_1_178' title='bbox 275 2664 354 2745; x_wconf 91' lang='lat' dir='ltr'>hoc,</span> <span class='ocrx_word' id='word_1_179' title='bbox 368 2662 459 2752; x_wconf 92' lang='lat' dir='ltr'>quod</span> <span class='ocrx_word' id='word_1_180' title='bbox 474 2686 607 2728; x_wconf 90' lang='lat' dir='ltr'>sensum</span> <span class='ocrx_word' id='word_1_181' title='bbox 620 2685 748 2742; x_wconf 88' lang='lat' dir='ltr'>eorum,</span> <span class='ocrx_word' id='word_1_182' title='bbox 764 2685 837 2751; x_wconf 78' lang='lat' dir='ltr'>quaa</span> <span class='ocrx_word' id='word_1_183' title='bbox 852 2663 944 2750; x_wconf 89' lang='lat' dir='ltr'>legit,</span> <span class='ocrx_word' id='word_1_184' title='bbox 958 2664 1104 2733; x_wconf 87' lang='lat' dir='ltr'>habetet</span> 
     </span>
     <span class='ocr_line' id='line_1_26' title="bbox 56 2766 1104 2861; baseline 0.004 -28"><span class='ocrx_word' id='word_1_185' title='bbox 56 2772 223 2834; x_wconf 86' lang='lat' dir='ltr'>veriorem</span> <span class='ocrx_word' id='word_1_186' title='bbox 244 2787 280 2834; x_wconf 87' lang='lat' dir='ltr'>et</span> <span class='ocrx_word' id='word_1_187' title='bbox 300 2771 470 2836; x_wconf 87' lang='lat' dir='ltr'>acriorem.</span> <span class='ocrx_word' id='word_1_188' title='bbox 492 2771 534 2833; x_wconf 79' lang='lat' dir='ltr'>At</span> <span class='ocrx_word' id='word_1_189' title='bbox 553 2769 641 2832; x_wconf 91' lang='lat' dir='ltr'>enim</span> <span class='ocrx_word' id='word_1_190' title='bbox 662 2768 745 2831; x_wconf 91' lang='lat' dir='ltr'>nihil</span> <span class='ocrx_word' id='word_1_191' title='bbox 760 2766 851 2831; x_wconf 90' lang='lat' dir='ltr'>aliud</span> <span class='ocrx_word' id='word_1_192' title='bbox 869 2785 982 2834; x_wconf 87' lang='lat' dir='ltr'>tenere</span> <span class='ocrx_word' id='word_1_193' title='bbox 1004 2796 1104 2861; x_wconf 88' lang='lat' dir='ltr'>quam</span> 
     </span>
     <span class='ocr_line' id='line_1_27' title="bbox 55 2874 1104 2964; baseline 0.005 -24"><span class='ocrx_word' id='word_1_194' title='bbox 55 2876 217 2940; x_wconf 84' lang='lat' dir='ltr'>formulas</span> <span class='ocrx_word' id='word_1_195' title='bbox 234 2874 395 2964; x_wconf 89' lang='lat' dir='ltr'>loquendi</span> <span class='ocrx_word' id='word_1_196' title='bbox 410 2875 585 2962; x_wconf 83' lang='lat' dir='ltr'>exquisitas</span> <span class='ocrx_word' id='word_1_197' title='bbox 603 2891 636 2938; x_wconf 90' lang='lat' dir='ltr'>et</span> <span class='ocrx_word' id='word_1_198' title='bbox 657 2895 758 2952; x_wconf 88' lang='lat' dir='ltr'>raras,</span> <span class='ocrx_word' id='word_1_199' title='bbox 778 2875 936 2938; x_wconf 87' lang='lat' dir='ltr'>miserum</span> <span class='ocrx_word' id='word_1_200' title='bbox 957 2893 991 2938; x_wconf 89' lang='lat' dir='ltr'>et</span> <span class='ocrx_word' id='word_1_201' title='bbox 1008 2878 1104 2946; x_wconf 82' lang='lat' dir='ltr'>inane</span> 
     </span>
     <span class='ocr_line' id='line_1_28' title="bbox 57 2977 1105 3069; baseline 0.003 -25"><span class='ocrx_word' id='word_1_202' title='bbox 57 2981 205 3046; x_wconf 89' lang='lat' dir='ltr'>studium</span> <span class='ocrx_word' id='word_1_203' title='bbox 219 2999 282 3060; x_wconf 87' lang='lat' dir='ltr'>est,</span> <span class='ocrx_word' id='word_1_204' title='bbox 299 3004 366 3046; x_wconf 90' lang='lat' dir='ltr'>non</span> <span class='ocrx_word' id='word_1_205' title='bbox 378 2981 501 3059; x_wconf 88' lang='lat' dir='ltr'>minus,</span> <span class='ocrx_word' id='word_1_206' title='bbox 515 3003 615 3069; x_wconf 91' lang='lat' dir='ltr'>quam</span> <span class='ocrx_word' id='word_1_207' title='bbox 628 2977 725 3058; x_wconf 90' lang='lat' dir='ltr'>illud,</span> <span class='ocrx_word' id='word_1_208' title='bbox 740 2979 767 3042; x_wconf 93' lang='lat' dir='ltr'>si</span> <span class='ocrx_word' id='word_1_209' title='bbox 779 2979 813 3041; x_wconf 90' lang='lat' dir='ltr'>in</span> <span class='ocrx_word' id='word_1_210' title='bbox 825 2980 1013 3044; x_wconf 89' lang='lat' dir='ltr'>auctoribus</span> <span class='ocrx_word' id='word_1_211' title='bbox 1026 2983 1105 3047; x_wconf 88' lang='lat' dir='ltr'>clas-</span> 
     </span>
     <span class='ocr_line' id='line_1_29' title="bbox 57 3082 1103 3174; baseline 0.001 -25"><span class='ocrx_word' id='word_1_212' title='bbox 57 3087 131 3152; x_wconf 88' lang='lat' dir='ltr'>sicis</span> <span class='ocrx_word' id='word_1_213' title='bbox 143 3086 294 3174; x_wconf 90' lang='lat' dir='ltr'>legendis</span> <span class='ocrx_word' id='word_1_214' title='bbox 306 3085 340 3150; x_wconf 90' lang='lat' dir='ltr'>id</span> <span class='ocrx_word' id='word_1_215' title='bbox 354 3086 451 3150; x_wconf 90' lang='lat' dir='ltr'>unice</span> <span class='ocrx_word' id='word_1_216' title='bbox 461 3107 549 3172; x_wconf 89' lang='lat' dir='ltr'>agas,</span> <span class='ocrx_word' id='word_1_217' title='bbox 566 3101 616 3164; x_wconf 94' lang='lat' dir='ltr'>ut,</span> <span class='ocrx_word' id='word_1_218' title='bbox 637 3082 838 3148; x_wconf 89' lang='lat' dir='ltr'>emendandi</span> <span class='ocrx_word' id='word_1_219' title='bbox 854 3101 886 3146; x_wconf 94' lang='lat' dir='ltr'>et</span> <span class='ocrx_word' id='word_1_220' title='bbox 900 3086 1103 3172; x_wconf 89' lang='lat' dir='ltr'>corrigendi,</span> 
     </span>
     <span class='ocr_line' id='line_1_30' title="bbox 56 3188 1103 3282; baseline 0 -26"><span class='ocrx_word' id='word_1_221' title='bbox 56 3191 175 3257; x_wconf 88' lang='lat' dir='ltr'>saltem</span> <span class='ocrx_word' id='word_1_222' title='bbox 186 3191 410 3282; x_wconf 88' lang='lat' dir='ltr'>conjectandi,</span> <span class='ocrx_word' id='word_1_223' title='bbox 424 3191 631 3279; x_wconf 85' lang='lat' dir='ltr'>sagacitatem</span> <span class='ocrx_word' id='word_1_224' title='bbox 646 3212 713 3279; x_wconf 93' lang='lat' dir='ltr'>quo</span> <span class='ocrx_word' id='word_1_225' title='bbox 727 3189 801 3254; x_wconf 89' lang='lat' dir='ltr'>loco</span> <span class='ocrx_word' id='word_1_226' title='bbox 811 3188 969 3253; x_wconf 88' lang='lat' dir='ltr'>adhibere</span> <span class='ocrx_word' id='word_1_227' title='bbox 983 3191 1103 3278; x_wconf 89' lang='lat' dir='ltr'>possis,</span> 
     </span>
     <span class='ocr_line' id='line_1_31' title="bbox 56 3295 1107 3386; baseline -0.001 -24"><span class='ocrx_word' id='word_1_228' title='bbox 56 3299 321 3386; x_wconf 85' lang='lat' dir='ltr'>circumspicias,</span> <span class='ocrx_word' id='word_1_229' title='bbox 337 3297 379 3362; x_wconf 88' lang='lat' dir='ltr'>de</span> <span class='ocrx_word' id='word_1_230' title='bbox 394 3298 472 3385; x_wconf 90' lang='lat' dir='ltr'>ipsis</span> <span class='ocrx_word' id='word_1_231' title='bbox 486 3313 596 3360; x_wconf 88' lang='lat' dir='ltr'>autem</span> <span class='ocrx_word' id='word_1_232' title='bbox 609 3295 707 3359; x_wconf 89' lang='lat' dir='ltr'>rebus</span> <span class='ocrx_word' id='word_1_233' title='bbox 723 3310 756 3358; x_wconf 93' lang='lat' dir='ltr'>et</span> <span class='ocrx_word' id='word_1_234' title='bbox 771 3295 955 3375; x_wconf 88' lang='lat' dir='ltr'>sententiis,</span> <span class='ocrx_word' id='word_1_235' title='bbox 970 3316 1107 3386; x_wconf 83' lang='lat' dir='ltr'>propter</span> 
     </span>
     <span class='ocr_line' id='line_1_32' title="bbox 57 3401 1107 3493; baseline 0.003 -24"><span class='ocrx_word' id='word_1_236' title='bbox 57 3427 143 3493; x_wconf 86' lang='lat' dir='ltr'>quas</span> <span class='ocrx_word' id='word_1_237' title='bbox 155 3404 198 3470; x_wconf 90' lang='lat' dir='ltr'>de</span> <span class='ocrx_word' id='word_1_238' title='bbox 213 3405 323 3469; x_wconf 87' lang='lat' dir='ltr'>verbis</span> <span class='ocrx_word' id='word_1_239' title='bbox 335 3403 552 3468; x_wconf 84' lang='lat' dir='ltr'>laborandum</span> <span class='ocrx_word' id='word_1_240' title='bbox 565 3420 650 3482; x_wconf 85' lang='lat' dir='ltr'>erat,</span> <span class='ocrx_word' id='word_1_241' title='bbox 665 3425 783 3490; x_wconf 85' lang='lat' dir='ltr'>parum</span> <span class='ocrx_word' id='word_1_242' title='bbox 797 3403 841 3466; x_wconf 89' lang='lat' dir='ltr'>sis</span> <span class='ocrx_word' id='word_1_243' title='bbox 855 3401 1022 3468; x_wconf 86' lang='lat' dir='ltr'>sollicitus.</span> <span class='ocrx_word' id='word_1_244' title='bbox 1042 3406 1107 3471; x_wconf 88' lang='lat' dir='ltr'>Sed</span> 
     </span>
     <span class='ocr_line' id='line_1_33' title="bbox 56 3507 1107 3601; baseline 0.006 -28"><span class='ocrx_word' id='word_1_245' title='bbox 56 3533 151 3576; x_wconf 90' lang='lat' dir='ltr'>nunc</span> <span class='ocrx_word' id='word_1_246' title='bbox 169 3511 323 3576; x_wconf 83' lang='lat' dir='ltr'>universe</span> <span class='ocrx_word' id='word_1_247' title='bbox 343 3511 516 3588; x_wconf 87' lang='lat' dir='ltr'>nonnulla,</span> <span class='ocrx_word' id='word_1_248' title='bbox 538 3531 611 3598; x_wconf 90' lang='lat' dir='ltr'>quae</span> <span class='ocrx_word' id='word_1_249' title='bbox 627 3507 670 3573; x_wconf 87' lang='lat' dir='ltr'>ad</span> <span class='ocrx_word' id='word_1_250' title='bbox 689 3507 833 3574; x_wconf 88' lang='lat' dir='ltr'>fabulam</span> <span class='ocrx_word' id='word_1_251' title='bbox 851 3508 995 3575; x_wconf 86' lang='lat' dir='ltr'>AEneidis</span> <span class='ocrx_word' id='word_1_252' title='bbox 1014 3533 1107 3601; x_wconf 89' lang='lat' dir='ltr'>spec-</span> 
     </span>
     <span class='ocr_line' id='line_1_34' title="bbox 57 3614 811 3704; baseline -0.008 -23"><span class='ocrx_word' id='word_1_253' title='bbox 57 3634 147 3696; x_wconf 82' lang='lat' dir='ltr'>tant,</span> <span class='ocrx_word' id='word_1_254' title='bbox 161 3618 352 3682; x_wconf 84' lang='lat' dir='ltr'>summatim</span> <span class='ocrx_word' id='word_1_255' title='bbox 365 3638 530 3704; x_wconf 88' lang='lat' dir='ltr'>exponere</span> <span class='ocrx_word' id='word_1_256' title='bbox 545 3614 720 3680; x_wconf 90' lang='lat' dir='ltr'>consilium</span> <span class='ocrx_word' id='word_1_257' title='bbox 733 3631 811 3678; x_wconf 89' lang='lat' dir='ltr'>erat.</span> 
     </span>
     <span class='ocr_line' id='line_1_35' title="bbox 107 3718 1163 3810; baseline 0 -24"><span class='ocrx_word' id='word_1_258' title='bbox 107 3725 163 3789; x_wconf 80' lang='lat' dir='ltr'>vl.</span> <span class='ocrx_word' id='word_1_259' title='bbox 189 3722 290 3808; x_wconf 89' lang='lat' dir='ltr'>Quod</span> <span class='ocrx_word' id='word_1_260' title='bbox 311 3745 373 3810; x_wconf 87' lang='lat' dir='ltr'>per</span> <span class='ocrx_word' id='word_1_261' title='bbox 398 3719 646 3808; x_wconf 83' lang='lat' dir='ltr'>proedicttonum</span> <span class='ocrx_word' id='word_1_262' title='bbox 668 3718 823 3809; x_wconf 81' lang='lat' dir='ltr'>ambages</span> <span class='ocrx_word' id='word_1_263' title='bbox 847 3737 936 3784; x_wconf 94' lang='lat' dir='ltr'>totus</span> <span class='ocrx_word' id='word_1_264' title='bbox 963 3723 1109 3796; x_wconf 87' lang='lat' dir='ltr'>AEneidis</span> <span class='ocrx_word' id='word_1_265' title='bbox 1161 3783 1163 3786; x_wconf 84' lang='lat'>.</span> 
     </span>
    </p>

    <p class='ocr_par' dir='ltr' id='par_1_5' title="bbox 59 3827 1189 3918">
     <span class='ocr_line' id='line_1_36' title="bbox 59 3827 1189 3918; baseline 0 -24"><span class='ocrx_word' id='word_1_266' title='bbox 59 3828 224 3895; x_wconf 79' lang='lat' dir='ltr'>decursus</span> <span class='ocrx_word' id='word_1_267' title='bbox 252 3829 497 3918; x_wconf 80' lang='lat' dir='ltr'>praecipitatur,</span> <span class='ocrx_word' id='word_1_268' title='bbox 532 3829 618 3892; x_wconf 90' lang='lat' dir='ltr'>inter</span> <span class='ocrx_word' id='word_1_269' title='bbox 644 3827 831 3892; x_wconf 81' lang='lat' dir='ltr'>felicissima</span> <span class='ocrx_word' id='word_1_270' title='bbox 856 3827 1110 3916; x_wconf 88' lang='lat' dir='ltr'>ingeniosissimi</span> <span class='ocrx_word' id='word_1_271' title='bbox 1186 3866 1189 3873; x_wconf 94' lang='lat'>·</span> 
     </span>
    </p>
   </div>
   <div class='ocr_carea' id='block_1_5' title="bbox 0 0 1366 4574">
    <p class='ocr_par' dir='ltr' id='par_1_6' title="bbox 0 0 1366 4574">
     <span class='ocr_line' id='line_1_37' title="bbox 0 0 1366 4574; baseline 0 0"><span class='ocrx_word' id='word_1_272' title='bbox 0 0 1366 4574; x_wconf 95' lang='lat' dir='ltr'> </span> 
     </span>
    </p>
   </div>
  </div>
 </body>
</html>
