2690 4594
238 322 302 403 4³6
487 324 522 386 P.
546 319 778 386 vrnornn
801 321 1035 389 Minoris

237 443 423 532 Praecipites
435 461 543 509 rnctus
554 469 630 511 acer
640 447 707 534 agit
719 469 930 536 quocumque
942 446 1096 512 rudentis

237 550 412 629 Excutere,
426 567 459 614 et
470 552 576 618 ventis
589 552 763 616 intendere
774 555 846 617 vela
860 554 1024 620 secundis.

237 654 382 720 *Contra
391 657 481 748 jussa
495 675 631 723 monent
644 659 778 738 Heleni,
792 660 930 750 Scyllam
941 677 1043 750 atque
1056 658 1264 749 Charybdim
1331 670 1332 695 ¹

235 760 351 827 'Inter
364 779 539 853 utrumque
551 766 651 843 viam,
665 765 722 829 leti
735 764 924 831 discrimine
935 789 1056 854 parvo,
1244 775 1285 821 68⁵

237 866 252 892 *
260 869 302 929 Ni
314 884 447 935 teneant
460 893 574 936 cursus
586 895 593 934 t
607 888 735 936 certum
747 889 797 937 est
809 869 887 936 dare
899 873 1001 936 lintea
1011 889 1116 935 retro.

1331 955 1332 980 i

237 1029 307 1074 Goth.
318 1041 371 1076 tert.
381 1057 412 1067 -
421 1031 475 1077 682.
486 1036 571 1078 ruentis
580 1033 661 1094 fragm.
672 1033 747 1080 vanc.
756 1059 788 1069 --
796 1032 849 1090 684.
865 1041 953 1080 movent
967 1031 1061 1095 aliquot
1072 1033 1137 1078 Pier.
1151 1031 1201 1076 duo
1212 1031 1286 1074 Heius.

237 1100 319 1160 fragm.
333 1105 407 1149 Vatic.
423 1104 471 1149 duo
485 1105 568 1158 Goth,
591 1117 617 1148 ut
628 1104 677 1148 fere
690 1105 746 1148 aiias
758 1093 866 1149 vitiatur.
881 1103 1025 1165 Scyllamque
1040 1103 1183 1161 Charybdim
1197 1099 1287 1162 quidam
1331 1121 1332 1128 1

237 1172 318 1233 scripti
331 1187 354 1219 et
366 1175 436 1231 editi,
448 1173 577 1238 Syllaeque
586 1172 711 1232 Charybdis
723 1172 762 1218 alii
772 1173 836 1235 apud
846 1174 908 1218 Pier.
919 1188 972 1218 cum
981 1172 1099 1217 Rouend.
1107 1187 1171 1226 sec.;
1186 1181 1211 1215 at
1221 1185 1255 1230 pr.
1268 1179 1289 1211 et

238 1239 286 1286 duo
299 1241 338 1287 aiii
349 1246 427 1290 iieius.
441 1243 522 1304 Scyuae
531 1254 598 1308 atque
610 1242 735 1302 Charybdis
740 1261 748 1296 ‚·
764 1243 828 1289 unde
840 1244 951 1305 suspicari
965 1244 1041 1304 possis
1053 1240 1140 1300 Scyiice
1153 1249 1221 1302 atqrte
1233 1235 1287 1281 Chu-

237 1309 316 1367 rybdis
329 1313 391 1358 inter
404 1317 509 1378 utrinque
520 1318 580 1359 vium
594 1313 623 1358 ub
635 1313 686 1358 aliis
701 1311 787 1358 lectum
799 1311 878 1357 fuisse.
894 1312 972 1356 Heius.
992 1311 1141 1372 conjiciebat
1153 1305 1288 1368 &ylhmque

237 1379 419 1448 Charybdinque
432 1388 504 1442 inter,
523 1401 572 1431 non
583 1383 652 1430 male.
670 1383 762 1430 Sciiium
774 1381 902 1430 cunnum
913 1395 937 1428 et
947 1383 1008 1428 Ven.
1021 1381 1157 1441 Charybdin
1168 1379 1230 1425 Gud.
1241 1391 1289 1422 eum

238 1449 297 1496 aliis.
311 1454 387 1513 Scylla
395 1465 463 1520 atque
472 1455 596 1516 Cimryhdu
604 1456 684 1516 fragm.
692 1455 780 1510 Vatic,
792 1454 855 1500 unde
865 1455 997 1516 suspicetur
1008 1451 1098 1516 aliquis
1112 1453 1200 1498 fuisse:
1213 1449 1290 1493 &ulra
1332 1484 1333 1526 ἱ

234 1524 301 1584 jussa
318 1538 407 1574 monent
421 1528 515 1585 Heleni,
526 1527 602 1588 Scylla
617 1536 685 1590 aune
697 1525 828 1586 Charybdi.
841 1526 904 1571 Inter
918 1533 1038 1588 erransque
1050 1527 1156 1568 viam-
1165 1524 1199 1568 nt
1209 1523 1291 1565 uncam
1332 1531 1333 1586 ζ

236 1607 332 1652 cursus,
342 1606 428 1642 eertum
437 1600 531 1644 estdure
539 1598 607 1644 linteo
613 1607 685 1651 retro,·
695 1609 735 1643 sut
745 1612 751 1642 :
762 1597 845 1642 Contra
849 1599 916 1659 jussa
925 1603 1017 1641 monent
1022 1592 1111 1640 Heleni
1117 1591 1219 1652 Scyllum
1227 1597 1288 1650 amne

238 1663 378 1725 Charybdin.
388 1673 450 1716 Inter
461 1684 485 1717 et
495 1672 586 1734 reliqua
599 1669 682 1716 eodem
696 1668 776 1714 modo.
793 1668 840 1714 Sed
851 1679 874 1713 et
883 1667 928 1714 boc
936 1683 1022 1730 parum
1035 1666 1177 1728 expeditum
1187 1662 1258 1714 foret,
1269 1671 1290 1702 et

238 1734 307 1782 facile
317 1741 425 1800 preferss
434 1742 565 1803 vulflatum,
575 1741 640 1804 quod
649 1753 673 1786 et
683 1743 776 1786 Servius
786 1752 809 1785 et
817 1741 922 1784 Donatus
931 1738 1030 1784 habent.
1040 1739 1172 1784 Enimvero
1181 1745 1204 1780 et
1213 1729 1291 1777 mehor

239 1820 333 1865 sensus,
346 1822 369 1856 et
376 1814 411 1858 rei
418 1815 503 1859 critice
511 1829 578 1868 usus,
591 1828 688 1875 mosque
696 1811 890 1866 versificatorem,
900 1811 1065 1872 antiquiorum
1072 1808 1293 1870 inprimisaetatums

239 1875 310 1924 facile
320 1898 348 1928 eo
358 1884 467 1940 adducit,
481 1899 507 1930 ut
519 1886 562 1932 tibi
572 1885 724 1947 persuadeas,
736 1895 782 1929 tres
794 1897 872 1929 versus
879 1881 923 1928 bos
933 1897 981 1927 esse
995 1881 1025 1926 ab
1036 1876 1261 1942 interpolatoribus,
1270 1881 1292 1917 et

239 1948 335 2008 quidem
346 1952 453 2013 pluribus
463 1955 565 2000 eundem
575 1955 677 2016 lapidem
687 1955 846 2009 moventibus,
864 1953 995 2014 proiectos,
1016 1953 1072 2014 qui,
1093 1952 1160 1996 varia
1172 1944 1292 1996 tentando·

240 2017 335 2078 expiere
346 2022 455 2070 volebant
465 2040 556 2070 versum
567 2025 729 2087 imperfectum
739 2023 846 2070 relictum
857 2039 863 2068 ε
876 2024 960 2070 Conon
967 2025 1036 2086 jussu
1046 2030 1142 2068 monent
1149 2017 1239 2064 Heleni
1248 2013 1293 2057 Nisi

238 2087 300 2134 forte
312 2106 343 2137 ne
355 2091 399 2140 boc
411 2095 506 2158 quidem
518 2096 673 2158 virgilianum
686 2107 746 2150 erat3
761 2093 802 2140 sed
813 2095 951 2139 meminerat
964 2091 1053 2155 aliquis
1064 2091 1234 2153 intempestivo
1244 2084 1294 2129 loco
1332 2145 1333 2154 ἵ

241 2159 382 2210 discriminis
392 2181 404 2209 a
414 2178 484 2211 scuto
496 2183 538 2228 per
548 2167 634 2212 fretum
648 2167 752 2221 ferente,
770 2177 793 2210 et
802 2175 974 2226 preceptorum
983 2162 1071 2208 Heleni
1081 2177 1136 2223 sup.
1148 2175 1192 2206 vss.
1202 2157 1249 2213 dio
1262 2169 1293 2214 sq·
1332 2169 1333 2174 ’

240 2233 387 2295 Sequebatur
395 2249 448 2299 post
457 2238 502 2284 683
512 2241 537 2284 in
546 2238 676 2300 Virgilinno
686 2236 830 2299 autographo
841 2253 846 2282 :
856 2238 916 2280 Ecce
923 2245 1007 2280 autem.
1018 2259 1052 2268 —
1058 2233 1116 2280 686.
1126 2235 1164 2278 Ne
1172 2229 1234 2276 Gud.
1245 2241 1294 2272 eum

239 2299 330 2366 aliquot
337 2308 412 2364 Pien,
424 2308 465 2354 sed
473 2311 506 2354 Ni
511 2311 607 2372 antique
617 2325 623 2357 ι
635 2326 657 2357 n
668 2311 732 2356 Serv.
743 2309 821 2355 Heius
832 2308 941 2354 Ceterum
952 2305 998 2352 hoc
1008 2302 1203 2350 hemistichium:
1212 2306 1296 2346 cerum

240 2439 337 2504 arbor,
352 2442 416 2496 alias
428 2443 483 2495 Diti
495 2464 585 2512 sacra,
600 2459 630 2496 ut
640 2447 707 2498 Piin.
719 2446 737 2496 i.
789 2443 891 2496 datior:
911 2443 1010 2498 Ventos
1021 2441 1166 2505 secundos,
1182 2438 1229 2508 qui
1242 2447 1295 2484 lum

240 2541 263 2572 c.
279 2523 398 2574 Potuisse
415 2524 489 2575 dicas
502 2545 518 2574 a
529 2541 610 2594 poeta
627 2531 664 2575 sic
679 2530 741 2575 sirn-
789 2541 806 2572 a
816 2536 891 2594 tergo
908 2521 1067 2592 spieubant,
1080 2523 1127 2572 fae
1143 2515 1295 2569 616538Νο-

238 2601 346 2670 piiciter
355 2604 445 2652 ornari
455 2621 513 2652 voc.
525 2601 580 2652 luci
587 2614 636 2667 ,ut
645 2605 741 2655 Diunoe
790 2615 845 2652 tum
865 2602 906 2654 vel
928 2602 1072 2661 Austrum
1094 2601 1132 2652 ab
1151 2598 1205 2650 hoc
1225 2592 1295 2662 rejici

240 2691 319 2742 esset,
328 2680 371 2730 cui
380 2683 488 2730 omnino
497 2681 578 2731 saltus
587 2677 659 2732 curae¹
664 2696 737 2733 sunt:
789 2680 906 2733 debuere
918 2697 1011 2731 versus
1022 2676 1184 2749 Charybdin
1192 2688 1219 2727 et
1226 2670 1295 2742 Scyl·
1333 2741 1334 2754 ἶ

240 2770 309 2810 essct
324 2771 412 2811 tamen
428 2761 466 2812 sic
483 2777 546 2811 usus
563 2761 680 2812 insolens
693 2781 739 2813 cu-

239 2857 401 2909 pressorum.

276 2919 335 2971 682.
350 2921 410 2973 683,
418 2923 478 2996 1Νος
490 2932 563 2972 metu
573 2923 665 2993 agitati
675 2941 740 2992 quo-

240 3016 346 3069 cunque
357 2999 489 3052 malumus
499 3018 604 3052 cursum
615 3001 738 3073 dirigere,

240 3097 321 3149 quam
339 3082 367 3130 in
387 3094 468 3151 portu
484 3100 606 3156 manere:
621 3083 741 3134 rudentes

239 3172 372 3227 excutere,
391 3176 421 3213 ut
436 3163 496 3214 vela
514 3161 647 3233 pandant,
665 3163 740 3236 eroi-

241 3257 319 3304 vere,
333 3241 466 3311 explicare
479 3255 504 3294 et
516 3241 667 3304 intendere;
683 3245 739 3311 jam

241 3337 300 3390 sup.
314 3322 380 3390 267:
395 3341 561 3394 excussosque
560 3324 640 3393 jubet
651 3322 740 3374 laxare

240 3399 368 3450 rudentes.
387 3428 422 3439 -
441 3402 523 3452 vetetis
540 3402 672 3466 secundis,
690 3403 738 3451 int.

242 3494 295 3546 quo
306 3471 400 3529 ¹ventus
412 3479 506 3542 fer-ren
518 3498 572 3531 non
584 3493 739 3550 exspectare

239 3570 363 3621 ventum,
378 3551 455 3628 quern
467 3579 557 3612 cursus
575 3559 738 3630 postulabat.

275 3637 588 3710 684—686AEpturibus
595 3639 739 3690 verborum

237 3719 385 3784 juncturis,
399 3738 465 3789 quas
479 3720 523 3772 hic
534 3722 623 3771 facere
633 3720 718 3788 possis
729 3756 737 3785 ,

241 3808 267 3846 et
282 3815 347 3866 quas
360 3801 458 3869 passim
469 3818 485 3849 a
495 3799 600 3860 Servio,
615 3797 737 3862 Donato,

241 3891 272 3925 ac
286 3877 434 3945 Pomponio
446 3875 507 3925 sab.
523 3873 585 3924 inde
597 3876 685 3944 intpp.
700 3877 712 3926 f
728 3903 739 3916 -

240 3971 299 4005 cere
309 3949 414 4018 videas,
425 3954 471 4004 iila
480 3953 585 4004 videtur
596 3954 739 4006 verborum

240 4025 347 4102 lociq'ue
361 4043 461 4085 nature
476 4033 570 4086 ceteris
588 4030 739 4089 adcommo-

787 2760 841 2811 lem
856 2759 904 2830 (in
919 2777 974 2831 quo
989 2772 1072 2830 poeta
1082 2775 1179 2810 versus
1191 2757 1294 2806 Homer.
1333 2773 1334 2786 ¹

788 2838 884 2910 Odyss.
903 2859 937 2904 μ,
953 2838 1006 2904 426
1030 2856 1091 2908 sqq.
1118 2849 1183 2890 ante
1208 2833 1295 2886 oculos

788 2919 911 2989 habuit);
926 2920 1024 2970 Contra
1033 2915 1137 2968 Heleni
1142 2934 1216 2987 jusso
1226 2912 1296 2983 (mo-

788 3012 884 3052 nuerat
896 3001 932 3063 is,
947 2989 983 3051 ne
1002 3017 1053 3069 per
1072 3000 1175 3049 fretum
1192 2994 1298 3064 naviga·

788 3092 848 3132 rent
860 3073 1014 3150 )ηιοηθηΐ,
1034 3078 1066 3128 ni
1084 3077 1135 3147 (h.
1149 3096 1174 3128 e.
1190 3075 1245 3145 ne)
1263 3083 1298 3122 te-

789 3149 870 3210 neant
881 3155 891 3225 (
902 3160 986 3213 ὠνοῦ
999 3158 1010 3228 )
1023 3174 1132 3207 cursum
1145 3155 1218 3206 inter
1228 3148 1298 3221 Scyt-

789 3237 843 3288 ium
862 3248 943 3308 utque
964 3234 1139 3307 Charybdin,
1160 3243 1299 3302 utramque

789 3318 860 3368 viam
884 3315 932 3366 leti
952 3315 1109 3368 discrimine
1127 3333 1214 3385 parvo
1231 3312 1298 3383 (per

790 3398 1003 3468 appositionem
1017 3407 1151 3466 utraque,
1174 3407 1202 3446 et
1218 3391 1299 3463 Scylla

789 3490 815 3530 et
831 3475 999 3548 Charybdis,
1019 3488 1080 3527 erat
1096 3477 1150 3526 iter
1168 3473 1300 3546 periculo·

788 3575 861 3624 sum,
874 3560 897 3610 si
908 3577 957 3628 per
970 3577 1032 3609 eam
1044 3557 1187 3628 navigatio
1199 3553 1273 3606 fieret
1282 3551 1298 3622 ).

788 3639 906 3702 Tamen,
928 3653 992 3688 curn
1014 3651 1114 3688 ventus
1137 3653 1234 3688 versus
1256 3634 1299 3685 bas

788 3709 877 3788 partes
888 3720 986 3783 ferret,
998 3736 1036 3769 sc.
1047 3719 1083 3770 ab
1097 3717 1214 3770 australi
1225 3715 1300 3787 plaga

789 3800 908 3870 spirans,
921 3808 1025 3848 certum
1035 3808 1074 3848 est
1087 3799 1153 3849 dare
1163 3795 1252 3848 lintea
1268 3813 1301 3844 re·

790 3885 838 3950 tio,
849 3878 876 3930 b.
883 3898 906 3930 e.
911 3880 968 3948 jam
975 3878 1203 3952 decreveramus,
1210 3880 1300 3930 iterum

788 3971 862 4010 mure
869 3957 1039 4010 Adriaticum
1051 3971 1198 4030 repetere3
1210 3977 1298 4030 quum,

789 4055 870 4107 ecce,
902 4040 1004 4093 boreus
1036 4041 1172 4094 exoritur.
1208 4033 1301 4094 Heleni
