2690 4594
389 297 452 360 AD
475 297 677 361 LIBRUM
699 299 772 361 III.¹

513 521 653 536 ψ

341 638 702 728 Exeunsus
736 641 826 727 xr.
887 747 889 758 ,

398 813 577 903 Polyxena
591 817 779 880 immolatio.

95 975 148 1039 111,
160 973 317 1041 321-324.
335 973 358 1024 0
368 971 441 1043 felix
458 992 512 1024 una
530 983 592 1024 ante
603 971 670 1025 alias
682 974 817 1025 Priameia
830 976 902 1048 virqo
910 1014 919 1042 ,
930 979 1058 1035 Hostilem
1074 981 1112 1038 (ιᾰ

57 1052 198 1106 tumulum
212 1053 295 1125 Trojar
303 1054 349 1105 sub
361 1053 488 1104 manibus
497 1050 558 1104 altis
566 1053 642 1104 Jussa
654 1053 738 1118 mori,
750 1071 809 1124 qua
822 1057 926 1109 sortitur
937 1077 990 1110 non
999 1063 1111 1132 pertulit

60 1131 148 1198 ullos,
160 1134 217 1184 Nec
235 1133 338 1184 victoris
349 1130 406 1182 lteri
417 1131 503 1204 tetigit
514 1132 619 1202 captiva
631 1131 734 1184 cubile!
746 1133 855 1185 Fundus
874 1141 1009 1190 sententiat
1018 1144 1045 1192 in
1058 1142 1110 1194 Eu-

63 1215 114 1285 rip.
125 1213 223 1265 Troad.
235 1213 286 1266 626
301 1231 359 1284 sqq.
370 1212 444 1266 Felix
459 1215 551 1283 utique
570 1227 653 1283 pocta
665 1216 693 1264 in
705 1216 761 1282 ejus
774 1218 954 1270 exornatione.
969 1218 1042 1291 Saepe
1052 1241 1111 1274 eam

57 1295 223 1364 tragicicum
230 1296 358 1365 gravitate
367 1305 393 1344 ot
400 1294 569 1344 miseratione
577 1292 821 1355 adhibuere3nimis
829 1295 1108 1368 luxurianterScneca‚

62 1376 90 1424 in
100 1372 197 1424 Troad.
213 1374 301 1440 143-
312 1373 368 1425 163.
379 1372 442 1423 Noa
455 1383 492 1424 est
503 1373 606 1423 Priami
616 1373 764 1425 miseranda
776 1375 829 1424 mei
841 1393 923 1442 mors,
935 1376 1032 1431 Iliades
1044 1394 1111 1448 etc,

63 1454 110 1504 ubi
123 1449 191 1504 adv.
209 1454 257 1520 148
267 1455 347 1504 etiam
357 1471 389 1504 ex
404 1453 555 1504 oratoribus
573 1454 693 1522 exempla
702 1454 795 1507 laudat
804 1455 920 1508 Gronov.
934 1459 1058 1514 Ceterum
1067 1481 1111 1514 va·

63 1535 144 1584 rietus
154 1545 180 1585 et
190 1535 217 1583 in
226 1533 305 1602 hujus
315 1533 411 1586 fabula
421 1535 579 1584 tractatione
589 1544 635 1584 est.
645 1533 761 1586 Achilles
772 1535 907 1607 Polyxena
917 1558 1007 1592 amore
1017 1554 1111 1612 captus

63 1615 92 1664 in
102 1612 211 1665 insidias
220 1613 351 1666 inciderat
360 1636 365 1664 ε
375 1613 470 1664 umbra
480 1615 537 1681 ejus
548 1624 663 1663 amatam
672 1614 789 1683 puellum
802 1616 853 1667 sihi
862 1617 982 1686 postulat
993 1619 1111 1678 debitam

63 1693 160 1764 praedae
176 1707 288 1764 partem.
301 1696 335 1744 Ar
346 1694 478 1766 Polyxena
496 1692 607 1744 Achillis
623 1711 713 1744 amore
725 1681 839 1765 fluitans
856 1696 891 1746 ad
908 1699 963 1765 ejus
980 1700 1112 1750 tumulum

63 1791 158 1824 manus
170 1772 222 1825 sihi
233 1776 314 1826 infert
325 1773 397 1844 apud
407 1774 490 1825 Tzetz.
506 1772 640 1824 Posthom.
653 1773 704 1842 498
722 1791 761 1843 sq.
780 1774 826 1850 ubi
837 1777 871 1827 of.
887 1779 992 1830 Jacobs.
1007 1778 1112 1832 Laudat

61 1854 156 1905 'I'zetza
168 1866 305 1906 auctorem
320 1853 443 1905 Flavium
455 1853 517 1906 503.·
534 1853 581 1902 Est
596 1854 618 1902 it
628 1851 735 1903 Flavius
752 1852 1026 1918 Philostratus‚'vana
1044 1875 1114 1910 oom-

63 1945 153 1984 menta
163 1951 213 2002 pro
225 1932 324 1985 fabulis
337 1934 453 2003 antiquis
470 1949 605 2004 apponere
619 1930 720 1984 tolitus.
731 1932 850 1984 Mactata
863 1946 902 1986 est
912 1936 1042 2008 Polyxena
1052 1952 1113 1992 ante

63 2013 142 2063 {liunt
156 2011 191 2064 ad
207 2013 317 2066 Achillis
331 2014 462 2065 tumulum
477 2015 504 2063 in
520 2012 597 2083 Sigeo
613 2033 619 2062 ε
635 2012 709 2082 quod
718 2013 843 2083 Virgilius
862 2033 969 2085 quoquo
984 2021 1113 2087 sequitur.

61 2089 181 2156 Contra,
192 2109 253 2144 cum
271 2091 399 2164 Euripide
417 2094 445 2142 in
464 2091 589 2157 Hecuba,
601 2091 647 2142 alii
664 2093 691 2141 in
702 2089 818 2142 Thracia
836 2092 943 2144 demum
956 2096 1115 2167 Polyxenam
1158 2105 1162 2110 '

62 2171 197 2224 immolari
215 2174 332 2239 faciunt,
346 2190 413 2245 quos
430 2170 551 2241 sequitur
562 2170 673 2223 Ovidius
689 2172 753 2222 Met.
764 2171 838 2236 XIII,
851 2173 902 2240 442
916 2191 974 2245 sqq.
985 2176 1024 2227 De
1037 2181 1118 2229 sorti-

63 2253 154 2314 tione,
171 2248 359 2319 runpa‘rufhao
371 2255 538 2323 captivarum
556 2249 668 2302 ducibus
685 2248 782 2302 Graecis
798 2253 827 2301 in
845 2251 940 2320 praedte
956 2267 1032 2324 parte
1050 2257 1116 2307 assi-

61 2328 232 2400 gnandamm
250 2331 301 2381 loo.
320 2331 398 2383 class.
417 2332 510 2402 Eurip.
530 2329 629 2380 Troad.
649 2329 699 2380 235
717 2347 776 2399 sqq.
796 2331 831 2380 ci.
849 2331 940 2397 Quint.
966 2332 1022 2384 Cal.
1044 2334 1114 2398 XIV,

63 2411 116 2461 382
128 2427 186 2481 sqq.
201 2423 226 2462 ot
235 2413 340 2464 Tabula
352 2413 433 2464 Iliaca
444 2429 471 2463 ιι.
487 2425 531 2461 ιιι
549 2427 608 2480 sqq.
620 2422 646 2461 et
657 2409 774 2461 I'abrett.
786 2429 813 2481 p.
825 2409 890 2481 378,
903 2411 965 2464 add.
976 2413 1115 2485 Polygnoti

62 2490 186 2541 tabulam
195 2494 222 2543 in
232 2494 344 2546 Pausan.
356 2495 395 2559 X,
406 2492 448 2544 ι6.
460 2490 501 2544 ι5.
513 2492 548 2543 ol.
560 2507 619 2561 sup.
630 2489 665 2542 ad
675 2491 712 2556 ll,
723 2489 783 2559 766.
794 2503 820 2543 ot
828 2492 927 2544 Jacobs
937 2492 972 2545 ad
979 2495 1113 2552 Posthom,

65 2570 129 2638 498·
561 2599 566 2610 ·
628 2634 632 2643 .

335 2873 700 2966 EXCURSUS
734 2875 852 2960 XII.

422 3045 630 3131 Neoptolemi
644 3043 762 3110 credes.
870 3136 872 3139 .

104 3207 158 3272 111,
171 3223 203 3277 ²7
217 3221 274 3274 sqq.
284 3203 338 3256 Nos
347 3201 437 3273 patria
450 3201 553 3254 incensa
560 3239 569 3266 ,
581 3201 680 3253 diversa
688 3218 851 3273 peraequare
861 3181 1029 3256 vecta-Ati
1039 3203 1117 3258 illum

66 3318 107 3333 -
117 3288 215 3339 Orestes
223 3282 333 3354 Excipit
349 3282 488 3332 incautum
501 3280 654 3354 patriasque
671 3281 810 3332 obtruncat
823 3282 860 3332 ad
871 3299 936 3334 aras.
947 3285 1070 3342 ¹Primum
1084 3287 1117 3342 de

67 3371 124 3424 hoc
135 3367 249 3418 monebo
259 3387 265 3417 :
274 3359 460 3415 Andromache
471 3367 582 3432 sequuta
595 3374 652 3414 erat
661 3373 790 3432 tanquam
799 3365 905 3432 captiva
914 3364 1118 3435 Neoptolemum

69 3467 120 3500 seu
133 3444 260 3518 Pyrrhum
271 3467 277 3495 ι
291 3445 365 3512 cujus
380 3459 482 3494 errores
492 3444 565 3494 varie
575 3439 666 3494 traditi
680 3453 755 3505 sunt,
767 3460 783 3492 a
793 3440 928 3512 plerisque
938 3443 989 3507 ita,
999 3458 1029 3495 ut
1040 3450 1120 3498 mari·

70 3530 131 3581 timi
144 3539 245 3588 essent3
258 3526 291 3578 ab
304 3526 362 3578 aliie
373 3525 491 3576 terrestri
501 3525 610 3576 itinere:
627 3523 680 3575 hoc
695 3523 808 3575 alterum
821 3537 949 3594 sequutus
959 3538 1016 3577 erat
1026 3541 1119 3580 auctor

66 3603 166 3661 Νόστων
176 3605 321 3660 secundum
333 3604 456 3657 Proclum
466 3626 472 3656 :
484 3601 641 3670 Νιοπτὸλιμος
654 3601 691 3664 li,
702 3599 799 3659 Oiatltr
812 3601 963 3669 ὑπιθιμέιις,
976 3608 1037 3674 πεζῇ
1048 3609 1120 3658 nott?-

62 3707 112 3740 παι
121 3683 267 3755 altra-optim,
275 3685 315 3736 tal
322 3682 504 3756 trapaqtrt'purtt
514 3683 543 3740 *ῖς
552 3679 642 3753 Θρᾴκην
650 3679 769 3736 'ottrot‘t
775 3681 954 3750 καταλαμβάνει
964 3685 986 3737 ir
995 3686 1025 3754 aqi
1033 3695 1120 3754 Mapo-

68 3768 133 3829 w'a,
140 3763 179 3817 troi
190 3763 220 3818 ri
228 3762 306 3820 totali
317 3764 378 3820 itin
389 3767 428 3821 ric
440 3765 507 3826 llot'r',
519 3762 739 3818 ieiunorium
751 3766 843 3818 Φοίνικι
852 3762 958 3817 olaus·
972 3761 1042 3820 alric
1053 3763 1080 3818 li
1091 3767 1120 3822 tie

68 3844 206 3903 Μολοσσοὺς
218 3845 351 3914 ἐφικόμενος
363 3846 546 3916 ἱναγιαρίξνιαι
559 3848 638 3898 Hirtii.
649 3849 746 3900 Noster
759 3859 840 3918 poeta
848 3847 975 3918 Tragicos
990 3864 1051 3897 oum
1061 3848 1122 3897 Pin·
1144 3843 1147 3854 ¹

70 3928 141 3979 dara
153 3927 187 3977 N.
198 3943 229 3995 7,
240 3926 273 3980 53
283 3945 322 3998 sq.
333 3941 462 3999 sequutus
474 3929 541 3979 mari
553 3926 663 3978 rediisse
672 3926 801 3998 Pyrrhum
812 3925 951 3996 significat.
963 3926 1061 3974 Porro:
1072 3923 1121 3996 qui

70 4007 169 4059 deinde
179 4019 303 4078 sequutus
317 4009 436 4062 adeam
452 4008 624 4061 Hermionam
640 4007 901 4077 Lacedoemoniosque
917 4005 1062 4073 ltymenoeos
1074 4005 1120 4058 Me

901 4093 943 4144 30.
