2690 4594
187 375 191 386 ,
270 379 276 394 fi
328 300 564 368 AENEIDOS
588 302 742 366 LIBER
764 303 836 365 Ill.

63 419 144 520 Spes
157 427 307 518 etpacis,
321 427 479 504 ait.,Tum
492 425 628 502 numina
640 441 750 490 sancta
761 447 934 514 precamur

65 536 202 602 Palladis
214 535 402 612 armisonae,
417 555 491 622 quae
503 532 609 621 prima
620 530 752 620 adcepit
765 532 908 611 ovantis3

66 645 107 706 Et
118 643 227 731 capita
235 657 310 705 ante
322 661 398 716 aras,
405 639 548 728 Phrygio
561 638 710 703 velamur
720 638 858 732 amictu3

66 748 306 835 Praeceptisque
320 745 455 824 Heleni,
470 743 609 808 dederat
621 764 695 834 quae
707 765 872 822 maxuma,
885 743 946 808 rite

63 852 189 934 lunoni
200 851 327 938 Argivae
335 849 445 940 jussos
457 848 633 914 adolemus
646 849 801 914 honores.

112 955 209 1021 Haud
221 975 331 1020 mora:
345 957 505 1021 continuo
518 955 673 1044 perfectis
684 954 802 1018 urdine
814 957 913 1036 votis,

63 1067 197 1128 Cornua
210 1062 390 1127 velatarum
403 1062 607 1126 obvertimus
619 1077 852 1142 antennarum,

66 1169 362 1260 Grajugenumque
375 1167 494 1233 domos
507 1168 918 1258 suspectaquelinquimus
929 1183 1016 1233 arva.
1073 1184 1116 1229 550

70 1279 158 1342 Hinc
171 1277 263 1340 sinus
277 1275 446 1366 Herculei,
461 1275 489 1340 si
501 1295 578 1339 vera
591 1291 640 1340 est
651 1275 751 1353 fama,
765 1275 901 1340 Tarenti
1097 1313 1101 1344 .

1044 309 1107 393 re

1038 689 1040 700 .
1065 651 1109 709 ’545

99 1467 151 1526 543.
169 1463 224 1531 Spes
241 1477 276 1514 est
289 1433 314 1532 pi
331 1481 385 1514 ante
401 1469 494 1524 Heins,
512 1478 539 1514 ut
549 1468 657 1531 plerique
671 1468 740 1514 codd.
757 1480 781 1514 et
791 1468 863 1526 adda,
880 1471 949 1515 etiam
962 1471 987 1514 in
1003 1471 1119 1517 S'ervianis'
1168 1485 1170 1492 ’

66 1540 98 1586 ad
109 1557 131 1586 v.
146 1539 189 1602 537
199 1550 230 1586 'et
246 1553 299 1602 sup.
319 1539 348 1585 ad
364 1540 386 1595 l,
404 1538 457 1596 443.
474 1540 520 1585 Sed
539 1540 626 1585 Medic.
643 1555 696 1586 curn
712 1539 763 1585 aliis
773 1539 908 1586 melioribus
919 1543 974 1604 Spes
985 1550 1008 1586 et
1020 1558 1043 1605 p.
1062 1543 1120 1586 Cum

65 1613 126 1658 'alter
138 1612 230 1673 Menag.
250 1615 344 1657 numina
359 1620 453 1656 sumta:
470 1610 500 1656 ad
517 1611 541 1656 b.
560 1628 582 1656 v.
599 1611 713 1673 Pompon.
733 1611 785 1656 Sah.
809 1614 866 1656 «lta
883 1621 906 1658 et
923 1612 1011 1657 Probus
1030 1611 1082 1676 [epit
1096 1617 1121 1657 et

66 1685 221 1747 Apronianus.
233 1699 243 1726 n
255 1685 313 1743 Quae
323 1684 383 1730 adeo
392 1682 550 1728 memorabilis
559 1682 598 1727 hic
609 1685 638 1728 sit
648 1685 753 1738 varietas,
763 1697 945 1745 nou-assequor;
957 1685 1001 1728 nisi
1011 1696 1045 1729 est
1054 1684 1120 1746 quod

66 1756 108 1800 alii
127 1771 193 1800 sacra
206 1756 383 1814 exhibuerunt,
402 1766 429 1800 ut
438 1770 468 1800 ex
480 1769 526 1800 see.
541 1753 624 1820 llamb.
638 1765 661 1800 et
674 1754 740 1800 Leid.
755 1757 844 1800 noterit
859 1756 938 1800 Burm.
954 1770 987 1789 ··-
999 1753 1052 1810 544.
1069 1769 1121 1819 quae

65 1831 165 1891 primum
174 1826 222 1873 duo
231 1829 314 1874 Moret.
327 1839 350 1874 et
360 1826 469 1872 Rottend.
480 1841 526 1872 see.
537 1851 570 1862 -
581 1824 633 1882 545.
646 1829 719 1889 capite
729 1825 766 1872 ed.
778 1828 843 1871 Junt.
853 1830 924 1890 eapite
933 1825 1062 1872 -ventar
1073 1827 1123 1871 uuz
1182 1841 1184 1846 ’

67 1898 148 1942 finian.
162 1896 193 1942 de
201 1896 292 1942 Schera.
304 1898 360 1943 lrex.
371 1913 395 1959 p.
408 1897 436 1943 35
450 1897 508 1954 (255
518 1897 533 1954 ).
545 1897 618 1959 capite
628 1909 651 1942 et
665 1904 746 1959 captate
754 1894 854 1942 velumus
863 1913 903 1943 sex
912 1896 950 1943 vel
959 1909 1048 1960 septem
1058 1895 1122 1959 apud

67 1967 147 2010 Burin.
158 1968 217 2011 miro
226 1965 307 2028 lapsu:
315 1992 346 2002 -
354 1975 407 2012 ante
414 1979 481 2012 aram
491 1966 554 2012 idem
562 1966 679 2012 Rufinian.
689 1965 706 2011 l.
714 1983 735 2012 c.
745 1965 815 2013 Goth.
823 1978 876 2012 tert.
883 2001 890 2023 ,
897 1965 1011 2012 Montalb.
1023 1978 1046 2012 et
1055 1965 1121 2010 Voss.

66 2035 108 2080 hic
118 2039 187 2082 etiam
194 2036 305 2093 velantur,
314 2049 337 2084 et
349 2037 419 2084 wall.
433 2053 445 2082 a
455 2053 486 2082 nr.
496 2043 533 2100 pr.
543 2035 639 2084 relatur.
647 2063 678 2074 ·-
685 2037 737 2095 548.
748 2038 854 2102 profectis
861 2040 942 2084 Franc.
953 2064 984 2074 —·
994 2037 1046 2096 549.
1056 2051 1123 2083 aver-

65 2110 136 2152 tenus
145 2111 207 2171 conj.
218 2111 255 2155 Jo.
266 2109 388 2157 Schrader.
400 2113 426 2156 in
436 2108 536 2156 schedis.
546 2108 613 2156 ldem
623 2122 701 2156 tamen
708 2110 830 2156 commode
840 2109 922 2156 laudat
931 2108 1000 2156 Orid.
1011 2109 1068 2154 Met.
1077 2109 1121 2162 111,

66 2176 115 2238 676
130 2177 242 2225 obstantes
255 2180 311 2225 dum
322 2179 374 2226 vult
387 2179 501 2226 obvertere
517 2185 597 2224 remeet
612 2171 770 2224 annmna'rcm
781 2179 889 2224 scribunt
903 2177 971 2224 multi
985 2177 1054 2223 codd.
1071 2183 1123 2222 ante

66 2252 183 2295 minarum
194 2251 262 2298 Goth.
274 2251 340 2298 alter.
350 2277 383 2287 -
395 2253 447 2298 550.
466 2249 549 2296 domus
558 2249 620 2295 Gud.
632 2258 686 2296 cu'm
698 2249 756 2296 aliis.
769 2251 860 2297 domum
868 2265 915 2296 sec.
924 2250 1009 2295 Moret.
1020 2266 1033 2294 a
1044 2265 1075 2294 m.
1086 2264 1122 2311 pr.

67 2413 155 2474 equos
186 2403 317 2460 candidos
350 2407 573 2480 triumphantium

68 2483 125 2536 huc
147 2484 267 2564 advocet.
285 2481 395 2542 Fundus
417 2490 591 2559 interpreta-¹

69 2567 169 2632 tionis,
183 2586 263 2639 quam
276 2569 407 2623 Anchises
426 2571 507 2632 facit,
520 2587 575 2622 nou

68 2646 251 2714 incendere,
271 2651 320 2703 sed
339 2653 367 2703 in
379 2668 411 2720 eo
432 2663 488 2719 est,
501 2648 575 2721 quod

70 2729 135 2797 equi
148 2729 228 2779 etiam
237 2730 332 2801 jugum
344 2732 442 2782 ferunt.
483 2769 485 2779 .

105 2803 166 2872 543.
174 2806 233 2875 544.
242 2808 574 2874 Palladisacr'umfaciunr,

67 2887 149 2956 'cujus
171 2886 302 2958 templum
322 2890 350 2940 in
371 2907 403 2940 eo
425 2898 526 2960 portu,
548 2907 573 2938 r.

69 2985 131 3042 sup.
147 2965 206 3020 531.
220 2970 297 3020 Hunc
306 2969 424 3033 intrant,
438 2981 464 3020 ct
476 2978 576 3020 terram

67 3047 201 3116 capiunt,
214 3048 252 3098 ita
263 3059 293 3096 ut
305 3060 353 3110 ea,
365 3054 494 3118 tanquam
514 3045 577 3098 hos-

69 3127 158 3198 pitio,
171 3143 217 3177 eos
230 3119 365 3196 excepisse
377 3125 463 3178 videri
475 3137 575 3195 posset.

67 3205 394 3274 ovantesornatiusquam
402 3202 578 3268 ηος.Μοι545

70 3295 222 3356 -spectat
234 3282 270 3336 ad
290 3301 349 3355 sup.
372 3283 424 3349 403
443 3299 502 3353 sqq.
517 3281 576 3350 546.

71 3359 136 3433 547.
150 3363 256 3414 dederat
266 3381 325 3436 quoe
337 3363 455 3414 maxima
470 3363 579 3434 respicit

72 3462 135 3514 sup.
157 3442 210 3510 435
236 3462 320 3496 renum
341 3440 412 3494 illud
423 3472 458 3480 -
469 3439 578 3513 proequ'e

72 3521 197 3574 omnibus
217 3540 310 3574 unum.
331 3520 468 3594 preceptis
489 3538 539 3590 pro
563 3535 578 3574 e

72 3612 211 3674 precepto
226 3601 329 3654 Heleni.
348 3599 454 3672 Arpivoe
474 3617 499 3650 v.
519 3615 576 3671 sup.

73 3683 104 3749 1,
120 3680 169 3745 24,
183 3679 230 3732 sed
240 3680 267 3731 h.
281 3680 299 3731 l.
314 3691 419 3732 tantum
430 3690 517 3730 ornet.

112 3759 210 3827 548-
223 3759 282 3813 550.
307 3763 373 3813 Item
392 3778 424 3811 ex
444 3770 578 3831 praecepto

73 3839 173 3892 Heleni
183 3858 241 3911 sup.
252 3859 277 3892 v.
289 3841 341 3912 396
352 3859 391 3912 sq.
402 3842 491 3892 Potest
501 3857 578 3892 sacro

75 3921 132 3972 hoc
152 3922 225 3974 facto
247 3924 389 3994 occupatio
408 3921 491 3996 ltalia
506 3922 580 3973 facta

623 2408 718 2462 videri.
735 2407 788 2462 Sed
806 2405 904 2458 similes
916 2405 987 2458 Juris
999 2403 1123 2477 'gentium

625 2501 671 2542 aut
682 2487 785 2559 publici
801 2488 924 2538 notiones
941 2488 1010 2538 inter
1021 2491 1123 2537 veteres

625 2587 679 2620 non
691 2570 779 2628 fuere;
789 2567 842 2617 fuit
851 2583 958 2616 sacrum
969 2557 1124 2633 xdprrrr'pnn

625 2648 781 2702 obvertimus
793 2664 829 2698 se.
844 2638 950 2717 pelago,
963 2646 991 2696 in
1003 2644 1123 2717 pelagus,

623 2729 764 2782 inultum:
779 2741 809 2778 nt
820 2728 874 2793 Ἦ,
888 2727 905 2778 3
920 2726 1065 2778 Obvertunt
1077 2745 1125 2796 pe*

625 2807 684 2882 lupo
696 2825 801 2880 proras.-
814 2825 877 2858 nam
885 2807 907 2857 si
919 2825 934 2858 e
944 2824 1018 2876 sequ.
1029 2824 1124 2869 versu,

624 2887 742 2942 domibus
756 2887 789 2938 G.
808 2885 835 2938 h,
855 2903 878 2938 e.
897 2885 986 2948 litori;
1002 2898 1059 2936 tum
1076 2901 1126 2954 po-

624 2971 676 3020 tius
689 2977 758 3018 esset
770 2974 884 3016 avertere
897 2961 971 3027 vela,
988 2974 1125 3014 antennas.

624 3064 675 3117 pro
690 3044 732 3095 his
753 3042 858 3094 doctius
878 3055 977 3092 cornua
995 3051 1126 3092 antenna·

626 3132 685 3175 r'um
698 3158 707 3188 ‚
731 3122 830 3192 napata..
858 3117 1005 3171 velatarum
1018 3157 1027 3184 ,
1050 3118 1077 3169 h.
1102 3138 1125 3170 e.

627 3202 692 3256 velis
704 3194 873 3266 indutarum,
883 3211 913 3251 ut
925 3199 990 3250 alias
1002 3192 1126 3271 veliferas

628 3282 692 3348 Mox
703 3282 839 3350 trajiciunt
846 3277 938 3354 Sinum
943 3279 1127 3342 Tarentinum

629 3359 662 3412 de
674 3357 805 3412 Herculeo
822 3359 935 3411 Tarento
945 3376 970 3408 v.
988 3357 1049 3409 Exc.
1067 3359 1128 3408 xlv

629 3439 664 3493 ad
681 3439 709 3490 h.
729 3457 754 3488 v.
767 3437 919 3489 Obscurum
931 3449 987 3500 est,
1001 3437 1129 3508 quorsum

627 3519 674 3571 illa
690 3527 825 3590 spectent:
838 3516 932 3572 sicera
948 3527 985 3568 est
996 3516 1084 3587 fama.
1098 3518 1129 3570 ln

627 3595 758 3652 Herculeo
773 3596 885 3649 Tarento
900 3595 1008 3650 subesse
1020 3615 1129 3656 necesse

629 3693 669 3732 est
682 3678 819 3742 fabulam,
836 3697 907 3732 nunc
927 3679 1081 3743 obscuram,
1094 3677 1128 3733 de

628 3761 739 3813 Tarenti
771 3759 918 3831 originibus
950 3759 985 3813 ab
1015 3758 1135 3814 Hercule

629 3841 730 3906 ductlst
744 3859 805 3892 cum
820 3840 901 3914 vulgo
921 3840 956 3893 ad
967 3841 1128 3902 Tarantem,

628 3920 747 3992 Neptuni
759 3921 796 3986 f.‚
809 3938 846 3974 οε
862 3920 1020 3976 referantur.

907 4021 949 4076 27.
