2718 4598
419 301 485 364 AD
509 300 709 364 LIBRUM
733 299 793 366 ΙΙ.Ι
1060 313 1119 383 351

74 420 162 474 Italia
175 434 247 475 terra
265 433 321 473 tum
334 434 392 474 erat
404 424 510 494 ignota,
530 424 637 475 obscuri
660 425 775 477 nominis
794 439 820 478 et
837 429 921 500 ignoti
939 434 1020 501 situs,
1039 441 1123 492 multo

77 506 164 574 magis
175 503 279 554 Tiberis
287 523 295 564 ;
309 502 380 554 unde
392 501 425 554 de
443 522 476 554 eo
497 523 552 556 non
564 505 633 556 male
646 507 693 556 inf.
713 505 760 557 lib.
774 509 811 568 V,
826 509 860 561 83
872 511 1043 582 Λιιεοηίιιηι,Ι
1063 523 1124 590 qui.
1233 495 1235 506 ¹

79 600 187 652 cunque
198 595 251 648 est,
265 599 381 654 quarere
395 581 535 653 Thybrim
554 584 680 655 quodque
700 585 804 638 Creusae
823 591 967 657 monitum,
990 608 1018 646 ut
1039 599 1126 651 solent

78 677 122 712 ras
137 660 257 712 obscura
269 674 316 713 aut
334 663 421 714 minus
433 663 602 734 probabiles,
615 683 709 735 parum
724 664 775 716 alte
788 667 815 740 in
833 669 921 720 AEneae
934 673 1051 724 animum
1063 671 1126 728 des.
1229 703 1232 714 ·

79 740 222 803 cenderat;
239 761 295 794 non
310 744 394 814 magia
407 762 439 794 ao
450 743 606 796 Cassandrae
619 746 775 797 vatiainium
785 746 831 798 lib.
847 748 898 822 Ill,
915 751 963 804 183
976 770 1034 825 sqq.
1048 757 1126 811 Unde

77 832 106 872 et
118 822 247 875 Anchises
259 824 298 875 ibi
310 823 431 896 adjungit
440 842 464 875 v.
482 825 539 878 186.
561 826 608 895 187
620 826 672 878 Sed
685 826 745 898 quis
755 828 791 878 ad
802 829 935 901 Hesperia
953 846 1074 889 venturos
1090 839 1126 890 ti·

79 911 137 951 tora
156 903 267 955 Teucros
282 905 410 955 crederet!
426 907 501 956 Bona
517 917 557 958 est
575 907 603 957 in
621 905 692 959 hane
710 908 769 960 lere
781 912 940 964 sententiam
951 927 1017 969 nota
1027 917 1126 971 Holds-

79 981 175 1034 worthi
187 1002 214 1054 p.
229 985 288 1038 236.
300 986 333 1037 cf.
347 1004 376 1057 p.
391 985 450 1038 232.

335 1291 700 1382 EXCURSUS
734 1295 899 1386 XVI.·

410 1465 710 1552 Lacfferiortmab
723 1466 799 1532 [aa.
827 1553 829 1558 Ι

118 1623 157 1688 11,
171 1621 220 1675 801
234 1623 350 1695 Jamque
356 1623 429 1696 juqis
439 1640 548 1675 summa
558 1625 680 1696 surqebat
690 1625 799 1696 Lucifer
807 1626 861 1678 Ide
869 1629 1039 1707 Ducebatqae
1048 1639 1126 1693 diem,

80 1703 155 1754 Noto
175 1715 316 1775 poetarum
336 1723 411 1760 more
430 1703 520 1756 sidera
538 1704 674 1756 montibus
695 1707 818 1757 oriuntur
835 1709 877 1761 vel
899 1713 1039 1781 occidunt3
1057 1739 1081 1772 v.
1103 1743 1126 1774 c.

81 1783 210 1854 apollon.
223 1784 250 1850 l,
270 1783 353 1854 1273,
366 1802 446 1856 quern
465 1796 555 1836 autern
567 1783 648 1836 alium
661 1802 741 1859 qaam
759 1785 834 1838 Idam
851 1803 968 1844 montem
981 1781 1129 1855 memorare

79 1864 110 1916 h.
125 1865 142 1916 l.
160 1878 268 1936 poterat
284 1869 384 1938 poeta?
399 1868 440 1919 lta
455 1866 547 1936 Eurip.
564 1865 663 1918 Troad.
687 1866 761 1919 1068.
780 1867 855 1920 Idam
871 1867 968 1939 τέρμονα
984 1879 1130 1946 πρωτοβόλοι

81 1945 145 2012 αἰκίᾳ
158 1946 251 2000 eadem
259 1949 364 1999 ratione
371 1959 509 1999 memorat.
520 1947 693 2000 Grammatici
702 1960 791 1998 tamen
799 1947 909 2004 alteram
917 1953 989 2008 illam
999 1959 1130 2028 formam,

80 2025 134 2075 tibi
145 2026 239 2078 deserit
248 2028 378 2098 Hesperus
394 2027 493 2078 OEtam
504 2027 565 2077 Vlll
575 2026 632 2077 Ecl.
645 2026 688 2079 30.
704 2042 890 2099 comparantes
902 2049 983 2104 snper
994 2036 1042 2088 Ida
1052 2058 1130 2112 argu-

82 2117 185 2156 tantur.
199 2108 328 2178 Pompon.
341 2106 403 2158 sab.
419 2105 454 2158 ad
469 2105 497 2157 h.
510 2105 527 2156 l.
548 2106 677 2158 Describit
696 2106 782 2178 diem,
800 2127 861 2158 eum
879 2110 919 2161 sol
937 2113 964 2164 in
980 2116 1061 2168 ariete
1079 2129 1131 2185 est,
1148 2167 1151 2176 Δ

80 2195 144 2234 tum
157 2183 261 2236 videtur
270 2187 336 2238 oriri
346 2207 361 2240 e
372 2187 511 2237 cacumine
522 2185 617 2237 montis
629 2185 691 2236 Ide.
705 2186 776 2258 Erpa
786 2197 812 2237 et
822 2205 908 2240 mense
918 2190 1018 2244 Martio
1029 2195 1133 2267 direpta

78 2263 171 2334 fuerit
182 2265 268 2338 Troja.
282 2269 321 2320 De
336 2267 389 2320 hoc
404 2266 529 2338 quidem,
542 2264 615 2336 quod
628 2265 723 2316 ultimo
735 2266 796 2318 loeo
810 2269 943 2337 positum,
957 2271 1034 2325 aliter
1045 2276 1132 2328 tradi-

82 2343 181 2395 derant
192 2359 309 2412 veteres,
323 2367 348 2399 v.
368 2349 515 2400 Excursum
532 2345 567 2397 ad
584 2345 630 2396 lib.
648 2346 685 2396 lll
706 2347 792 2416 princ.
811 2347 892 2413 Quod
914 2348 948 2400 atl
967 2353 1043 2420 prius
1063 2354 1132 2406 illud

82 2425 196 2491 attinet,
210 2444 245 2477 an
259 2444 352 2479 verum
364 2429 399 2478 sit
410 2426 454 2492 id,
468 2424 542 2497 quod
560 2427 623 2478 satis
643 2425 776 2478 subtiliter
794 2439 900 2480 enarrat
919 2423 1131 2498 (immanens,

82 2505 185 2555 nescio.
197 2505 232 2556 At
241 2506 309 2558 illud
321 2509 384 2560 satis
394 2518 512 2573 constat,
522 2499 633 2578 'poetam
642 2524 697 2558 non
707 2505 741 2558 de
749 2505 823 2573 Sole,
835 2508 885 2559 aad
894 2508 927 2562 de
937 2511 1047 2564 Veneris
1055 2513 1133 2566 stella

83 2585 170 2655 loqui.
184 2586 264 2638 Aliud
276 2590 348 2640 circa
360 2588 423 2640 solis
437 2599 525 2639 ortum
537 2587 732 2659 phaenomenon
744 2597 908 2641 memoratur
920 2609 952 2642 ex
963 2605 1054 2646 monta
1067 2591 1131 2659 lda,
1204 2649 1206 2658 s

82 2665 135 2717 aad
143 2683 198 2717 non
210 2669 261 2718 nisi
273 2671 346 2721 cirea
357 2669 490 2722 Canicula
500 2682 598 2735 ortum,
611 2667 685 2739 apud
694 2667 804 2720 Diodor.
815 2671 896 2736 XVII,
910 2689 934 2742 7.
946 2685 972 2724 et
981 2674 1087 2727 Lucret.
1098 2676 1133 2740 V,

82 2745 138 2796 662
158 2763 216 2816 sqq.
229 2746 290 2800 vide
301 2750 378 2800 Voss.
393 2749 427 2801 ad
436 2749 535 2802 Melam
546 2749 592 2800 lib.
606 2750 632 2814 1,
645 2768 667 2800 c.
690 2749 730 2800 18.
743 2749 897 2820 Laeifemm
910 2765 1012 2819 antem,
1023 2769 1071 2806 seu
1082 2756 1134 2806 Ve-

84 2825 158 2874 neris
170 2825 288 2896 stellam,
300 2830 380 2883 etiam
390 2847 451 2881 cam
463 2842 587 2900 respectu
604 2828 702 2880 fabulae
714 2846 875 2881 memorasse
891 2831 999 2882 videtur
1010 2851 1025 2884 a
1042 2832 1133 2884 Servio

84 2915 114 2954 et
123 2903 244 2958 Varrone
255 2905 379 2960 laudata.
391 2908 501 2960 Stellam
513 2910 583 2960 anim
593 2907 667 2959 illam
681 2907 716 2958 ab
726 2909 822 2972 AEnea,
834 2909 921 2961 donec
931 2910 965 2961 ad
975 2911 1135 2962 Laurentem

84 3001 182 3055 agrum
200 2989 331 3050 venisset,
351 3005 455 3059 semper
475 2991 559 3040 fnisse
576 2989 678 3052 visam,
697 3000 834 3040 narratum
851 3003 898 3042 est.
919 2992 953 3042 ol.
973 2992 1088 3062 Disquis.
1109 2992 1135 3042 11

84 3079 107 3112 s.
120 3065 176 3116 Vll.
189 3067 236 3116 Est
255 3067 346 3142 aliqua
357 3081 498 3139 poetarum
512 3085 555 3120 ars
569 3070 650 3120 etiam
661 3069 689 3118 in
700 3065 756 3136 his,
769 3071 813 3122 oui
824 3083 912 3122 tamen
932 3070 1069 3143 indulgere
1084 3071 1134 3124 ad-

85 3143 200 3196 modum
211 3145 303 3202 nolim.

542 3321 683 3336 m

219 3514 221 3521 .
328 3443 693 3537 axonasns
728 3445 893 3580 xvir.

87 3653 91 3668 ·
157 3624 212 3696 De
225 3621 344 3688 AEneae
354 3619 496 3688 discessu
508 3645 554 3686 ex
568 3620 662 3700 urbe;
673 3625 803 3712 qusque
812 3635 954 3707 putreat
964 3626 1071 3712 stirpe.

125 3784 150 3836 ll
167 3782 217 3834 snb
231 3781 275 3832 fin.
291 3779 407 3854 Copiose
425 3793 452 3835 et
466 3793 560 3836 ornate
579 3794 688 3854 poetam
707 3781 765 3833 fata
784 3792 811 3834 et
832 3782 904 3834 facta
921 3783 1009 3838 AEneae
1029 3787 1057 3836 in
1075 3788 1134 3858 ipsa

88 3868 176 3936 Trojre
189 3863 292 3916 excidio
305 3881 437 3937 exponere
449 3864 571 3916 vidimus.
592 3864 627 3913 Ut
643 3873 733 3915 tamen
747 3877 889 3934 appareat,
904 3865 1069 3934 partimhaec
1087 3870 1135 3918 mi-

89 3949 162 4005 nime
181 3955 290 4015 poetam
301 3957 399 3998 temere
413 3959 439 3999 et
458 3945 492 3998 ad
504 3943 643 3996 libidinem
659 3941 780 4008 linxisse,
794 3947 892 4015 partim
912 3963 965 4015 quo
977 3945 1022 3997 ille
1032 3946 1134 4015 jndicio

89 4029 161 4082 inter
173 4024 263 4097 pluras
275 4027 441 4082 narrationes
461 4044 533 4093 eam,
549 4041 606 4097 quae
626 4023 677 4084 sibi
695 4025 836 4082 utilissima
847 4037 918 4093 erat,
937 4025 1073 4096 amplexus
1085 4028 1134 4094 sit,
