2724 4580
284 383 289 396 ,
367 309 881 411 austoosmueat„
1053 321 1110 390 nt

81 435 145 505 Nos
155 435 259 529 ‘l'roja
270 438 418 526 antiqua,
432 437 459 500 si
471 454 593 504 vestras
604 435 690 504 'forte
702 461 762 529 per
772 444 858 506 auris
1068 459 1111 520 37⁵

81 543 188 634 Trojae
200 565 324 607 nornen
335 542 385 620 iit,
399 539 526 607 diversa
538 565 599 630 per
609 541 741 634 aequora
752 563 862 610 vectos
949 537 952 545 ’

82 649 178 714 Forte
191 671 250 714 sua
262 647 391 736 Libycis
404 661 579 734 tempestas
590 647 717 736 adpulit
729 651 803 714 oris.

81 753 160 818 Sum
171 755 247 842 pius
259 754 389 832 AEneas,
402 769 513 840 raptos
525 749 582 842 qui
594 777 634 817 ex
645 753 739 819 hoste
751 757 885 822 Penates

83 859 191 923 Classe
203 857 289 923 veho
301 879 445 938 mecum,
460 858 545 922 fama
558 877 657 946 super
668 859 788 925 athera
801 877 906 926 notus.

83 959 210 1028 Italiam
222 947 913 1060 quaeropatriaru,genusabJovesumm'o.
1073 981 1118 1036 tte

89 1137 205 1184 Corradus
221 1140 254 1183 ait
270 1137 327 1184 alios
342 1137 421 1200 leegre
429 1154 451 1185 v·
464 1139 543 1184 Burin.
554 1139 613 1184 Sunt
628 1137 677 1185 scil.
689 1138 759 1185 codd.
769 1129 808 1203 api
820 1142 927 1186 Pieriam.
938 1141 991 1187 Post
1000 1157 1021 1188 v.
1033 1142 1077 1206 374
1093 1146 1119 1189 in

82 1209 154 1255 eraev.
165 1209 218 1254 cod.
230 1211 323 1270 spurius
332 1223 410 1255 ventu
427 1210 547 1270 subjectus
563 1221 628 1256 erat:
644 1210 717 1268 Quom
730 1209 769 1256 tibi
778 1220 904 1257 metrorum
912 1221 1120 1262 sumetursumrua

85 1275 191 1325 mmm.
202 1301 235 1316 -·
244 1280 297 1342 375.
310 1278 403 1326 Vettius
412 1279 497 1344 sisorte
506 1281 584 1348 licina.
594 1297 662 1328 unos.
673 1305 705 1317 -
715 1283 767 1345 ²76.
776 1285 816 1328 r'tu't
831 1283 917 1329 Zuliclr.
923 1287 997 1346 jactos
1007 1299 1066 1336 unus
1079 1303 1117 1348 ap.

84 1349 196 1395 Pieriam.
207 1374 240 1385 -
250 1347 371 1412 377.fi)rte
379 1353 454 1412 Bigor-
465 1368 478 1396 a
489 1367 520 1396 an.
530 1368 566 1414 pr.
580 1363 603 1397 et
612 1351 642 1398 al.
648 1351 711 1414 fhrte
722 1351 782 1397 anolo
797 1349 884 1397 Zuli'ch¹
897 1369 940 1414 pro
951 1369 998 1399 var.
1009 1354 1063 1400 lect.
1075 1371 1119 1418 op·

83 1415 151 1479 pl‘tcat
160 1421 237 1480 Sprot.
250 1419 314 1480 quod
323 1421 400 1464 llurm.
410 1421 519 1483 praelerre
529 1421 601 1466 malit.
613 1421 727 1483 Equidem
738 1425 783 1467 vim
799 1438 824 1466 ac
838 1421 947 1468 virtutem
956 1422 1062 1468 lectionis
1071 1425 1125 1468 non'

85 1490 158 1550 capio.
176 1510 208 1525 -
226 1488 279 1551 378.
297 1492 337 1553 qui
354 1503 402 1534 non
420 1493 523 1552 agnoseit
540 1492 623 1538 Monet.
638 1509 673 1554 pr.
695 1504 719 1538 et
737 1506 792 1539 tane
812 1494 948 1538 concinnius
966 1493 1119 1555 subintelligi·

86 1565 129 1606 tur.
138 1573 161 1604 v.
174 1559 253 1605 lleins.
263 1581 295 1594 --
303 1558 356 1620 376.
368 1575 459 1622 equore
475 1561 567 1622 Meaag.
578 1577 614 1622 pr.
633 1573 655 1607 et
670 1576 716 1607 aec.
728 1560 836 1606 llottend.
846 1585 877 1596 -
889 1559 941 1606 380.
952 1569 1037 1606 etanta
1051 1577 1121 1625 penus

86 1626 178 1674 sustulit
186 1629 312 1674 Burmann.
323 1631 455 1676 auctoribus
464 1628 530 1676 libris
541 1629 655 1676 Montalb.
668 1611 749 1676 llamlr.
762 1629 802 1675 alt.
812 1631 887 1692 Bigot.
899 1630 929 1675 cl.
942 1641 991 1676 not.
1002 1629 1060 1675 obl.
1073 1647 1120 1676 mo·

87 1775 208 1846 componi
215 1813 225 1842 ,
248 1793 306 1847 qua
318 1776 441 1830 ordinata
456 1791 482 1830 et
501 1779 582 1832 abso·
629 1797 654 1832 v.
668 1779 714 1833 lib.
734 1779 776 1844 ll,
797 1769 847 1849 '293
869 1791 895 1831 et
917 1777 952 1830 ad
971 1777 1036 1848 (2.1.
1059 1778 1120 1831 Ere.

87 1853 143 1908 luta
154 1855 188 1906 de
207 1873 288 1907 manu
302 1856 467 1928 deponimus.
488 1860 582 1929 Neque
665 1859 725 1912 380.
749 1857 878 1909 Fabulam
893 1870 974 1928 poeta
991 1859 1122 1927 sequitur,

87 1933 171 1986 simile
184 1946 223 1986 est
236 1935 317 1987 illud:
331 1935 439 1986 condere
448 1935 534 2002 diem,
554 1950 583 1988 ut
631 1956 685 2010 qua
695 1938 835 1990 Dardanus
846 1957 861 1988 a
870 1935 979 1987 Coritho
988 1935 1122 2008 Tyrrheno

88 2013 142 2066 Ecl.
154 2032 188 2085 9,
211 2013 243 2068 52
263 2015 373 2067 condere
383 2013 461 2080 soles,
475 2029 501 2068 et
517 2016 584 2068 illud
632 2033 714 2088 genus
727 2016 824 2068 ducere
835 2015 970 2067 ferebatur
978 2051 988 2078 ,
1000 2033 1061 2066 cum
1073 2013 1124 2065 Co·

88 2095 207 2148 Horatii:
222 2097 317 2148 Condit
327 2095 437 2167 quisque
449 2096 518 2146 diem
529 2095 584 2148 col·
632 2097 723 2168 rythus
731 2094 942 2146 Samothraciam
952 2095 979 2144 in
987 2111 1047 2145 eum
1056 2108 1125 2146 esset

12 2233 13 2252 Χ
89 2171 156 2226 titos
169 2174 197 2225 t'rt
215 2175 284 2238 suis,
302 2174 349 2241 lv,
369 2173 399 2241 5,
421 2191 462 2244 ²9·
476 2175 545 2226 Nam
556 2177 585 2226 in
633 2175 777 2228 translatus
790 2171 961 2224 similitudine
968 2173 1124 2222 nominisv.

12 2271 13 2301 ;
89 2251 129 2306 his
141 2251 293 2318 occultare,
311 2265 415 2325 tegere,
429 2264 484 2313 est,
505 2253 587 2305 adeo·
633 2255 691 2308 AEn.
704 2254 768 2316 Vll,
791 2251 841 2305 205
857 2269 916 2319 sqq.
930 2251 980 2316 240
996 2267 1035 2320 sq.
1048 2252 1125 2319 Vlll,

90 2352 141 2405 qne
154 2335 258 2406 exigere
269 2333 353 2395 diem,
366 2333 452 2386 donec
464 2334 504 2385 sol
515 2337 586 2386 oeci·
639 2333 697 2401 234.
710 2350 749 2402 sq.
764 2331 832 2384 adde
846 2331 896 2394 lll,
920 2331 984 2400 167,
997 2333 1027 2395 8,
1039 2332 1088 2408 nbi
1099 2351 1124 2384 u.

13 2473 14 2478 ¹
91 2411 167 2465 derit.
633 2415 741 2466 Euctus.
764 2413 809 2462 lll.
828 2411 896 2462 ilino
913 2410 960 2462 lib.
977 2412 1040 2476 Vll,
1057 2427 1124 2466 122:

134 2491 306 2562 375.-377.
344 2491 422 2562 Treja
453 2493 584 2564 antiqua,
634 2493 798 2555 Hicdomus,
812 2489 1062 2560 lraecpatriaest.ll,
1075 2495 1126 2546 620

14 2633 15 2640 ἵ
92 2570 229 2642 epitheton
252 2589 313 2622 cum
330 2567 430 2622 dilectu
449 2573 585 2641 positumt
636 2584 722 2624 tutum
752 2572 840 2643 patrio
862 2581 885 2620 te
917 2567 1008 2622 limine
1029 2570 1125 2624 sistam.

92 2661 166 2702 tanto
176 2651 276 2703 clarior
287 2648 361 2700 urbis
379 2649 451 2700 fama
463 2667 520 2702 esse
538 2649 587 2700 de·
635 2654 768 2704 Hactenus
778 2650 854 2701 ltalia
866 2647 905 2700 est
919 2649 1005 2700 AEneie
1024 2652 1125 2720 patria;
1224 2703 1229 2714 ,

92 2729 155 2797 bet,
173 2750 227 2802 qno
241 2731 374 2800 antiquior
383 2729 430 2781 illa
441 2743 488 2782 est.
505 2731 527 2782 ei
540 2745 590 2801 per
636 2743 662 2784 at
673 2728 801 2782 hactenus
811 2745 893 2800 penite
904 2745 920 2775 a
929 2728 993 2778 Jove
1005 2727 1126 2798 ductum,

92 2829 167 2868 aum
180 2812 229 2876 iit,
241 2811 354 2862 variavit
362 2809 486 2880 vulgare:
500 2811 589 2879 siper·
635 2811 662 2864 h.
676 2829 698 2862 e.
711 2811 819 2878 stirpem
832 2819 857 2860 et
879 2809 1006 2879 originem
1024 2813 1126 2882 generis

94 2893 165 2946 venit
191 2891 227 2945 ad
253 2905 330 2943 aures
353 2901 463 2942 vertras.
490 2889 589 2940 dicem
637 2889 727 2941 aloto
740 2887 828 2950 ducti,
841 2888 1127 2955 quatennsDardanus,

94 2989 215 3045 equora,
228 2971 314 3041 simpl.
326 2969 379 3022 alia
388 2971 433 3020 ria
444 2985 524 3038 quam
536 2985 590 3040 qua
636 2967 709 3018 Jovis
721 2964 789 3016 lilius
803 2981 834 3016 ex
845 2965 967 3028 Electra,
984 2978 1010 3016 et
1026 2970 1127 3037 generis

94 3053 143 3104 iter
157 3049 335 3123 parabamus3
360 3065 392 3100 ex
413 3046 481 3112 illis,
499 3046 589 3098 oluit
638 3057 748 3109 auctor,
764 3061 796 3097 ex
807 3043 883 3095 ltalia
895 3041 1021 3095 oriundus
1032 3059 1078 3096 est.
1093 3049 1126 3097 ef.

95 3127 193 3196 iipett,
216 3127 285 3183 ἄλλων
312 3124 378 3187 idle,
406 3123 468 3177 &aa
488 3121 591 3176 κέλευθα
638 3125 683 3188 111,
692 3124 728 3193 94
739 3139 797 3194 sqq.
809 3120 861 3173 hoc
872 3122 1091 3192 quoerit‚petit,h.
1105 3145 1127 3177 e.

96 3211 223 3275 Ἦλθομιι.
242 3217 376 3279 tempestat
386 3201 508 3277 appulit,
526 3201 591 3273 ὑδρο
639 3216 751 3267 terram,
761 3205 791 3255 in
803 3217 856 3271 qua
867 3203 1020 3272 progenitor
1033 3202 1077 3256 ille
1090 3221 1131 3254 or·

97 3283 190 3341 uiuet
217 3287 291 3352 κῦμα.
315 3295 380 3339 sorte
408 3302 472 3348 tua,
507 3301 591 3352 casn,
640 3296 695 3336 runt
704 3281 841 3334 habuerat.
855 3282 889 3332 At
900 3282 1062 3338 Burmannus
1072 3303 1130 3337 eam

99 3367 206 3438 qualern
228 3375 371 3436 tempestas
394 3363 492 3415 afferre
515 3360 590 3414 solet.
640 3363 770 3414 rationein
788 3363 920 3432 sequitur,
937 3372 967 3411 ut
985 3380 1067 3433 penus
1084 3381 1131 3414 no-

98 3446 199 3498 flabnit
210 3447 239 3496 in
249 3443 306 3507 his,
329 3459 409 3512 qnam
421 3451 592 3510 sequeretur,
641 3438 760 3492 minandi
780 3453 844 3492 casu
861 3441 977 3510 positum
995 3444 1129 3513 accipiat:

100 3535 181 3594 poeta
196 3523 344 3575 orationem
356 3520 455 3591 Ulyssis
471 3517 506 3570 ad
516 3516 594 3591 Poly·
641 3536 688 3592 eqo
708 3517 820 3582 AEaeos,
840 3537 923 3592 penus
938 3540 955 3570 a
969 3519 1049 3588 Jove,
1066 3521 1092 3574 h.
1106 3543 1129 3576 e.

17 3625 18 3630 ,
99 3603 227 3676 Phemum
241 3602 292 3656 03,
307 3621 314 3652 ,
321 3639 328 3663 ²
345 3601 395 3671 259
407 3619 465 3670 sqq.
640 3599 731 3663 lovis,
744 3609 772 3648 ut
782 3597 822 3663 V,
835 3597 882 3666 45,
905 3613 992 3670 quaero
1008 3605 1130 3671 patriam.

136 3681 196 3752 378.
213 3682 278 3734 Sum
289 3681 353 3752 pius
371 3679 474 3730 AErteat.
494 3693 519 3729 v.
532 3679 593 3732 Ere.
642 3677 708 3745 Quae
727 3679 795 3729 ratio
815 3690 864 3748 per
883 3695 911 3731 te
923 3689 962 3731 est
975 3679 1064 3745 bona,
1086 3678 1133 3732 sed

102 3760 137 3814 ad
152 3761 216 3812 lav.
233 3760 510 3832 piutestteligiosus,
529 3773 596 3828 qno·
643 3753 712 3808 dura
730 3769 770 3809 est
790 3759 889 3821 oratio,
919 3769 946 3810 et
965 3757 1021 3809 haec
1044 3761 1132 3829 stirpis

102 3841 174 3891 uiam
192 3842 282 3892 omnia
302 3838 337 3892 ad
356 3838 467 3892 deorum
488 3835 597 3889 oracula
644 3838 798 3890 memoratio
822 3835 912 3908 paullo
933 3839 1036 3900 serius,
1055 3854 1134 3906 quam

18 3927 19 3930 ’
104 3930 262 3989 exsequutus
294 3929 342 3970 est.
372 3918 466 3988 ltaque
498 3925 596 3968 castum
645 3915 748 3986 reliqua
763 3916 931 3981 oratiuiert,
949 3913 1044 3982 stdrjici
1061 3911 1134 3984 vides

104 3993 170 4049 dixit
191 3997 283 4050 Horat.
305 3995 335 4045 C.
357 3993 382 4047 S.
404 3997 445 4062 42.
478 3994 596 4052 Pratitas.
645 4004 707 4062 tarr
934 4077 949 4132 8
