2742 4586
345 229 596 302 'AEuuluos
619 239 772 302 LIBER
796 241 844 305 ll.
1062 246 1123 310 223

123 363 225 440 Ecce,
240 381 357 424 manus
365 360 524 450 juvenem
536 363 660 426 interea
672 381 747 451 post
758 381 848 452 terga
861 366 1043 432 revinctum

80 470 231 532 Pastores
244 487 363 554 magno
376 465 418 530 ad
431 489 542 554 regern
555 468 696 532 clamore
709 469 882 535 trahebant

80 571 296 638 Dardanidae:
310 573 368 662 qui
381 595 416 638 se
429 574 581 660 ignotum
594 575 803 640 venientibus
815 577 917 657 ultro,

81 681 154 745 Hoc
167 681 279 768 ipsum
291 697 328 744 ut
340 696 494 760 strueret,
508 680 711 770 Trojamque
723 684 866 770 aperiret
876 683 1022 766 Achivis,
1098 701 1130 748 ιι

79 783 269 865 Obtulerat‚
283 785 390 850 fideus
403 787 518 865 animi,
532 803 632 876 atque
646 789 680 851 in
692 805 871 878 utrumque
883 808 1028 879 paratuS‚

79 892 146 955 Seu
158 915 289 956 versare
303 891 412 971 dolos,
425 914 485 956 seu
498 909 595 958 eertae
608 894 805 959 occumbere
818 897 926 960 morti.

81 995 243 1085 Undique
255 996 384 1061 visendi
397 997 507 1064 studio
519 1000 663 1089 Trojana
670 999 828 1089 juventus

81 1103 289 1168 Circumfusa
302 1104 368 1167 ruit
374 1119 589 1194 ,certantque
604 1103 755 1170 inludere
768 1122 874 1194 capto

81 1209 209 1296 Adcrpe
221 1231 312 1272 nunc
324 1211 475 1274 Danaum
488 1210 637 1292 lusidius
652 1228 685 1277 et
697 1235 834 1277 crimme
847 1212 888 1277 ub
902 1237 968 1276 uno
1101 1229 1130 1275 es

79 1307 180 1371 Disce
193 1307 309 1370 omnis,

109 1465 148 1528 57.
165 1481 234 1511 ιιιιιιιιι
243 1463 378 1512 Montalb.
364 1479 474 1526 Juvenum
490 1465 538 1511 duo
549 1482 586 1527 ap.
596 1467 675 1512 Burm.
692 1482 746 1512 curn
755 1468 880 1514 Rufiniano
894 1465 952 1513 'edit
965 1469 1045 1530 Stepb.·
1060 1471 1128 1518 male.

79 1562 111 1573 --
134 1539 171 1599 59.
191 1537 345 1583 Dardanidem
361 1553 392 1582 sc.
412 1553 504 1597 regern,
523 1553 560 1599 ap.
577 1538 656 1583 Barth.
674 1538 770 1584 Advers.
786 1541 841 1594 ΧΗ,
861 1554 886 1594 2,
908 1555 921 1585 e
940 1553 1040 1602 quatuor
1056 1540 1129 1589 libris.

78 1612 131 1672 quis
147 1624 171 1654 se
187 1611 294 1663 Servius,
313 1624 366 1654 curn
385 1621 475 1670 septem
490 1608 554 1670 apud
572 1609 651 1654 Heius.
669 1621 692 1654 et
710 1610 775 1655 Leid.
787 1613 840 1670 'pro
852 1626 900 1656 var.
918 1609 971 1655 lect.
992 1611 1061 1657 Goth.
1075 1625 1129 1659 tert.

79 1694 143 1723 arn.-
160 1696 196 1741 pr.
219 1695 262 1742 pro
284 1678 379 1743 quibus;
400 1679 465 1742 quod
486 1678 594 1741 placebat
613 1677 690 1724 Tollio
706 1680 736 1725 ad
757 1681 842 1726 Ausou.
863 1695 887 1742 p.
906 1681 959 1726 566.
974 1680 1016 1726 sed
1035 1681 1130 1744 vulgata

80 1749 159 1796 lenius
169 1749 280 1796 decurrit.
290 1776 322 1786 -
334 1751 373 1798 60.
393 1760 419 1796 ut
434 1750 501 1797 deest
514 1751 599 1797 Moret.
618 1767 654 1813 pr.
671 1754 792 1797 imbueret
804 1751 873 1797 Goth.
888 1763 941 1797 tert.
955 1752 1075 1817 fidensque
1093 1772 1130 1817 pr.

78 1823 165 1868 Monet.
172 1821 249 1883 fidens
266 1826 340 1869 animo
349 1824 474 1869 Romanus.
489 1823 521 1868 ad
531 1831 657 1886 unumque.
675 1823 773 1870 Oudart.
785 1841 807 1869 v.
819 1825 945 1870 Burmann.
961 1824 1025 1886 quod
1035 1826 1131 1888 vulgare

78 1893 148 1939 loret.
159 1894 237 1940 -62
249 1910 339 1941 versare
355 1892 405 1941 doto
420 1895 525 1956 longob.
542 1896 651 1942 llotteud.
664 1911 719 1940 am.
733 1913 769 1958 pr.
785 1897 861 1958 Sprot.
879 1912 922 1957 pro
939 1896 986 1948 div.
1005 1900 1130 1960 scriptura.

79 1964 147 2010 Leid.
160 1980 214 2010 arn.
223 1980 285 2020 sec,
299 1966 386 2028 quibus
398 1965 458 2011 adde
472 1967 587 2012 Servium.
602 1967 652 2011 lloc
664 1967 695 2010 ita
708 1964 755 2010 dici
766 1971 834 2027 pos'se
854 1965 923 2011 docet
934 1966 1076 2022 Burmann,
1086 1983 1130 2014 nec

80 2035 110 2080 de
124 2051 153 2080 eo
166 2035 300 2083 dubitatur:
313 2036 463 2100 quid?quod
478 2038 546 2084 etiam
561 2037 673 2083 doctius
667 2050 698 2082 tta
711 2036 815 2082 dicetur.
833 2052 922 2082 versare
938 2035 994 2082 dolis
1009 2041 1133 2101 Trojanos,

80 2108 131 2161 uti,
141 2112 343 2153 versaream'mum
358 2107 468 2164 consiliis,
484 2112 545 2154 curis
561 2125 620 2170 pro,
633 2124 700 2154 curas
713 2110 805 2163 anim03
817 2120 844 2153 ut
860 2120 882 2153 et
900 2109 985 2163 Graeci,
997 2125 1019 2153 v
1032 2126 1052 2153 c.
1066 2111 1132 2172 quod

79 2140 189 2222 modom
198 2178 392 2225 manuhabemur
400 2178 544 2242 ‚Trypbiod
560 2195 601 2225 rra
614 2173 682 2226 Alrlt
682 2171 1037 2241 pidarpothcttiotsseutim'
1028 2175 1131 2226 ιιίισιιι.

79 2251 110 2290 At
122 2245 146 2290 h.
159 2245 175 2290 l.
186 2246 268 2294 ultima
278 2248 355 2296 littera
367 2266 380 2294 a
390 2252 509 2313 sequentis
520 2265 571 2296 voc.
584 2250 651 2295 initio
663 2250 791 2310 intercepta
803 2263 851 2294 esse
863 2241 964 2294 videtur.
975 2257 1042 2293 certe
1051 2254 1131 2305 morti,

80 2318 164 2379 quod
158 2334 207 2380 ipsa
220 2322 279 2366 ratio
291 2321 446 2378 monstrabat
459 2323 538 2368 lleins.
553 2323 643 2383 recepit
658 2336 685 2365 ex
701 2321 778 2365 Nonio
792 2319 905 2365 Marcello
913 2321 1034 2380 ‚Lo.ugob
1046 2323 1132 2384 Pieril‚

80 2388 166 2434 Moret.
180 2405 226 2435 sec.
240 2402 263 2436 et
275 2392 384 2438 Rottend.
396 2405 450 2438 tert.
461 2391 539 2454 Vulgo
555 2401 622 2438 certe.
636 2390 750 2438 Notabilis
761 2392 885 2452 Pomponii
896 2390 975 2436 Sabini
986 2404 1056 2436 uota:
1072 2373 1132 2438 carle

80 2458 219 2505 adverbium
232 2473 280 2507 est.
275 2478 280 2488 ·
290 2463 323 2507 sic
336 2461 392 2524 legit
403 2465 559 2526 Apronianus.
564 2488 596 2498 -
605 2463 643 2518 64.
653 2471 768 2525 certatque
777 2462 894 2506 Romanus
903 2461 970 2505 Witt
984 2472 1007 2506 et
1016 2461 1132 2517 Parrhas„

79 2527 121 2572 sed
132 2527 232 2574 alterum
242 2530 341 2576 doctius.
354 2533 431 2578 -65.
442 2534 525 2596 Aspice
533 2533 645 2590 Dorvrll
657 2532 725 2592 male.
743 2531 827 2594 Accipe
839 2542 872 2576 est
885 2530 954 2585 audi,
966 2542 993 2575 ut
1004 2547 1072 2593 saepe
1086 2535 1132 2577 cri·

79 2599 176 2645 manat.
188 2619 211 2646 ιι.
223 2602 260 2648 ed.
270 2604 335 2648 Juut.
348 2605 524 2652 Habuitidem
517 2621 594 2652 msuo
606 2569 688 2652 codice
700 2607 818 2650 Donatus:
832 2602 917 2666 legitur
932 2604 990 2649 etin
1008 2606 1131 2651 Serviauis

79 2672 338 2736 tedabiuterpolatore
351 2689 400 2722 est·
412 2678 469 2724 Α.ιι
472 2679 517 2722 ..D
531 2679 622 2724 insidias
638 2687 661 2724 et
676 2680 775 2732 crimem
769 2675 815 2722 ab
825 2691 869 2722 uno
879 2675 946 2722 Disce
960 2691 1043 2722 omnes.

117 2820 160 2890 57.
185 2822 225 2874 De
245 2822 343 2878 Sinone
362 2827 531 2897 episodium:
556 2849 580 2881 v.
632 2845 693 2878 curn
714 2825 842 2894 adjuncta
862 2825 988 2887 notione,
1010 2823 1134 2888 efficere,

79 2901 189 2952 Excurs.
207 2903 250 2953 lv.
272 2924 333 2955 eum
352 2906 501 2972 trabebant,
521 2929 581 2960 cum
631 2906 666 2956 ad
679 2907 777 2958 exitum
788 2901 943 2972 perducere.

79 2981 253 3034 festinatione
275 2983 460 3051 adducebant,
480 3001 509 3038 ut
529 2990 581 3055 vl,
666 2984 708 3036 63.
722 2983 764 3049 64.
781 2982 907 3034 Ornatius
921 2997 1001 3049 quam
1015 2981 1133 3046 Quintus

81 3059 132 3126 753
153 3061 300 3113 Conventus
321 3064 404 3114 trabit
427 3066 454 3116 in
475 3065 578 3118 medios.
629 3063 685 3114 Cal.
700 3063 762 3125 ΧΠ,
779 3061 830 3114 356
847 3061 947 3112 ἄλλοθεν
961 3057 1132 3126 instantiores

79 3136 152 3188 Serv.
630 3137 789 3194 immolantes
805 3136 953 3210 wimadi.
972 3139 1133 3208 circumfusa

116 3216 245 3286 59—62.
259 3222 311 3287 Qui
330 3240 357 3274 se
375 3224 406 3273 iis
419 3223 489 3274 ultro
503 3224 581 3276 obtu-
631 3221 702 3284 ruit,
716 3233 824 3284 ornate,
837 3217 888 3290 pro
900 3219 1132 3270 circumfunditur.

80 3296 157 3349 lerat.
174 3291 286 3370 Reliqua
300 3302 480 3372 amplificandi
497 3317 522 3355 et
540 3323 582 3355 or·
630 3309 734 3350 certant
744 3299 856 3350 illudere
866 3309 941 3369 capto
951 3336 959 3361 ,
971 3297 998 3350 h.
1013 3318 1035 3350 e.
1044 3311 1134 3360 ,certa-

80 3379 164 3429 nandi
173 3379 262 3431 studio
273 3381 386 3450 adjecta.
399 3382 446 3434 boc
457 3383 541 3452 ipsum
553 3394 584 3434 nt
631 3382 677 3430 tim
687 3377 814 3443 illudunt,
826 3378 994 3430 contumeliis
1003 3378 1133 3444 afliciunt,

79 3467 204 3524 strueret,
218 3477 255 3512 sc.
267 3474 296 3511 ut
306 3463 484 3514 adduceretur
494 3463 528 3516 ad
541 3484 582 3516 re·
631 3457 753 3524 αἷκῖξῦυσι·

80 3557 148 3607 gem.
173 3550 271 3593 struere
294 3561 352 3593 voc.
378 3543 534 3594 insidiarum
556 3556 583 3595 et
666 3537 1133 3602 65.Abunocriminediseeomnes,

81 3618 145 3668 doli.
159 3637 183 3669 v.
194 3617 384 3692 Cerdafidens
396 3621 482 3672 ιιιιίιιιὶ
493 3625 583 3692 exqui-
632 3620 759 3688 exquisite
772 3637 822 3689 pro
833 3620 936 3691 vulgari
944 3637 976 3670 ex
984 3621 1062 3670 unius
1076 3637 1133 3670 sce-

82 3700 156 3748 titius
177 3715 274 3767 quam,
290 3700 395 3761 animo,v
416 3713 441 3752 et
461 3701 514 3752 boc
533 3720 582 3772 pro
632 3697 702 3764 lere,
719 3699 782 3750 eth.
803 3700 820 3752 l.
843 3698 951 3769 quidem
970 3697 1081 3762 fraude,
1101 3715 1133 3749 ex

82 3779 218 3847 prosaico:
229 3781 318 3829 animo
327 3779 482 3842 fidenti;vel
490 3781 583 3848 fidens,
633 3797 687 3829 uno
706 3779 844 3850 exemplo,
857 3797 1004 3852 cognosce,
1023 3777 1132 3848 quales,
1204 3790 1205 3794 ’

83 3856 229 3909 conlidens.
250 3876 348 3909 versare
365 3858 451 3924 dolos,
465 3873 507 3927 ut,
522 3879 586 3915 eon·
635 3877 715 3929 quarn
738 3859 832 3930 perlidi
852 3877 942 3911 omues
964 3859 1050 3912 Danai
1070 3858 1130 3908 sint.

85 3936 159 4006 tilia,
181 3955 277 4005 curas,
296 3937 323 3988 h.
342 3957 365 3990 e.
390 3941 505 4010 agitare,
518 3937 544 3989 h.
566 3938 583 3989 l.
635 3939 676 3990 lta
688 3939 842 4010 simpliciter
853 3940 964 4010 accipio.
