2694 4574
239 247 280 314 26
575 242 942 326 ntsoursirtot
1022 271 1025 287 ι

235 390 361 456 nopere
389 365 530 454 probare
563 365 678 429 debuit
708 367 815 431 cultus
847 369 1006 454 Augustei
1041 370 1172 449 saeculi,
1213 395 1285 461 quo

236 474 426 562 simplicitas
441 472 578 550 inculta,
595 488 628 536 et
640 471 774 536 horrida
788 471 956 536 interdum
969 475 1105 538 Homeri
1120 492 1284 556 vetustas,

154 585 183 594 ”
237 599 294 646 aut
319 581 406 644 iners
434 581 586 666 languor,
611 579 712 643 niodo
737 578 780 643 ad
806 579 1031 646 honestiorem
1057 599 1090 647 et
1114 585 1284 648 mitiorem

238 686 364 772 cultum
386 709 405 749 a
425 689 578 764 Marone,
603 683 704 749 modo
723 684 1019 773 adelegantiorem
1039 705 1210 775 ornatum,
1227 707 1286 754 aut

237 791 280 856 ad
305 793 523 857 incitatiorem
552 793 620 854 vim
648 807 830 879 temperata
858 809 916 856 est.
949 795 1021 857 Hoc
1048 790 1185 857 nomine
1214 795 1285 882 ipse
1334 841 1335 852 ,

151 964 153 968 ,
237 901 354 962 AEncas
384 896 680 963 commendabilior
712 896 829 980 uideri¹
849 899 958 985 potuit
984 923 990 960 :
1024 899 1179 963 omnibus
1213 899 1285 988 ejus

146 1023 147 1026 ’
235 1004 346 1082 factiS,
371 1000 518 1067 moribus
540 1025 577 1067 ac
602 987 699 1066 dictis
722 1003 827 1091 major
848 1003 967 1091 aliquis
985 1003 1200 1068 humanitatis
1215 1005 1284 1068 cul-

237 1126 290 1174 tus
311 1110 411 1188 inest3
431 1125 606 1196 apparatus
618 1113 737 1172 'rerum
756 1109 1049 1190 sunt-ornatiores,
1072 1099 1284 1189 ornamenta,

238 1213 391 1300 dignitas,
405 1213 562 1301 splendor
574 1231 607 1278 et
619 1213 794 1301 elegantia,
805 1215 1054 1300 μεγαλοίτρέπειι,
1069 1213 1127 1278 sed
1141 1215 1285 1278 heroum

236 1321 388 1409 personis
416 1319 530 1407 digna,
557 1314 708 1384 illustrat.
739 1320 824 1402 Quae‘
847 1318 983 1408 quidem
1010 1343 1061 1384 res
1088 1321 1122 1382 in
1150 1321 1285 1408 longam

238 1415 495 1513 disputationem
523 1424 645 1490 adduci
670 1441 797 1513 posset,
826 1425 853 1489 si
875 1425 977 1488 animi
998 1427 1100 1512 magis
1124 1425 1284 1505 lubitum,

130 1553 147 1622 j
214 1546 337 1620 'quam
358 1531 545 1620 scriptionis
567 1531 742 1596 consilium
764 1531 1111 1619 prosequiniallemus
1130 1535 1194 1614 (1);
1217 1555 1287 1595 mo-

237 1661 353 1702 nemus
379 1639 513 1718 saltem‚
547 1639 726 1727 unicuique
758 1639 931 1726 Virgiliani
963 1639 1116 1702 carminis
1144 1640 1285 1703 virtutes

238 1744 300 1806 rite
324 1745 523 1808 aestimaturo
547 1744 612 1808 alte
632 1743 698 1812 hoc
719 1744 822 1808 menti
843 1742 986 1808 insidere
1011 1743 1148 1824 debere,
1177 1761 1215 1808 ut
1236 1767 1284 1808 re·

150 1887 152 1891 .
235 1857 347 1936 putet,
375 1874 439 1940 qua
465 1866 575 1930 aetate,
604 1845 726 1938 quoin
749 1852 891 1939 populo,
919 1875 985 1940 qua
1009 1853 1044 1914 in
1072 1851 1172 1930 urbe,
1201 1873 1284 1940 quos
1334 1853 1335 1902 ἶ

238 1957 325 2020 inter
343 1956 494 2020 homines
509 1972 607 2044 poeta
621 1957 751 2035 vixerit,
773 1980 873 2044 quem
891 1956 969 2020 inde
988 1957 1134 2022 colorem
1151 1981 1285 2022 carmen
1334 1951 1335 1956 ¹

206 2138 209 2148 ‚
240 2063 310 2152 ejus
323 2062 466 2142 duxerit,
485 2082 536 2143 ut,
557 2063 617 2128 etsi
632 2065 722 2128 salvo
740 2080 773 2128 et
787 2065 915 2152 integ'ro
929 2063 1140 2128 heroicorum
1153 2080 1284 2152 tempo·
1334 2121 1335 2154 3

240 2191 441 2248 nummore,
464 2171 580 2256 purior
600 2185 724 2248 tamen,
747 2169 918 2248 mundior,
940 2187 973 2232 et
993 2169 1180 2257 castigatior
1201 2187 1285 2234 esset

220 2293 222 2296 ·
241 2275 393 2338 carminis
404 2273 549 2354 habitus,
565 2275 705 2338 affectus
721 2291 753 2338 et
769 2279 854 2354 πάθη,
870 2275 933 2338 alia
946 2274 1126 2349 mitiorem,
1138 2273 1201 2337 alia
1216 2297 1285 2360 gra·

238 2379 365 2442 viorem
395 2397 546 2462 naturam
578 2381 786 2467 omninoque
819 2379 964 2444 cultioris
999 2381 1060 2443 aevi
1092 2378 1285 2468 dignitatem

239 2475 425 2562 haherent,
444 2483 651 2572 herournque
677 2493 803 2564 mores,
829 2486 1000 2550 sententiae
1025 2509 1063 2550 ac
1091 2484 1195 2564 dicta,
1226 2487 1286 2548 etsi
1334 2493 1335 2548 ζ

127 2659 132 2669 .
201 2654 202 2657 ,
240 2585 381 2655 heroicae
399 2589 486 2651 aetati
505 2592 925 2680 consentanea,'spirarent
941 2608 1051 2656 tamen
1071 2591 1186 2655 nescio
1206 2590 1286 2680 quid
1334 2583 1335 2612 l

250 2869 258 2878 -
273 2840 312 2911 (1)
323 2838 427 2912 Scripta
444 2842 500 2895 haec
513 2859 601 2911 erant,
619 2865 700 2917 quum
709 2848 738 2898 in
786 2848 841 2911 nit,
857 2835 1080 2914 carmen'epicum
1090 2845 1147 2912 jam
1159 2857 1239 2894 antea
1253 2843 1286 2895 ab

239 2939 333 2972 manus
350 2924 491 2976 sumsimus
506 2925 622 2990 Hurdii,
635 2927 739 2998 elegan-
785 2926 871 2976 Ennio
885 2937 1014 2976 tentatum
1031 2925 1127 2988 fuisso,
1144 2923 1287 2974 Annalium
1334 2969 1335 2972 ,

240 3001 333 3050 tissimi
352 3002 470 3052 Britanni
493 3001 591 3071 (nunc
611 3005 738 3075 Episcopi
785 3003 851 3056 libb.
869 3006 928 3068 XL,
951 3001 1024 3073 quod
1046 3021 1109 3054 sane
1129 3001 1287 3055 historicum
1334 3063 1335 3066 Ἴ

239 3083 458 3140 Worcestriensis
466 3085 638 3154 gravissimi),
647 3085 738 3154 dispu-
786 3085 875 3152 potius
890 3084 954 3146 fuit,
969 3101 1048 3150 quam
1064 3084 1185 3152 epicum,
1200 3083 1287 3133 multis

239 3161 367 3211 tationem
391 3161 424 3212 de
447 3162 594 3212 imitatione
612 3165 737 3230 poetica,
787 3173 876 3212 tamen
887 3161 1031 3212 luminibus
1040 3174 1066 3211 et
1075 3161 1220 3212 virtutibus
1231 3181 1288 3232 pro-

241 3241 288 3308 qui
299 3239 425 3308 praeclare
443 3259 499 3304 rem
511 3239 632 3309 expedit,
646 3252 738 3309 quate·
786 3239 877 3290 batum
889 3252 914 3291 et
924 3239 1074 3301 laudatum
1087 3240 1140 3292 nisi
1149 3241 1223 3310 quod
1233 3258 1287 3291 ser-

240 3317 738 3388 nusetrerumapoetistractandarum
786 3337 830 3368 mo
842 3319 982 3385 horridus,
995 3322 1130 3390 ingenium
1143 3321 1219 3372 nulla
1231 3333 1286 3377 arte
1334 3351 1335 3360 κ

171 3420 175 3427 ’
241 3409 268 3448 et
277 3399 444 3466 ingeniorum
455 3409 556 3448 tantam
566 3399 635 3447 inter
644 3414 672 3447 se
681 3415 737 3448 esse
787 3398 945 3468 expolitum,
956 3413 982 3451 et
993 3417 1117 3451 versuum
1130 3401 1228 3452 inertia
1235 3407 1287 3450 've-

242 3474 397 3526 affinitatem
406 3474 739 3546 docet,utplureseadem
763 3493 764 3498 ¹
787 3479 949 3529 nustioribus
972 3477 1152 3547 displicebat:
1177 3478 1287 3550 Virgilio
1334 3503 1335 3536 i

241 3566 289 3604 aut
307 3553 401 3604 eodem
422 3555 502 3604 modo
524 3557 614 3626 eloqui
630 3571 739 3606 neeesse
787 3557 877 3626 itaque
890 3557 1172 3622 allaborandumluit‚
1188 3571 1285 3608 utcar·
1334 3581 1335 3584 ¹

241 3633 288 3689 sit;
305 3633 374 3682 bene
387 3633 466 3682 etiam
479 3648 557 3685 notas
572 3652 639 3684 verae
652 3635 739 3686 imita·
787 3653 848 3688 meu
871 3637 907 3689 ad
927 3641 1055 3706 majorem
1079 3639 1209 3690 orationis
1233 3636 1285 3693 cul·

242 3709 322 3759 tionis
336 3712 456 3778 apponit.
787 3726 858 3780 tum,
876 3734 954 3785 quem
967 3734 997 3767 ex
1009 3716 1097 3766 saculi
1112 3719 1191 3789 genio
1208 3735 1284 3788 para·
1334 3733 1335 3748 ¹

278 3787 440 3855 Adjiciamns
465 3807 536 3842 nunc
559 3791 643 3856 illud,
667 3792 738 3862 quod
788 3805 843 3843 tum
856 3793 965 3860 hahuit,
979 3794 1154 3863 eveheret,si
1168 3795 1287 3868 exempla
1334 3815 1335 3852 l

244 3885 298 3920 non
310 3869 396 3920 minus
408 3870 687 3925 inconsiderationem
698 3891 740 3924 ve·
787 3872 880 3926 Graeca
894 3875 1059 3946 exprimeret.
