2656 4592
223 299 285 364 528
472 293 507 357 r.
533 269 762 354 vinorum
787 290 1022 356 Maeonis

223 425 264 486 Et
275 419 378 486 solent
391 418 572 505 geminum,
587 431 620 478 et
632 412 772 502 duplicis
785 436 820 478 se
833 413 1011 480 ostendere
1024 415 1185 500 Thebas;
1230 433 1268 494 tra
1307 497 1308 526 1

217 533 287 594 ¹rlut
298 522 576 615 Agamemnonius
588 521 695 586 scenis
706 522 845 610 agitatus
858 523 1009 588 Orestes:

253 685 306 749 470.
324 687 369 730 Per
387 681 457 730 solem
472 681 606 745 pelleret.
625 696 650 727 se
668 679 733 727 abest
746 681 775 727 ab
790 679 844 726 edd.
861 680 913 726 tta.
930 683 996 728 lunt.
1015 692 1039 728 et
1055 683 1126 730 deest
1142 683 1211 730 cod.
1223 697 1268 732 tert.
1308 679 1309 708 ³

222 785 253 796 ..
266 758 320 818 47¹·
339 755 524 820 Apamemnonet's
540 751 611 796 Wall.
628 753 703 798 furiis
721 754 818 814 agitatus
832 750 921 814 aliquot
938 753 1011 798 codd.
1030 754 1096 815 apud
1117 756 1196 811 Pien,
1214 755 1270 818 qaod
1309 731 1310 800 l

223 847 251 876 ex
272 827 463 889 interpretatione
480 823 611 886 profectum
631 836 653 870 et
673 839 700 868 ex
719 823 760 868 lib.
779 823 827 878 ΙΙΙ,
850 823 891 869 331
915 826 1043 886 repetitum
1063 826 1136 872 facile
1155 826 1270 888 intelligas.

223 899 286 946 conl.
298 899 423 943 Burmann.
435 898 485 940 See.
496 893 526 938 ad
535 891 629 938 Anthal.
641 893 691 938 Lat.
704 907 755 955 pag.
770 909 820 955 ¹7⁰·
833 893 981 940 Nobilissima
995 896 1019 940 in
1030 895 1054 939 h.
1068 894 1085 940 l.
1100 907 1136 942 est
1146 896 1270 942 emendatio
1310 926 1311 950 ,

222 968 356 1020 Marklandi
365 967 396 1014 ad
404 969 502 1012 Statium
513 977 536 1011 et
550 967 575 1009 in
585 966 628 1026 Ep.
638 965 695 1010 Crit.
707 979 730 1026 p.
745 979 786 1026 ¹²7
796 967 916 1027 proposita
930 978 954 1012 et
965 979 1063 1012 ornata:
1078 970 1159 1014 Poenr's
1170 972 1272 1032 agitatus,
1310 955 1311 984 3

223 1043 249 1090 id
259 1054 307 1097 est,
317 1057 330 1086 a
340 1043 424 1086 Furiis.
437 1037 570 1100 Amplectar
581 1053 643 1090 eam,
654 1049 718 1084 certe
730 1049 840 1100 tanquam
851 1037 1018 1099 elegantiorem
1028 1038 1172 1095 lectionem,
1183 1053 1206 1085 et
1217 1043 1271 1102 ipse,

224 1117 244 1161 si
254 1110 396 1158 declaratum
407 1109 502 1162 videro,
518 1109 623 1152 omnium
639 1105 753 1152 librorum
769 1106 893 1152 lectionem
908 1107 996 1154 habere
1009 1108 1115 1171 aliquid,
1133 1110 1200 1172 qaod
1211 1121 1271 1171 poeta
1311 1121 1312 1148 t

223 1183 346 1244 indignum
358 1183 400 1226 sit:
415 1179 464 1224 Aut
474 1175 544 1222 ueluti
555 1178 627 1221 scenis
632 1209 639 1231 ‚
648 1189 695 1237 pro
706 1191 788 1232 meaa,
805 1180 828 1222 t'n
839 1193 905 1223 scena
918 1179 1010 1224 Orestes
1015 1179 1079 1241 fim't
1091 1195 1107 1224 a
1118 1182 1195 1224 Funis
1204 1182 1271 1242 aragi-

224 1262 297 1301 tatus:
309 1266 361 1296 cum
372 1260 416 1295 etc.
428 1249 486 1292 Nam
495 1249 567 1292 scenis
578 1249 677 1308 agitatus
684 1249 797 1309 jungere,
810 1260 833 1293 et
843 1247 946 1294 omnibus
962 1249 1076 1313 traqoeda's's
1089 1260 1160 1296 notus
1174 1252 1271 1310 accipere

224 1323 283 1390 quid
295 1321 390 1368 tandem
401 1319 481 1380 cogit?
495 1318 556 1362 Vera
569 1318 627 1362 ratio
640 1328 688 1364 est:
701 1315 795 1362 velutin
804 1333 870 1363 scena
882 1319 974 1364 Orestes
984 1319 1042 1363 furit
1052 1320 1137 1382 (quod
1147 1335 1177 1365 ex
1186 1332 1272 1363 antece·
1312 1311 1313 1396 l

223 1396 287 1441 dent.
298 1389 467 1446 eliciendum),
478 1402 549 1450 quum
555 1386 619 1450 fugit
634 1390 731 1450 agitatus
741 1403 771 1432 m.
788 1389 879 1434 Novum
891 1389 937 1434 hoe
949 1389 1039 1445 fateor,
1054 1389 1123 1451 quod
1137 1391 1167 1434 ad
1178 1387 1271 1434 fabulam

223 1465 334 1525 tragicam
350 1463 375 1506 in
387 1473 455 1504 scena
465 1455 592 1502 exhibitam
605 1468 724 1519 provocat.
745 1459 815 1516 Quod
831 1458 954 1520 displicet,
971 1460 1033 1506 forte
1047 1459 1093 1505 hoc
1107 1473 1157 1516 est,
1175 1460 1238 1522 quod
1250 1461 1271 1502 ia

223 1536 356 1582 narratione
365 1532 393 1577 ex
400 1532 476 1593 prisco
486 1545 534 1576 eso
544 1530 701 1591 interponitur
713 1529 804 1592 aliquid
816 1533 886 1576 moris
896 1534 1003 1587 serioris,
1013 1533 1130 1596 quodque
1143 1533 1205 1578 adeo
1214 1543 1271 1575 mens
1313 1543 1314 1564 ³

225 1609 255 1656 ab
269 1605 309 1652 illa
318 1603 442 1660 illecebra,
454 1617 501 1664 qua
515 1601 652 1657 tenebatur,
667 1617 720 1647 cum
733 1603 808 1648 AEneae
819 1613 842 1648 ct
851 1602 952 1648 Didonis
965 1605 1020 1650 fatis
1033 1607 1084 1667 ipsa
1096 1607 1167 1666 quasi
1178 1616 1272 1666 praesens

224 1682 358 1730 interesset,
372 1685 495 1720 revocatur
506 1687 569 1717 nune
580 1672 670 1727 subito,
684 1683 710 1716 ut
720 1671 825 1718 delusam
836 1688 860 1718 se
870 1677 963 1719 sentiat.
977 1675 1026 1720 Nec
1038 1688 1119 1720 tamen
1131 1675 1182 1719 liaec
1192 1677 1217 1719 in
1228 1677 1272 1734 ipss
1314 1698 1315 1732 ,

223 1749 369 1800 narratione,
381 1743 423 1790 sed
434 1746 457 1787 t'n
467 1746 632 1804 tompaaatsone
642 1744 778 1804 interposita
788 1753 848 1788 sunt.
866 1743 956 1802 Quidni
965 1757 1044 1790 autem
1056 1757 1128 1808 poeta
1141 1745 1188 1790 hoe
1199 1743 1236 1790 vel
1247 1740 1273 1785 ad
1314 1741 1315 1782 l

223 1817 360 1867 variandam
370 1829 449 1860 rerum
458 1813 541 1859 faciem
551 1815 619 1868 ausit,
631 1815 672 1876 qui
682 1815 749 1859 toties
757 1817 941 1875 comparationes
950 1817 977 1860 in
986 1814 1051 1860 hunc
1059 1816 1157 1861 modum
1168 1813 1274 1866 instituit,

224 1901 251 1935 ut
261 1904 289 1934 ex
302 1889 348 1933 vita
364 1885 482 1930 communi
494 1895 518 1929 et
528 1898 573 1928 usu
586 1883 706 1930 hominum
719 1883 809 1946 aliquid
819 1897 909 1946 repetat
925 1898 948 1930 et
961 1884 1005 1930 ltac
1022 1883 1125 1930 formula
1142 1895 1236 1929 utatur:
1252 1888 1275 1924 ut

222 1975 283 2022 saepe
291 1959 391 2004 uidemus
399 1969 443 2002 etc.
456 1957 504 2000 Nec
515 1954 560 2000 hoc
568 1955 628 2000 adeo
638 1954 701 2001 idem
708 1955 779 2018 plane
786 1972 839 2002 cum
848 1973 889 2013 eo,
899 1958 965 2020 quod
978 1959 1049 2004 toties
1060 1969 1168 2002 oratores
1176 1955 1273 2000 babent:

224 2031 412 2098 quemadmodum
422 2026 459 2074 ttte
468 2031 492 2072 in
502 2041 581 2082 scena,
594 2027 703 2090 infabula
713 2041 757 2074 etc.
768 2029 816 2074 Cic.
829 2045 872 2092 pro
882 2031 950 2076 llosc.
959 2031 1038 2076 Amer.
1048 2046 1070 2076 c.
1082 2030 1122 2091 67.
1134 2026 1211 2074 Nolite
1220 2028 1275 2071 essm
1315 2031 1316 2072 J

223 2113 317 2168 putare,
331 2098 528 2165 quemadmodum
538 2099 563 2143 in
575 2097 659 2144 fabulis
669 2113 828 2160 sepenumero
837 2100 935 2156 videtis,
944 2116 995 2156 cos,
1005 2103 1047 2164 qui
1054 2097 1143 2162 ahquid
1154 2100 1222 2159 impie
1230 2111 1275 2141 sce·

225 2173 338 2239 lerateque
349 2172 509 2224 commiserint,
523 2170 604 2233 agitari
613 2177 637 2213 et
646 2172 766 2230 perterreri
776 2171 897 2215 Funerum
907 2171 971 2216 toedr‘s
979 2168 1121 2215 ardentibus.
1134 2168 1165 2213 cl.
1177 2166 1274 2212 AEscliin·

225 2249 250 2291 in
258 2243 374 2292 Timareh.
386 2243 429 2306 sul)
441 2243 471 2299 f.‚
482 2241 546 2287 unde
555 2239 604 2286 haec
616 2240 760 2287 adumbrata.
774 2242 839 2288 Adde
851 2243 898 2288 Cic.
912 2242 941 2289 de
952 2245 1023 2304 legg.
1036 2242 1060 2297 l,
1073 2240 1108 2297 sd.
1118 2239 1217 2286 Scilicet
1226 2253 1275 2282 ora-

224 2331 263 2364 tor
274 2320 358 2364 excitat
373 2314 451 2362 locum
465 2330 478 2360 e
492 2311 620 2374 tragoedias
635 2323 659 2357 at
667 2323 736 2373 poeta
748 2315 841 2359 scenico
855 2325 970 2376 apparatu
983 2328 1010 2358 ac
1022 2309 1133 2356 theatrali
1142 2306 1275 2371 spectacula

224 2389 254 2435 ad
263 2389 462 2449 comparationem
471 2387 552 2431 utitur.
567 2383 683 2446 Equidem
695 2384 755 2430 nihil
765 2385 862 2432 definire
874 2386 949 2433 videri
961 2384 1033 2440 volo,
1049 2382 1091 2430 sed
1103 2393 1199 2428 tantum
1209 2379 1275 2425 dubi-
1317 2379 1318 2382 ’

223 2471 286 2514 tare,
296 2474 326 2504 an
335 2457 446 2520 Virgilius
456 2457 581 2502 oratoriam
593 2455 691 2500 formam
702 2458 804 2502 retinere
814 2455 940 2503 maluerit?
950 2456 977 2502 id
989 2455 1055 2518 quod
1065 2458 1089 2500 in
1099 2453 1197 2506 multis,
1207 2451 1276 2512 inpri-

223 2533 267 2575 mis
278 2529 446 2591 posterioribus
460 2527 562 2574 AEneidis
577 2525 655 2582 libris,
668 2528 750 2574 fecisse
764 2545 817 2575 eum
833 2544 894 2591 saepe
909 2528 1082 2574 declarabimus
1088 2544 1095 2582 ;
1113 2539 1164 2571 tum
1180 2524 1274 2569 alterum

224 2610 270 2654 est,
283 2611 377 2644 rectene
386 2599 431 2644 hoe
445 2598 547 2642 lecerit?
561 2597 650 2642 Valerii
662 2597 696 2642 Fl.
709 2598 787 2644 locum
797 2600 852 2655 Vll,
873 2599 914 2662 ¹⁴l7
929 2615 980 2663 sqq.
998 2615 1028 2644 ex
1036 2597 1168 2659 Euripide,
1185 2609 1235 2639 non
1250 2605 1275 2635 ex

222 2680 314 2724 nostro,
328 2684 376 2714 esse
389 2683 522 2730 expressum
531 2670 680 2714 manifestum
697 2683 740 2718 est.
757 2675 856 2736 agitatur
870 2672 982 2717 liottend.
995 2670 1063 2718 alter.
1073 2671 1198 2715 Donatum
1209 2668 1234 2710 in
1244 2663 1275 2708 tm

223 2803 295 2854 cunii
306 2802 385 2854 etiam
399 2802 452 2873 ipse
457 2800 538 2872 furit.
547 2803 580 2852 Et
591 2803 720 2873 Pompon.
771 2806 822 2858 sibi
842 2824 997 2871 occurrere,
1015 2822 1097 2876 seque
1118 2801 1192 2854 adeo
1205 2797 1277 2850 undi-

222 2881 284 2934 sah.
308 2881 382 2954 apud
407 2880 557 2931 Pacuuium
588 2881 724 2934 inducitur
772 2905 823 2957 que
841 2885 988 2936 terroribus
1009 2885 1125 2946 mentis,
1139 2877 1276 2952 parricidii

223 2961 356 3014 Pentheus
373 2961 484 3032 furens,
504 2961 552 3032 qui
564 2961 640 3030 vvidet
658 2961 722 3013 duos
770 2968 919 3021 inuratrem
929 2966 1067 3017 commissi
1075 2964 1210 3026 consciae,
1223 2977 1276 3011 exa·

222 3044 293 3116 Soles
304 3053 331 3094 et
341 3042 405 3094 duas
424 3039 530 3092 Thebas.
544 3041 652 3092 Pacuvii
662 3041 720 3111 qui·
770 3048 848 3117 gitari
879 3045 960 3097 videt.
990 3043 1164 3116 Tragoediam
1195 3051 1276 3112 poetae

224 3125 284 3177 dem
296 3122 389 3175 fabula
400 3121 447 3173 tali
460 3134 615 3192 argumento
629 3139 659 3172 ac
671 3140 722 3171 no·
771 3137 832 3176 ante
844 3124 937 3176 oculos
950 3125 1034 3176 fuisse
1044 3142 1094 3194 per
1108 3141 1137 3174 se
1149 3132 1243 3193 patet,
1254 3129 1278 3168 et

222 3205 293 3254 mine
311 3203 375 3255 alias
394 3213 459 3252 nota
474 3218 529 3250 non
549 3211 601 3264 est,
623 3199 670 3251 sed
690 3201 719 3250 L.
769 3204 838 3257 hene
851 3204 971 3258 Servius:
986 3201 1278 3272 APaeuvio(putoin

223 3283 292 3335 Attii
310 3279 424 3332 Bacchas
441 3291 600 3331 memoratas
613 3278 721 3345 videas,
770 3283 927 3356 Duloreste)
942 3285 1043 3336 Orestes
1054 3284 1215 3347 inducitur,
1231 3284 1279 3353 Py·

224 3386 255 3421 ex
266 3365 357 3416 Grmco
367 3358 441 3412 haud
454 3357 534 3410 dubie
544 3359 603 3409 illas
614 3376 723 3412 conver·
772 3361 837 3415 tactis
855 3363 1011 3428 admonitu,
1030 3373 1145 3434 propter
1159 3363 1280 3413 uitarsdas

224 3464 275 3498 sas.
299 3440 438 3511 Virgilium
461 3440 598 3509 exscripsit
623 3437 723 3491 Seneca
771 3443 878 3507 Furias,
894 3441 1175 3514 inqmssus(Delphis
1187 3443 1217 3494 id
1230 3445 1280 3493 fae·

224 3531 315 3599 Agam.
335 3523 385 3592 728
398 3536 472 3589 seqq.
490 3519 598 3590 agmina
610 3520 642 3569 Ε.
655 3519 722 3570 dixit
770 3537 827 3572 tum
836 3519 1121 3591 intellige)Apollt'nt's
1133 3520 1278 3592 ternplum

223 3619 254 3658 ut
265 3614 358 3675 poeta,
372 3618 465 3672 agmen
476 3599 660 3652 Eumenidum.
771 3600 840 3652 unde
849 3618 908 3651 cum
919 3597 1093 3664 miletenae,
1104 3599 1281 3654 invadebatur

259 3680 416 3752 471-473.
425 3680 532 3730 Orestes
544 3681 722 3751 Agamemno·
770 3701 786 3732 a
799 3680 891 3731 Furiis.
903 3681 933 3729 H
934 3679 976 3730 inc
988 3699 1051 3751 erqo
1064 3690 1118 3732 est.
1140 3681 1244 3732 Sedent
1256 3699 1280 3730 m

172 3818 176 3826 ,
223 3769 264 3818 nis
280 3767 299 3815 f.
313 3761 515 3833 Clytaemnestra
529 3763 620 3812 matris
636 3762 721 3812 Furiis
770 3759 1282 3832 limineDirse.Pacuviusigitur(quod

225 3848 352 3918 agitatus,
363 3841 427 3891 dum
436 3851 546 3890 matrem
555 3841 627 3891 faces
636 3840 686 3891 sibi
696 3853 722 3894 et
771 3853 797 3892 et
808 3841 907 3892 Ennius
918 3842 945 3892 in
954 3840 1153 3913 Eumenidibqs
1163 3843 1247 3903 fecit,
1258 3859 1280 3890 r.

225 3935 360 3992 serpentes
372 3921 545 3970 intentantem
555 3919 659 3989 fugiens
669 3931 722 3972 tec·
771 3922 900 3973 Columna
914 3920 948 3972 ad
960 3921 1027 3972 Enn.
1042 3922 1150 3993 Fragm.
1164 3943 1195 3992 p.
1212 3923 1259 3974 251
1273 3921 1280 3988 J

226 4016 252 4058 to
272 3999 389 4072 prosilit,
400 4000 426 4052 in
439 3996 541 4048 toribus
555 4000 617 4050 tecti
629 4000 721 4070 Furias
771 4001 885 4074 AEschyli
898 3999 1077 4068 Eumenides,
1098 4002 1283 4074 quodammo-
